1774 2930
152 148 234 189 148

653 148 861 183 HORATH
886 148 1170 184 SATIRARUM

267 248 471 291 Gaulibus
501 249 702 304 instillat,
733 250 892 292 veteris
923 264 1010 293 non
1039 265 1193 308 parcus
1225 253 1349 295 aceti.

267 318 394 368 Quali
423 321 554 377 igitur
584 321 702 363 victu
733 321 905 378 sapiens
935 325 1100 376 utetur,
1134 327 1177 366 et
1207 323 1360 366 horum

265 390 419 433 Utrum
448 391 716 434 imitabitur?
745 391 841 434 Hac
861 396 987 448 urget
1015 393 1162 450 lupus,
1194 394 1276 438 hac
1296 395 1413 438 canis
1426 427 1437 449 ,
1470 396 1602 439 aiunt.

265 461 450 504 Mundus
482 463 581 516 erit,
615 476 699 519 qua
727 477 815 505 non
846 462 1035 506 offendat
1065 465 1282 520 sordibus,
1313 470 1443 523 atque

1608 468 1667 511 65

264 532 316 575 In
344 537 541 576 neutram
570 538 738 590 partem
767 533 905 576 cultus
943 535 1087 578 miser.
1132 536 1218 579 Hic
1246 551 1388 594 neque
1419 538 1574 593 servis,

262 603 412 647 Albuti
443 605 560 648 senis
592 605 810 662 exemplo,
842 604 944 647 dum
973 606 1121 649 munia
1151 607 1279 663 didit,

241 735 298 769 65.
323 735 386 776 qui
409 734 520 780 bScp‚
545 745 674 771 omnes
699 735 862 770 Bentleii
886 737 924 770 et
950 735 1136 781 Pottierii,
1160 736 1250 772 Lct.

147 833 286 868 Contra
309 834 466 869 Aenon:
494 838 672 879 „Repotia
701 836 883 870 dicuntur

147 882 328 926 septimus
343 882 437 926 dies,
456 894 531 928 quo
547 884 643 918 solet
656 895 752 918 nova
765 886 884 928 nupta

145 929 271 964 redire
297 930 344 964 ad
369 933 544 975 parentes
571 932 695 966 suos.“
748 931 883 973 (Nach-

147 978 302 1020 trinken,
331 978 555 1022 Nachseier.)
583 998 626 1002 —
653 978 814 1021 albatus]
841 981 884 1012 ut

147 1024 320 1058 solebant
337 1025 470 1059 diebus
494 1026 601 1060 festis
627 1026 809 1060 inducere
827 1029 882 1060 to-

146 1082 229 1117 gam
255 1082 390 1106 recens
417 1076 606 1107 cretatam.
649 1073 726 1107 Cic.
753 1073 880 1107 Vatin.

148 1121 211 1162 13,
250 1121 314 1153 31:
353 1128 434 1153 cum
470 1122 546 1162 ipse
584 1122 683 1162 epuli
715 1122 881 1154 dominus

148 1168 188 1208 Q.
215 1167 349 1200 Arrius
375 1168 523 1201 albatus
549 1171 650 1202 esset.
679 1187 722 1192 -
749 1177 880 1202 cornu-

147 1214 291 1258 bilibri]
335 1214 506 1258 „Cornu,
543 1215 643 1260 quod
677 1215 880 1250 sextarium

147 1261 258 1306 capit.
289 1261 442 1296 Habent
468 1262 567 1296 enim
592 1263 773 1308 propolae
801 1273 881 1297 cor-

146 1319 234 1351 nua,
260 1320 356 1353 quae
381 1310 481 1344 hanc
507 1310 581 1344 olei
606 1312 739 1344 tenent
764 1321 882 1355 quan-

145 1355 324 1390 titatem.“
377 1356 504 1390 Cosffl.
548 1356 668 1396 CRUQ.
717 1357 801 1391 Non
837 1369 881 1391 ex

148 1403 379 1449 elegantiore
398 1404 529 1449 aliqua
545 1405 712 1449 ampulla
729 1405 880 1448 olearia,

146 1451 211 1485 sed
238 1462 283 1485 ex
313 1451 381 1484 vili
416 1462 534 1486 cornu
568 1452 669 1497 ipse,
703 1463 750 1486 ne
784 1463 880 1497 puer

146 1498 258 1532 nimis
283 1499 442 1533 fortasse
470 1499 542 1533 olei
567 1499 783 1544 profundat,
807 1501 880 1534 hoc

145 1545 317 1591 guttatim
345 1546 439 1580 oleri
465 1546 644 1589 infundit,
673 1550 803 1580 contra
819 1559 880 1582 ve-

145 1593 237 1627 teris
255 1593 363 1636 aceti,
390 1593 491 1638 quod
509 1594 653 1628 nullius
673 1597 729 1628 est
753 1595 879 1638 pretii,

146 1639 273 1685 largus
323 1651 405 1675 esse
456 1641 562 1675 solet.
602 1660 645 1664 —
689 1642 877 1685 Cautibus]

144 1687 346 1722 brassicae.
405 1687 494 1722 Cato
536 1688 582 1722 R.
621 1688 667 1722 R.
710 1690 740 1722 c.'
792 1691 878 1723 156:

145 1737 321 1769 Brassica
354 1738 423 1778 est,
457 1744 551 1776 quae
583 1737 745 1769 omnibus
770 1737 878 1770 oleri-

145 1783 210 1815 bus
237 1784 398 1816 antistat.
436 1785 531 1816 Eam
557 1786 631 1817 esto
656 1785 714 1817 vel
741 1787 880 1817 coctam

143 1831 203 1863 vel
235 1831 399 1864 crudam.
449 1832 607 1864 crudam
638 1832 670 1864 si
704 1832 802 1874 edes,
840 1833 881 1864 in

145 1880 287 1911 acetum
310 1879 519 1918 immunito.

193 1927 314 1959 63-66.
323 1926 453 1958 horum
465 1924 605 1967 Utrum]
618 1925 877 1967 „hominemne

146 1972 333 2017 gulosum,
359 1983 407 2006 an
434 1972 627 2006 sordidum
638 1972 675 2005 {³⁶⁴
696 1991 739 1995 —
758 1973 877 2015 aium]

145 2019 341 2065 Significat
358 2030 439 2053 esse
465 2019 698 2054 locutionem
722 2030 878 2064 prover-

144 2066 293 2101 bialem.
321 2066 401 2110 (Gr.
427 2065 472 2100 τὸ
498 2063 735 2111 λεγόμενον.)
763 2066 877 2111 Apul.

143 2113 291 2148 Metam.
318 2117 350 2157 2,
377 2116 415 2148 7:
444 2117 487 2157 et,
515 2116 612 2156 quod
637 2116 753 2156 aium,
776 2116 879 2156 pedi-

145 2162 209 2195 bus
234 2164 273 2195 in
297 2163 517 2196 sententiam
549 2171 667 2195 meam
698 2163 806 2195 vado.
833 2181 877 2185 ——

142 2209 317 2252 Mundus]
357 2208 497 2252 „Homo
536 2210 686 2253 sapiens
722 2211 879 2242 mundas

143 2259 258 2300 atque
294 2258 442 2298 eleqans
477 2257 590 2301 (quae
626 2267 726 2290 voco.
753 2256 878 2301 iungit

145 2302 276 2337 Cicero
304 2303 406 2338 Orat.
431 2305 487 2345 23,
513 2304 584 2346 79.)
612 2304 684 2337 erit
710 2306 877 2346 eatenus,

145 2361 220 2395 qua
257 2351 423 2385 convivis
465 2362 659 2395 nunquam
702 2351 877 2385 sordibus

78 2419 81 2422 >
143 2408 322 2432 nauseam
357 2398 486 2440 faciat3
524 2398 595 2432 hoc
623 2398 784 2441 sufficit3
819 2399 876 2431 ni-

143 2445 254 2479 miam
303 2445 488 2479 lautitiam
537 2445 702 2479 vitabit.“
754 2445 875 2479 Varro

143 2492 244 2537 apud
270 2491 367 2526 Gell.
396 2494 451 2535 13,
479 2495 540 2526 11;
571 2495 769 2526 Dominum
795 2501 877 2526 con-

143 2541 231 2573 vivii
257 2548 331 2573 esse
356 2542 495 2581 oportet
526 2548 599 2572 non
625 2543 700 2573 tam
736 2541 877 2573 lautam

143 2588 254 2628 qaam
278 2588 354 2620 sine
379 2588 557 2620 sordibus.
586 2606 629 2610 ——-
656 2588 741 2630 qua]
774 2587 876 2621 Haec

143 2635 255 2668 lectio
293 2634 333 2667 in
370 2635 563 2678 plerisque
599 2633 714 2668 Codd.
746 2634 876 2678 deprae

143 2685 227 2715 vata
252 2682 291 2714 in
319 2683 381 2722 qui
407 2682 497 2715 satis
523 2684 692 2715 :rmatur
719 2693 740 2715 a
759 2681 874 2715 Codd.

142 2728 318 2763 Blandin.
338 2732 374 2763 et
389 2728 550 2763 Aci-onis
578 2729 739 2763 scholio:
768 2738 876 2771 „qua,

933 836 1039 871 deest
1070 837 1238 882 ratione,
1262 838 1288 872 i.
1314 848 1347 873 e.
1373 840 1562 883 quatenus
1586 849 1665 873 non

933 885 1003 918 erit
1028 885 1237 920 sordidus.“
1258 904 1302 909 —
1320 888 1367 919 Ιπ
1386 888 1554 919 neutram
1575 895 1665 928 par-

931 931 1015 974 tem]
1056 943 1204 977 „neque
1236 933 1276 967 in
1309 933 1497 967 luxuriam
1526 934 1665 968 necin

931 980 1124 1013 avaritiam
1151 981 1223 1014 erit
1245 982 1355 1015 miser
1379 980 1518 1014 cultus‘*
1543 981 1662 1026 (geni-

931 1027 1021 1069 tiv.),
1047 1027 1086 1060 id
1112 1029 1180 1071 est,
1207 1027 1332 1073 „quod
1357 1027 1404 1061 ad
1429 1030 1544 1062 totam
1564 1028 1665 1063 vitae

931 1076 1107 1108 externae
1140 1076 1324 1109 rationem
1355 1075 1529 1118 attinet;“
1566 1086 1665 1120 quae

932 1124 1071 1155 constr.
1097 1132 1153 1155 vv,
1179 1123 1272 1163 felia:
1289 1125 1327 1156 et
1344 1124 1455 1156 miser
1479 1122 1521 1156 in
1539 1123 1663 1157 excla-

929 1169 1159 1203 mationibus
1201 1170 1355 1214 proprie
1397 1170 1536 1204 usitata
1572 1169 1663 1212 (Sat.

931 1218 970 1258 1,
1005 1218 1044 1258 9,
1081 1218 1143 1250 11:
1186 1218 1326 1250 cerebri
1361 1218 1524 1258 felicem!
1563 1216 1664 1250 Plin.

927 1262 1066 1308 Paneg.
1093 1265 1149 1306 58,
1177 1266 1216 1297 5:
1241 1265 1391 1298 miseros
1417 1264 1661 1306 ambitioni-31)

928 1310 1019 1344 hinc
1043 1311 1195 1345 transiit
1210 1311 1322 1345 etiam
1338 1311 1380 1344 in
1398 1310 1564 1345 sedatam
1581 1321 1666 1345 ora-

930 1358 1082 1391 tionem.
1119 1357 1269 1392 Etenim
1293 1368 1370 1392 non
1395 1358 1521 1392 minus
1545 1357 1663 1392 miser

931 1407 998 1447 est,
1024 1406 1090 1450 qui
1114 1405 1287 1440 luxuriae
1305 1405 1453 1440 deditus
1474 1405 1516 1439 in
1531 1405 1660 1440 multis

931 1455 968 1486 et
991 1452 1158 1487 molestis
1184 1463 1332 1498 semper
1353 1455 1524 1486 versatur
1548 1463 1663 1498 nego-

929 1500 1006 1542 tiis,
1032 1510 1143 1544 quam
1161 1511 1307 1542 avarus,
1333 1500 1399 1544 qui
1418 1500 1567 1534 sibimet
1587 1500 1662 1544 ipsi

930 1548 1054 1581 omnia
1102 1547 1200 1582 vitae
1247 1547 1441 1582 commoda
1489 1547 1661 1595 denegat⁷

929 1595 1070 1635 (Cultus
1112 1598 1169 1628 est
1204 1605 1284 1629 voc.
1325 1594 1510 1628 medium:
1555 1597 1665 1637 „tota

928 1641 1076 1675 vivendi
1109 1641 1226 1684 ratio,
1266 1641 1344 1675 sive
1377 1641 1548 1686 parcior,
1582 1641 1661 1675 sive

927 1689 1034 1722 luxui
1066 1688 1222 1733 propior
1250 1689 1340 1723 est-'⁴
1379 1688 1488 1722 Illam
1512 1688 1662 1732 parcio-

927 1747 1007 1770 rem
1031 1738 1156 1769 autem
1180 1739 1289 1770 vocat
1312 1737 1561 1771 necessarium
1581 1737 1661 1770 cul-

928 1785 1005 1816 tum
1029 1782 1196 1817 Rutilius
1220 1783 1352 1828 Lupus
1378 1785 1411 1825 2,
1438 1782 1510 1825 16.)

975 1833 1097 1865 67-69.
1134 1831 1274 1874 Albuti]
1302 1830 1422 1864 Acro:
1463 1829 1663 1873 „Albutius

928 1878 1082 1922 quidam
1106 1878 1336 1921 luxuriosus,
1362 1877 1513 1922 quando
1538 1877 1666 1911 mitte—

928 1925 991 1959 bat
1025 1935 1154 1959 servos
1189 1936 1276 1959 suos
1302 1925 1349 1959 ad
1375 1925 1532 1958 obsonia
1562 1935 1661 1958 com-

926 1972 1112 2016 paranda,
1149 1975 1327 2006 mortem·
1345 1972 1400 2006 eis
1435 1971 1661 2013 minabatur,

927 2019 1001 2053 nisi
1027 2030 1096 2063 pro
1122 2019 1315 2053 voluntate
1341 2019 1423 2052 eius
1450 2028 1664 2063 comparas-

928 2067 1044 2100 sent.“
1079 2065 1197 2100 Alias.
1234 2066 1432 2109 „Albutius
1459 2076 1544 2099 cum
1570 2075 1659 2100 con-

927 2114 1128 2155 vivaretur,
1154 2113 1271 2147 servis
1297 2114 1377 2147 suis
1394 2112 1519 2147 officia
1535 2113 1663 2147 distri-

927 2161 1066 2195 buebat
1091 2163 1128 2195 et
1152 2163 1355 2205 antequam
1373 2161 1513 2205 aliquis
1531 2170 1663 2195 eorum

926 2210 1112 2252 peccaret,
1139 2207 1318 2242 caedebat
1343 2218 1418 2250 eos,
1444 2207 1574 2241 dicens
1599 2217 1661 2241 ve-

926 2256 1003 2289 reri
1029 2267 1087 2297 se,
1114 2266 1174 2298 ne,
1199 2266 1284 2289 cum
1309 2256 1550 2299 peccassent,
1577 2264 1660 2288 cae-

927 2303 1015 2337 dere
1034 2303 1091 2342 illj
1117 2305 1249 2347 postea
1266 2313 1342 2335 non
1358 2301 1539 2336 vacaret.“
1566 2301 1660 2335 Por-

926 2351 1108 2395 phyrion:
1151 2350 1254 2392 „Hic
1281 2351 1338 2383 est
1360 2349 1556 2389 Albutius,
1591 2347 1661 2393 qui

928 2401 964 2431 et
989 2407 1123 2431 avarus
1152 2399 1188 2430 et
1214 2397 1366 2441 elegans
1398 2395 1659 2429 conviviorum

927 2447 1124 2489 apparator
1167 2454 1300 2478 saevus
1337 2445 1395 2477 est
1429 2443 1580 2476 habitus
1617 2442 1659 2475 in

927 2503 1074 2534 servos3
1093 2491 1158 2535 qui
1178 2491 1224 2524 ob
1244 2489 1486 2534 cupiditatem
1504 2489 1659 2523 nimiam

926 2539 1088 2573 habendi
1107 2539 1267 2572 alienam
1294 2548 1449 2572 uxorem
1475 2547 1580 2571 suam
1596 2546 1659 2570 ve·

926 2597 1025 2620 neno
1051 2585 1231 2620 necavit.“
1265 2585 1354 2627 (Cfr.
1374 2584 1447 2618 Sat.
1467 2586 1499 2625 2,
1528 2586 1558 2624 1,
1583 2583 1656 2625 48.)

926 2653 969 2657 ——
988 2633 1092 2676 didit]
1118 2632 1162 2665 V.
1181 2631 1379 2676 antiquum
1405 2634 1441 2665 et
1465 2630 1658 2675 poeticum

925 2683 1047 2714 didere
1065 2681 1163 2714 idem
1190 2680 1270 2713 fere
1298 2689 1341 2712 ac
1361 2677 1561 2721 „dividere‚
1579 2677 1656 2711 dis-

924 2728 1125 2762 tribuere.“
1176 2726 1257 2761 Hoc
1282 2726 1391 2759 dicit:
1433 2725 1551 2767 „Dum
1578 2734 1655 2758 ser-
