1786 2912
166 138 248 180 100

662 136 869 171 HORATH
896 135 1181 171 SATIRARUM

278 236 436 281 Nescio
468 236 571 294 quid
601 237 812 281 meditans
843 250 1075 292 nugarum,
1106 241 1222 280 totus
1252 237 1298 280 in
1329 238 1438 280 illis:

277 307 476 352 Accurrit
507 308 678 365 quidam
710 312 837 351 notus
869 307 976 350 mihi
1005 309 1179 351 nomine
1211 312 1400 364 tantum,

279 378 549 436 Arreptaque
579 393 731 422 manu:
764 378 879 427 Quid
909 379 1022 435 agis,
1055 379 1300 423 dulcissime
1331 380 1503 423 rerum?

281 450 493 505 Suaviter,
515 454 564 492 ut
583 464 697 493 nunc
718 453 796 504 est,
818 450 1008 506 inquam,
1029 454 1072 493 et
1094 451 1218 507 cupio
1241 452 1384 494 omnia
1405 465 1515 507 quae
1535 451 1615 494 vis.
1649 451 1678 496 5

281 521 391 565 Cum
422 525 728 564 assentaretur:
761 520 874 563 Num
907 521 1010 577 quid
1037 521 1135 564 vis?
1167 535 1340 578 occupo.
1387 522 1447 564 At
1475 522 1567 575 ille,

256 659 288 692 3.
316 658 483 692 occurrit
508 666 529 691 0
555 659 592 691 et
616 667 712 692 corr.
739 656 775 691 S.
801 675 845 681 -—
870 658 904 690 4.
930 658 1147 701 dulcissime,
1173 665 1299 692 rerum
1323 656 1397 692 Lo.
1455 672 1463 675 ‘⁷

161 769 388 803 amicissime
405 771 598 812 memoret,
616 769 679 803 hic
698 769 897 814 Virgilium

162 816 366 850 admiratus
395 817 453 850 sit.
481 816 576 850 Vide
603 817 715 850 etiam
739 817 786 851 ad
803 815 897 861 Epp.

162 865 254 906 2,2‚
284 865 362 897 100.
390 863 540 908 Scripta
564 864 716 898 videtur
741 875 773 898 a.
801 875 838 897 u.
867 873 898 898 0.

162 913 247 945 718-
251 913 331 945 719.
359 910 530 952 (Franke
557 914 594 945 et
618 911 786 954 Weber.)

212 960 283 991 1-5.
308 959 649 1001 Ibam—-Accurril]
676 958 899 993 Gratissima

162 1005 392 1051 negligentia
409 1006 449 1039 111
464 1006 654 1040 11811811ᾱο
670 1006 796 1040 omisit
812 1006 897 1039 11111-

162 1055 306 1087 cturam
343 1052 546 1095 Horatius,
586 1053 748 1087 inseruit
784 1053 898 1087 Bent-

162 1100 271 1134 leius.
285 1099 439 1145 Insigne
455 1079 666 1145 exemplum
680 1100 895 1134 huiusmodi

162 1144 372 1181 ἀσυιδετου
385 1147 555 1202 praebet
581 1147 712 1192 Odyss
738 1160 780 1187 κ,
808 1150 896 1182 251.

163 1191 339 1237 Ήιοιιεν,
365 1191 417 1236 (ὃς
442 1194 630 1236 ἐκέλευες,
661 1192 736 1228 ἀντὶ
749 1192 897 1251 δρυμά,

162 1241 312 1285 φαίδιμ’
328 1241 517 1275 Ὀδυσσεῦ·
544 1238 725 1295 Εύρομεν.
739 1241 779 1276 ἐν
796 1239 898 1296 βήσ-

161 1301 255 1335 σῃσι
287 1291 495 1333 τετυγμένα
527 1286 685 1332 δώματα
715 1286 825 1323 καλά.
853 1309 896 1314 -

161 1325 270 1380 sorte]
299 1336 547 1381 „aliquando,
574 1338 655 1371 sine
682 1340 782 1372 certo
810 1348 898 1371 0011-

162 1384 282 1418 silio.“
311 1383 417 1418 Conf.
443 1383 537 1429 Epp.
565 1386 597 1426 1,
623 1387 656 1427 7,
683 1386 738 1418 29.
766 1404 809 1408 -
835 1387 898 1418 via

160 1432 289 1474 Sacra]
307 1442 375 1476 per
394 1443 506 1476 quam
525 1432 634 1466 otiosi
654 1432 896 1466 deambulare

162 1479 343 1513 solebant.
380 1478 480 1521 (Ofr.
506 1479 622 1523 Epod.
657 1482 695 1521 4,
723 1481 754 1513 7.
783 1482 829 1522 7,
847 1480 896 1522 8.)

160 1525 390 1570 Plerumque
430 1526 570 1559 dieitur
601 1528 716 1560 Sacra
754 1529 814 1560 via
849 1530 896 1570 et,

162 1573 227 1617 qui
246 1573 285 1606 in
305 1584 349 1607 ea
365 1573 595 1615 habitabant,
619 1575 895 1617 sacravienses,

161 1624 286 1655 tamen
322 1621 434 1655 etiam
459 1620 609 1654 Plinius
636 1620 682 1654 Η.
707 1619 750 1654 N.
780 1623 835 1662 19,
864 1623 894 1654 1.

161 1667 333 1701 ordinem
365 1668 558 1702 inversum
592 1668 758 1711 praebet.
810 1667 894 1702 Col-

162 1715 235 1749 1810
262 1726 294 1748 v.
322 1717 377 1748 35.
405 1716 440 1749 h.
468 1715 491 1748 l.
520 1715 704 1760 cogitabis
731 1715 776 1749 de
802 1715 895 1749 hora

161 1762 237 1796 diei
276 1762 453 1796 secunda.
494 1782 536 1785 —
575 1764 667 1795 sicul
703 1771 804 1796 meus
843 1765 894 1796 est

159 1810 256 1852 mos]
298 1809 401 1844 Haec
443 1809 659 1843 necessario
701 1809 895 1854 iungenda

161 1860 249 1891 sunt
275 1868 359 1891 011111
386 1869 418 1890 v.
444 1858 634 1898 meditans,
662 1867 738 1890 non
758 1867 842 1890 011111
860 1868 892 1890 V.

161 1906 282 1938 Ibam:
333 1905 404 1938 1100
455 1905 553 1938 0111111
604 1903 893 1949 significandum

160 1955 258 1994 erat,
292 1952 440 1985 nullum
468 1951 538 1985 sibi
571 1954 661 1985 111110
686 1951 803 1985 fuisse
829 1962 902 1985 ne·-

160 1999 302 2044 gotium
345 2009 415 2033 nec
459 1998 578 2032 serias
620 1999 893 2044 cogitationes3

159 2057 235 2080 non
254 2057 354 2089 vero,
379 2057 495 2090 prope
516 2046 685 2090 quotidie
703 2057 771 2090 per
788 2046 891 2079 illam

159 2094 256 2127 viam
300 2104 339 2128 se
382 2094 504 2128 solere
548 2093 714 2139 spatiari.
763 2093 895 2127 Altera

159 2141 339 2186 iungendi
366 2141 461 2175 ratio
487 2143 671 2186 repugnat
695 2140 776 2175 adv.
798 2142 893 2182 sorte

159 2192 195 2221 et
231 2188 498 2222 consuetudini
523 2188 683 2222 Horatii.
735 2187 833 2230 (Sat.
863 2190 893 2231 1,

159 2237 198 2277 6,
227 2236 320 2278 122.)
350 2255 391 2259 -
417 2235 624 2279 nuqarum]
657 2235 772 2269 Recte
797 2235 893 2269 Roe-

159 2282 291 2316 derus:
336 2283 492 2325 „Oleum
519 2285 557 2316 et
591 2293 742 2326 operam
766 2282 892 2327 perdi-

158 2330 256 2363 disse
284 2330 459 2363 videntur
476 2331 705 2374 interpretes
725 2330 892 2373 scrutati,

159 2378 268 2421 quale
295 2377 413 2410 fuerit
450 2388 635 2422 nugarum
672 2388 814 2422 genus,
851 2377 891 2410 in

159 2435 232 2468 quo
259 2426 350 2457 tunc
374 2424 554 2458 Horatius
581 2424 776 2458 ambulans
803 2424 892 2458 defi-

157 2482 227 2505 xus
254 2472 386 2505 esset.“
414 2471 543 2506 Potest
569 2482 659 2506 sane
677 2471 890 2516 significare

158 2529 290 2553 versus
309 2518 460 2561 (Catull.
481 2520 512 2561 1,
531 2520 570 2552 3:
597 2527 754 2559 namque
778 2522 818 2552 lu
834 2528 891 2552 so-

161 2567 258 2599 lebas
285 2567 389 2601 Meas
408 2575 482 2599 esse
507 2567 649 2606 aliquid
670 2569 805 2607 putare
823 2575 890 2599 nu—

159 2614 270 2656 qua),
305 2623 531 2658 quamquam
564 2614 663 2647 inter
691 2613 890 2657 strepitum

159 2659 295 2695 Sacrae
335 2661 416 2694 viae
454 2659 547 2694 tales
585 2660 647 2693 vix
683 2660 885 2695 meditatus

157 2717 238 2741 esse
267 2708 433 2751 videtur3
464 2709 588 2752 potest
621 2707 710 2741 item
745 2707 887 2753 signifi-

948 778 1034 803 care
1077 770 1198 804 omnis
1239 769 1390 816 generis
1430 769 1677 824 cogitationes

947 816 1048 850 haud
1075 818 1185 851 nimis
1212 817 1341 851 serias.
1361 836 1404 841 —
1423 819 1518 850 lotus
1534 818 1574 853 ι’,π
1588 816 1677 860 illis]

948 874 1022 908 quo
1047 865 1240 898 molestior
1265 864 1378 899 fiebat
1409 863 1678 909 interpellatio.

945 910 1260 956 Epp.1,1,11:
1295 913 1410 945 omnis
1433 913 1474 944 in
1498 913 1563 945 hoc
1585 920 1676 945 sum.

946 937 1108 992 Luciani
1131 957 1515 1000 Ηο111101.*2.δοκεῑς
1545 957 1586 991 δέ
1608 969 1680 1001 μοι

947 1003 1029 1038 αλλ’
1055 1004 1144 1039 οὐδὲ
1169 1002 1266 1062 ὄναρ
1283 1006 1374 1040 ποτὲ
1390 1003 1538 1039 ἀνιέναι
1563 1016 1678 1039 σεαυ-

947 1050 1032 1095 τόν,
1070 1049 1191 1095 οὕτως
1222 1049 1316 1096 ὅλος
1351 1051 1386 1087 εἶ
1419 1053 1461 1087 ἐν
1493 1053 1544 1099 τῷ
1582 1049 1679 1100 πρά-

946 1110 1072 1143 γματι.
1093 1120 1135 1124 -
1153 1101 1335 1144 Accurrit]
1359 1100 1463 1135 Haec
1488 1100 1676 1145 cupiditas

945 1147 1143 1181 Horatium
1170 1148 1420 1183 conveniendi
1446 1149 1563 1194 magis
1592 1150 1680 1192 apta

946 1198 1003 1229 est
1027 1195 1233 1239 importuni
1250 1195 1431 1238 moribus,
1457 1206 1567 1250 quam
1593 1195 1673 1229 lan-

945 1242 1100 1287 guidum
1132 1242 1227 1276 illud
1259 1244 1435 1285 occur-rm
1470 1243 1525 1277 sic
1557 1242 1679 1276 Theo-

945 1290 1090 1333 phrasti
1128 1287 1335 1334 λογοποιὸς
1367 1289 1475 1324 Char.
1500 1291 1545 1323 8.
1583 1289 1679 1323 πᾶσι

945 1335 986 1369 δὲ
1023 1340 1102 1379 τοῖς
1139 1337 1179 1370 ἑν
1216 1337 1263 1383 τῇ
1300 1333 1408 1371 πόλει
1445 1333 1680 1384 προσδεδρά-

945 1395 1045 1428 μηκε
1071 1383 1202 1428 λέγων.
1236 1373 1417 1418 Similiter
1442 1385 1576 1426 arripit
1600 1394 1679 1419 ma-

947 1442 1048 1474 num,
1074 1442 1150 1466 11011
1172 1432 1380 1474 prehendit
1397 1450 1440 1456 —
1458 1431 1579 1476 Iungo
1597 1432 1680 1465 dul-

947 1480 1085 1512 cissime
1110 1482 1259 1522 rerum?
1274 1481 1318 1512 ut
1332 1478 1449 1513 fecit’
1439 1489 1513 1520 18111
1529 1479 1681 1514 Petrai·-

947 1527 1015 1560 cha
1040 1526 1118 1560 Ecl.
1145 1530 1186 1569 6,
1221 1528 1277 1560 45.
1312 1527 1518 1568 turpissime
1550 1534 1680 1560 rerum

945 1573 1086 1608 dicens.
1137 1573 1245 1607 Ovid.
1281 1572 1429 1607 Metam.
1467 1575 1508 1613 8,
1545 1576 1603 1607 49.
1642 1576 1681 1606 et

944 1621 1033 1654 Her.
1067 1623 1108 1663 4,
1143 1622 1229 1654 125:
1260 1621 1504 1662 pulcherrime
1539 1628 1677 1657 rerum.

945 1667 1018 1706 Qui
1037 1677 1122 1700 cum
1140 1668 1287 1701 Acrone
1313 1669 1557 1701 construunt:
1584 1667 1680 1709 Quid

944 1723 1069 1748 rerum
1093 1716 1189 1756 aqis,
1215 1715 1421 1748 dulcissime
1435 1716 1452 1748 Y
1477 1714 1680 1750 conferunt

942 1761 1064 1795 Plaut.
1089 1762 1175 1795 Aul.
1204 1764 1235 1804 1,
1261 1764 1294 1804 2,
1319 1763 1382 1796 39:
1406 1763 1584 1803 Roailam
1607 1770 1676 1804 me,

943 1812 982 1841 ut
1007 1810 1163 1851 valeam,
1190 1810 1278 1850 quid
1294 1818 1416 1852 aqam,
1441 1810 1529 1850 quid
1551 1817 1680 1842 rerum

943 1865 1083 1898 aeram.
1121 1856 1259 1890 Pseud.
1285 1859 1318 1899 4,
1344 1858 1379 1899 6,
1407 1858 1446 1890 1:
1483 1857 1564 1890 Viso
1590 1857 1678 1897 quid

942 1912 1070 1937 rerum
1102 1913 1203 1937 meus
1240 1905 1372 1945 Uluoees
1406 1905 1529 1945 caeru.
1556 1922 1601 1927 ——-
1635 1905 1676 1937 ul

943 1959 1039 1984 nunc
1065 1952 1137 1994 σει]
1174 1952 1266 1994 „hoe
1293 1951 1443 1995 quidem
1472 1950 1674 1994 tempore.“

942 1997 1009 2032 Est
1035 2002 1225 2032 nostrum:
1269 1999 1399 2041 „Gam
1436 1999 1582 2031 10ίάῑίοὴ
1612 1998 1677 2039 [ἄν

937 2046 1035 2088 jem,
1062 2047 1124 2087 sur
1150 2048 1220 2080 den
1237 2045 1491 2087 Auaenblick.“
1517 2044 1675 2079 Dacier:

943 2094 1029 2126 Fort
1056 2094 1138 2127 bien
1161 2102 1258 2135 pour
1285 2094 1431 2126 l’heure.
1459 2091 1594 2126 Totum
1618 2102 1677 2126 re-

944 2151 1123 2184 sponsum
1149 2152 1194 2175 ex
1212 2151 1255 2175 eo
1273 2150 1414 2185 genere
1439 2141 1507 2182 est,
1530 2140 1572 2172 in
1598 2149 1673 2183 quo

944 2188 1229 2222 consuetudinis
1247 2187 1372 2222 verbis
1391 2187 1558 2221 contenti
1576 2186 1674 2220 nihil

942 2245 1059 2279 prope
1087 2236 1164 2269 veri
1192 2235 1420 2280 cogitamus3
1446 2236 1484 2268 et
1506 2232 1674 2279 frigidis-

943 2282 1054 2325 sime,
1080 2286 1122 2316 ut
1145 2293 1214 2327 par
1239 2283 1338 2324 erat,
1370 2280 1575 2325 respondet
1597 2280 1675 2315 Ho-

941 2329 1059 2363 ratius
1084 2330 1225 2364 homini
1243 2328 1390 2362 ardenti
1416 2330 1531 2372 atque
1555 2327 1673 2372 impe-

941 2379 1062 2411 tuoso.
1088 2396 1132 2401 —
1167 2377 1272 2418 cupio
1306 2375 1396 2418 cet]
1430 2374 1548 2408 Solita
1579 2375 1674 2409 haec

941 2434 1092 2468 quoque
1126 2423 1351 2457 urbanitatis
1384 2421 1565 2464 formula,
1598 2432 1674 2466 qua

939 2471 1036 2504 nihil
1062 2471 1154 2505 certi
1171 2470 1315 2505 homini
1333 2469 1491 2504 molesto
1515 2469 1672 2514 promit-

939 2518 1042 2560 titur,
1061 2522 1103 2552 ut
1118 2518 1197 2552 fere
1215 2526 1304 2551 nos:
1329 2518 1419 2551 Sem·
1434 2517 1672 2550 verbunden!

941 2567 1231 2607 Obliqalissimol
1279 2564 1402 2598 Plaut.
1435 2563 1538 2598 Pers.
1572 2564 1612 2605 5,
1639 2565 1671 2606 1,

941 2615 1002 2646 14:
1040 2613 1182 2654 Omnia,
1210 2620 1303 2653 quae
1329 2614 1369 2644 lu
1392 2612 1458 2654 vis,
1484 2619 1530 2644 ea
1554 2610 1670 2652 cupio.

983 2662 1080 2694 6-13.
1111 2661 1208 2694 Num
1234 2659 1322 2700 quia
1345 2657 1439 2701 vis?]
1463 2657 1670 2701 Postquam

935 2707 1017 2752 ipse
1044 2708 1155 2749 satis,
1189 2709 1231 2740 ut
1255 2705 1426 2751 putabat,
1451 2704 1596 2739 homini
1622 2704 1672 2738 si·
