1774 2930
143 157 229 198 286

615 155 823 190 HORATH
846 155 1195 190 EPISTOLARUM

263 257 333 300 An
364 258 540 300 tacitum
573 258 703 299 silvas
734 257 846 299 inter
876 260 1047 313 reptare
1078 257 1284 311 salubres,

264 328 497 371 Curantem
529 327 734 384 quidquid
765 327 942 383 dignum
973 328 1167 384 sapiente
1198 328 1396 385 bonoque
1428 322 1524 371 est?
1635 328 1661 369 5

262 400 359 442 Non
390 404 438 441 tu
469 414 622 455 corpus
655 413 749 440 eras
783 399 875 441 sine
907 402 1093 455 pectore.
1144 399 1202 441 Di
1232 400 1312 441 tibi
1344 400 1542 453 formam,

264 470 321 512 Di
352 471 430 512 tibi
463 471 635 512 divitias
668 469 878 512 dederunt
910 474 1130 526 artemque
1161 470 1343 513 fruendi.

265 542 380 590 Quid
409 545 563 584 voveat
595 541 707 583 dulci
739 541 952 583 nutricula
981 541 1119 583 maius
1153 542 1336 595 alumno,

241 672 314 705 ΕΡ.
337 671 402 705 IV.
428 673 461 705 7.
487 673 662 705 dederam
689 670 738 704 Sd
765 674 802 704 et
827 681 922 704 corr.
949 671 1006 712 bc,
1031 671 1120 705 item
1145 670 1363 705 Lambinus.
1390 671 1455 714 (Ut
1481 682 1562 713 nos,
1588 672 1616 705 E

196 722 233 754 et
258 731 314 764 pr.
340 719 415 761 bc.)

146 814 243 848 Male
270 813 446 848 nonnulli
471 814 572 848 hunc
599 813 769 847 Cassium
794 812 884 846 Par-

146 873 314 896 mensem
346 861 600 896 confuderunt
633 871 719 894 cum
753 860 884 894 Cassio

147 909 326 951 Etrusco,
359 909 457 943 malo
489 910 601 953 poeta
632 911 669 942 et
695 907 885 955 πολυγρα-

148 953 325 1003 φωτάτῳ.
370 956 444 990 Sat.
474 959 505 998 1,
534 958 588 998 10,
615 957 654 989 61
686 967 741 1000 sq.

197 1043 229 1073 4.
256 1043 290 1073 5.
324 1039 487 1082 tacitum]
527 1038 710 1082 „infixum
745 1038 884 1083 cogita-

147 1088 242 1122 tioni
277 1087 322 1121 de
355 1087 515 1132 pulchro
550 1089 586 1119 et
623 1087 800 1127 honesto,
839 1085 885 1119 de

148 1135 226 1169 vita
273 1134 319 1168 ad
374 1134 634 1178 philosophiae
684 1136 887 1187 praecepta

150 1181 455 1217 conformanda.“
482 1200 526 1205 —
551 1180 724 1223 reptare]
758 1183 800 1214 ut
822 1177 887 1228 έρ-

150 1240 233 1263 πειν
259 1232 296 1263 et
320 1226 501 1276 ἑρπύζειν,
535 1228 644 1271 „sine
671 1230 772 1261 certo
799 1238 888 1262 con-

150 1277 234 1312 silio
255 1279 292 1310 et
306 1276 414 1310 tardo
438 1275 590 1310 incessu
613 1275 888 1320 perambulare,

149 1323 400 1358 schtendern.“
430 1342 472 1347 —
507 1323 695 1366 salubres]
734 1326 888 1367 propter

150 1373 271 1417 frigus
289 1374 492 1415 aeremque
509 1381 661 1415 purum.
701 1370 775 1404 Gfr.
793 1370 887 1415 Epp.

152 1422 192 1462 2,
220 1421 260 1461 2,
288 1420 345 1452 77.
395 1418 568 1452 Tibullus
602 1418 684 1462 ipse
718 1417 763 1451 de
790 1428 828 1452 se
856 1420 888 1460 4,

155 1470 209 1509 13,
235 1470 276 1501 9:
301 1468 361 1500 Sic
386 1475 449 1508 eqo
470 1467 615 1499 secretis
635 1474 785 1507 possum
804 1467 889 1498 bene

151 1516 272 1548 vivere
289 1515 398 1555 silvis,
428 1515 509 1555 Qua
527 1514 633 1547 nulla
658 1514 818 1546 humano
843 1514 889 1546 sit

151 1563 213 1595 via
239 1563 328 1595 trita
350 1562 453 1603 pede.

201 1646 234 1677 6.
261 1646 293 1677 7.
331 1645 415 1678 Non
445 1645 484 1677 tu
517 1643 602 1686 cet]
642 1643 890 1686 „Htversus

153 1691 464 1726 antecedentibus
474 1691 575 1725 hunc
585 1693 794 1724 annectunt
807 1701 891 1724 sen-

153 1739 359 1772 tentia-rum
377 1739 565 1772 ordinem:
594 1738 663 1780 „Et
686 1740 788 1772 recte
807 1738 891 1782 qui-

153 1786 258 1828 dem,
284 1786 354 1820 tibi
381 1787 480 1820 enim
506 1788 562 1819 est
590 1786 784 1830 ingenium
809 1785 892 1828 pul-

154 1833 382 1867 cherrimum
409 1833 559 1877 diisque
589 1835 743 1876 accepta
771 1832 891 1866 refers

154 1880 255 1914 bona
290 1879 338 1914 ad
375 1881 471 1914 bene
505 1879 707 1913 vivendum
744 1878 892 1920 idonea,

156 1927 292 1972 quibus
326 1927 422 1960 nihil
455 1929 580 1971 potest
613 1926 700 1960 addi
734 1927 890 1960 maius.“

156 1975 305 2009 OBBAR.
331 1994 376 1998 -
403 1974 547 2017 corpus]
581 1974 774 2008 dumtaxat
804 1974 894 2008 bru-

155 2025 246 2064 tum,
273 2023 369 2055 eine
395 2024 550 2056 Masse.
577 2040 619 2045 ——
648 2021 745 2064 eras]
775 2031 893 2063 „sem-

156 2081 236 2114 per,
263 2080 308 2103 ex
333 2080 409 2113 quo
435 2070 535 2102 inter
560 2079 630 2102 nos
648 2068 791 2103 versari
810 2079 894 2102 coe-

155 2117 246 2161 pisti
280 2127 424 2161 egoque
457 2121 493 2150 te
528 2116 720 2161 cognovi.“
748 2135 793 2140 -—
818 2117 895 2149 sine

153 2165 322 2208 pectore]
357 2175 462 2206 „non
490 2174 573 2197 eras
600 2174 750 2206 excors3
783 2163 895 2197 immo

158 2212 307 2246 animus
333 2214 421 2245 tuus
445 2214 482 2245 et
508 2214 614 2245 tener
633 2214 715 2245 erat
738 2211 779 2244 in
805 2211 896 2244 ami-

158 2259 248 2292 citia
286 2262 322 2292 et
355 2259 433 2292 veri
471 2258 633 2303 cupidus
672 2261 708 2292 et
744 2258 896 2303 pulchri

159 2316 275 2339 sensu
303 2306 437 2340 eximie
469 2305 697 2350 praeditus.“
745 2306 897 2348 (ohne

161 2354 191 2386 G
206 2363 223 2386 e
237 2355 291 2394 [ἅ
304 2355 326 2385 h
342 2354 391 2395 l).
434 2353 540 2387 Ovid.
579 2353 668 2386 Her.
710 2355 764 2395 16,
804 2355 871 2386 305
887 2364 895 2386 t

159 2401 332 2433 Huncine
369 2404 409 2433 tu
445 2409 565 2442 speres
604 2402 783 2433 hominem
819 2401 896 2433 sine

157 2450 306 2489 pectore
343 2449 442 2481 dotes
476 2450 580 2481 Posse
616 2449 705 2480 satis
743 2449 896 2489 formae,

160 2495 341 2536 Tyndari,
379 2504 482 2528 nosse
516 2497 626 2527 tuae?
654 2514 697 2518 —
724 2494 896 2537 sormam]

160 2541 250 2575 Vita
267 2542 422 2585 antiqua
440 2542 603 2575 Tibulli:
631 2543 804 2584 „instqm's
829 2542 898 2582 fuit

161 2590 284 2630 forma
321 2590 490 2629 cultuque
529 2591 689 2630 corporis
730 2591 898 2622 observa-

162 2637 278 2669 bilis.“
308 2655 351 2660 —-
377 2636 542 2679 divitias]
570 2637 701 2680 quales
728 2647 812 2670 mox
837 2646 898 2670 ac-

163 2683 331 2717 curatius
365 2683 540 2728 designat
564 2694 596 2716 v.
626 2686 677 2716 11.
705 2687 742 2717 et
767 2683 898 2717 Tibul-

162 2730 222 2763 lus
247 2731 327 2774 ipse
353 2731 399 2765 de
427 2741 466 2765 se
495 2734 525 2773 1,
553 2733 584 2773 1,
610 2732 673 2764 77:
713 2740 777 2772 eqo
803 2739 897 2764 com-

930 815 1049 854 posito
1095 822 1244 846 securus
1294 822 1422 847 acervo
1462 815 1668 856 Despiciam

932 861 1022 893 dites
1063 862 1333 902 despiciamque
1380 863 1526 903 samem.
1586 861 1668 896 Etsi

932 907 1014 941 eius
1032 907 1300 952 patrimonium
1318 909 1481 943 accisum
1499 912 1579 943 erat
1600 920 1668 954 per

932 954 1218 989 triumvirorum
1266 956 1451 1001 agrariam
1503 956 1670 1002 largitio-

934 1012 1039 1042 nem,
1079 1013 1175 1047 quae
1207 1014 1239 1036 a.
1267 1014 1303 1036 u.
1330 1013 1361 1037 c.
1387 1005 1468 1038 713.
1523 1003 1670 1039 Italiam

933 1049 1068 1083 misere
1109 1050 1362 1094 perturbavit,
1405 1052 1481 1093 vel,
1523 1054 1564 1085 ut
1605 1052 1669 1086 alii

934 1097 1084 1139 volunt,
1126 1108 1193 1141 per
1231 1097 1387 1132 eandem
1420 1098 1670 1133 calamitatem

934 1144 1121 1178 bellorum
1133 1144 1302 1178 civilium
1316 1145 1549 1179 devastatum
1563 1146 1669 1180 dum-

935 1193 1054 1234 taxat,
1104 1191 1350 1226 nihilominus
1400 1193 1434 1227 ei
1479 1193 1672 1228 restabant

936 1240 1062 1273 tantae
1103 1238 1324 1282 facultates,
1373 1239 1556 1284 paulatim
1596 1241 1672 1275 for-

937 1287 1037 1320 tasse
1054 1286 1233 1330 prudenti
1251 1287 1484 1331 parcimonia
1500 1287 1673 1332 aliquan-

938 1335 1016 1366 tum
1042 1336 1194 1376 auctae,
1230 1337 1273 1367 ut
1305 1333 1352 1368 ad
1385 1333 1595 1369 liberaliter
1620 1335 1675 1369 vi-

938 1380 1101 1414 vendum
1148 1381 1260 1415 facile
1310 1383 1511 1416 contentus
1565 1385 1674 1426 esset,

938 1427 1100 1472 ideoque
1155 1428 1289 1463 merito
1340 1430 1439 1463 dives
1490 1429 1674 1474 appellari

938 1478 1076 1519 posset.
1096 1495 1138 1499 -
1158 1476 1354 1519 dederunt]
1386 1475 1466 1511 Hac
1490 1477 1676 1522 perfecto-

939 1534 1022 1556 rum
1065 1524 1274 1568 quantitate
1317 1534 1428 1568 saepe
1476 1524 1536 1558 usi
1586 1528 1676 1559 sunt

939 1572 1084 1614 poetae.
1135 1570 1221 1604 vid.
1249 1570 1324 1605 Sat.
1353 1573 1390 1614 1,
1418 1573 1479 1614 10,
1505 1573 1569 1606 45:
1601 1573 1676 1606 Vir-

940 1618 1028 1659 qilto
1046 1620 1259 1652 annuerunt
1283 1619 1481 1659 aaudentes
1503 1628 1591 1653 rure
1610 1621 1676 1653 Ca-

938 1673 1077 1699 menae.
1119 1664 1224 1710 Virg.
1248 1664 1343 1699 Aen.
1370 1667 1402 1707 2,
1429 1667 1515 1700 774:
1547 1667 1676 1700 Obstu-

936 1713 1005 1753 pui
1028 1714 1273 1753 steteruntque
1297 1720 1419 1746 comae
1443 1715 1476 1746 et
1498 1721 1572 1747 voa:
1593 1715 1677 1755 sau-

941 1761 1039 1792 cibus
1063 1760 1190 1792 haesit.
1238 1758 1388 1804 Ubique
1412 1759 1492 1793 fere
1519 1761 1677 1805 scripto-

941 1816 1002 1840 res
1028 1806 1175 1839 librarii
1201 1805 1481 1841 substituerunt
1497 1807 1677 1853 plusqpf.,

941 1854 984 1886 ut
1014 1853 1075 1887 hic
1101 1853 1287 1887 nonnulli.
1339 1853 1414 1888 Ofr.
1439 1853 1605 1900 Wagner
1630 1855 1678 1889 ad

941 1899 1047 1945 Virg.
1090 1900 1156 1934 Ge.
1198 1903 1238 1943 4,
1281 1903 1359 1935 393.
1403 1920 1446 1925 -
1489 1905 1678 1944 artemque

941 1947 1116 1991 fruendi]
1169 1972 1185 1990 „
1203 1947 1294 1993 quia
1341 1948 1509 1993 prudens
1559 1961 1600 1984 es
1641 1953 1679 1984 et

942 2006 1007 2037 eo,
1058 1995 1159 2040 quod
1208 1995 1298 2030 satis
1347 1998 1424 2039 est,
1477 1999 1677 2031 contentus

943 2043 1071 2077 vivis.“

994 2117 1025 2148 8.
1062 2114 1264 2157 nutricula]
1304 2114 1435 2148 Totam
1469 2114 1679 2148 clausulam

945 2162 1000 2196 sic
1017 2162 1228 2196 construxit
1240 2161 1463 2196 Lambinus:
1483 2161 1680 2204 „Alumno,

945 2209 1013 2254 qui
1039 2219 1172 2254 sapere
1197 2211 1234 2242 et
1256 2209 1328 2242 fari
1345 2209 1465 2253 possit
1481 2220 1578 2254 quae
1596 2219 1680 2243 sen-

945 2257 1033 2299 tiat,
1059 2260 1096 2291 et
1120 2256 1182 2290 cui
1208 2257 1345 2301 gratia,
1369 2256 1479 2299 fama,
1504 2256 1680 2291 valetudo

946 2304 1140 2349 contingat
1172 2303 1321 2338 abunde
1360 2306 1397 2336 et
1432 2303 1595 2337 mundus
1628 2303 1682 2336 vi·

947 2354 1029 2385 ctus
1073 2354 1161 2394 cet.,
1211 2350 1304 2395 quid
1346 2351 1538 2384 nutricula
1578 2352 1682 2394 optet

946 2399 1122 2433 maius?“
1154 2398 1278 2442 Atque
1305 2397 1482 2442 equidem
1507 2397 1549 2430 in
1574 2396 1682 2431 Lam·

946 2447 1026 2480 bini
1044 2446 1189 2480 ratione
1212 2445 1429 2489 acquiesco;
1455 2444 1563 2478 video
1582 2445 1681 2478 enim

946 2495 1031 2527 lect.
1067 2494 1165 2535 Quin
1187 2495 1315 2536 aperte
1340 2491 1472 2526 falsam
1496 2502 1589 2534 esse,
1616 2491 1681 2525 sed

946 2543 1098 2575 nostrae
1122 2540 1260 2581 favere,
1293 2541 1412 2581 Quam
1437 2541 1474 2573 et
1500 2540 1618 2580 Quam
1642 2540 1683 2570 ut

946 2589 993 2622 iis
1019 2587 1160 2630 deberi,
1187 2587 1253 2631 qui
1280 2586 1595 2630 comparationem
1621 2585 1683 2618 de·

947 2636 1176 2677 siderarent,
1228 2644 1340 2679 quam
1388 2635 1498 2677 poeta
1545 2633 1683 2666 callida

945 2685 1117 2717 iunctura
1153 2681 1366 2726 significare
1404 2690 1517 2725 quam
1558 2679 1683 2723 expri-

946 2741 1048 2764 mere
1073 2729 1218 2764 maluit.
