1774 2930
675 125 770 161 Lm.
794 125 843 160 11.
894 124 998 160 sA'r.
1020 124 1069 159 V.

233 228 403 286 Eripiet
431 228 571 284 quivis
602 227 746 270 oculos
777 226 903 270 citius
933 225 1058 279 mihi,
1090 238 1220 282 quam
1247 229 1292 268 te

1542 123 1631 166 203

1573 223 1631 265 35

236 299 540 356 Contemptum
570 312 694 341 cassa
721 312 830 341 nuce
859 301 1090 354 pauperet;
1120 295 1228 338 haec
1249 309 1347 338 mea
1366 308 1466 337 cura
1486 299 1570 348 est,

236 369 302 414 Ne
333 369 435 426 quid
464 373 512 412 tu
541 368 716 426 perdas,
746 383 831 411 neu
862 369 922 410 sis
951 367 1083 410 iocus.
1124 366 1192 409 Ire
1223 365 1395 408 domum
1425 370 1554 421 atque

234 441 487 484 Pelliculam
517 454 666 482 curare
695 439 819 494 iube3
850 439 880 480 fi
910 438 1103 494 cognitor
1131 435 1249 494 ipse:

236 511 391 555 Persta
420 515 548 567 atque
581 510 760 564 obdura,
793 524 871 553 seu
900 509 1029 552 rubra
1059 508 1266 551 Canicula
1293 507 1425 550 findet

236 581 426 626 Infantes
458 585 642 636 statuas,
674 596 752 624 seu
780 581 931 638 pingui
960 584 1104 622 tentus
1136 593 1281 622 omaso

1573 578 1632 619 40

235 651 391 695 Furius
422 652 625 696 hibernas
657 666 765 695 cana
792 652 892 695 nive
922 655 1128 707 conspuet
1156 649 1306 706 Alpes,

216 795 273 828 36.
298 773 431 835 quassa
454 793 532 828 ΜΕ
558 796 597 828 et
618 804 675 838 pr.
701 792 738 835 S,
762 792 802 827 F.
827 811 873 817 —
897 793 955 826 38.
980 791 1019 835 fl]
1043 793 1093 824 ,τίς
1118 790 1143 825 S
1168 793 1207 826 et
1231 801 1327 825 corr.
1351 790 1388 824 b.

122 905 164 947 8,
200 906 265 939 50:
299 906 371 947 Qui
401 906 494 938 iuris
526 906 637 938 nodos
667 907 700 938 et
736 905 854 946 lecum

121 953 334 994 amomum
356 953 486 986 sobac.
528 951 634 986 Cous.
661 951 735 986 Sat.
761 953 794 993 2,
821 953 854 994 2,

123 1000 203 1032 131.
221 1017 265 1023 ——
281 999 440 1042 Eripiel]
469 999 620 1033 Terent.
644 998 794 1033 Phorm.
820 1000 855 1041 5,

121 1045 157 1087 7,
174 1045 240 1088 (al.
258 1046 308 1088 8),
325 1047 390 1081 96:
418 1047 480 1081 Vel
504 1047 649 1080 oculum
665 1046 855 1088 exsculpe,-

122 1094 173 1125 σει
190 1093 252 1126 ube·
268 1101 331 1126 voe
347 1094 505 1127 ulciscar
524 1095 650 1135 probe.
667 1112 714 1117 —
731 1094 854 1126 citius-

121 1139 247 1183 quam]
283 1139 324 1174 id
361 1143 438 1183 est,
476 1141 625 1182 facilius
663 1149 783 1181 quam.
810 1159 853 1164 —

122 1187 390 1231 contemplum]
423 1187 470 1221 ab
493 1188 644 1221 homine
670 1186 855 1231 improbo,

122 1233 191 1278 qui
214 1236 251 1268 te
276 1244 347 1268 nec
376 1238 593 1268 revereatur
619 1245 690 1268 nec
716 1235 854 1269 timeat.

123 1299 169 1304 —
195 1289 300 1314 casm
324 1281 436 1323 nuce]
463 1293 527 1324 „re
552 1281 612 1315 vel
636 1282 853 1315 vilissima.“

124 1346 170 1350 —
184 1328 377 1371 pauperes]
396 1328 564 1372 „spoliet,
582 1329 736 1372 privet.“
763 1327 857 1361 Ver-

123 1373 212 1406 bum
246 1375 304 1408 est
335 1373 574 1416 Plautinum,
610 1379 652 1408 ut
683 1373 856 1408 ICtorum

122 1421 339 1462 pauperiem
369 1422 512 1463 facere,
545 1423 654 1463 dare,
689 1422 791 1455 velut
815 1422 856 1455 in

127 1466 195 1501 illo
218 1465 304 1500 XII.
330 1467 439 1502 Tab.:
475 1470 507 1501 si
533 1469 741 1509 quadrupes
762 1477 857 1510 pau-

122 1514 262 1555 peu-iem
285 1515 421 1557 fecerit.
445 1534 494 1539 —
516 1515 632 1558 iocus]
668 1515 776 1557 „aliis
801 1515 857 1549 lu-

127 1559 284 1595 1111)ῐίοέ
332 1561 487 1596 Petron.
513 1563 579 1596 57:
616 1563 723 1596 Nunc
750 1571 857 1604 spero

126 1615 184 1640 ιιι
207 1609 260 1641 sic
283 1609 417 1651 vivere,
442 1612 482 1642 ut
499 1610 634 1642 nemim·
650 1611 747 1643 iocus
771 1611 851 1643 sim.

125 1652 304 1689 Similiter
339 1658 566 1700 usurpatus·
580 1657 676 1690 rim
711 1655 784 1690 Sat.
819 1658 851 1699 2,

125 1702 159 1743 2,
185 1703 263 1736 107.

171 1749 227 1782 38.
252 1749 470 1784 Ρσῑῑίαιὶαηι
487 1750 633 1793 curare]
662 1751 851 1795 „corporis

125 1795 186 1830 sui
208 1796 346 1830 habere
370 1795 530 1831 curam.“
579 1797 675 1831 Aen.
700 1797 793 1842 Epp.
820 1801 853 1839 1,

125 1843 160 1885 2,
176 1844 236 1876 29:
261 1845 310 1876 In
331 1846 411 1878 cuce
436 1846 604 1878 curanda
625 1846 709 1886 plus
735 1854 852 1886 aequo

125 1892 280 1931 operata
294 1891 471 1925 iuventus.
493 1894 524 1932 1,
541 1895 575 1935 4,
594 1894 658 1926 15:
680 1893 853 1934 pinquem

126 1938 160 1969 et
183 1938 338 1970 nitidum
368 1939 454 1971 bene
486 1941 618 1972 curata
642 1943 731 1972 cute.
758 1958 802 1963 --
828 1942 853 1981 11

126 1985 287 2024 monitor
303 1985 399 2025 ἰρεες
416 1985 560 2028 Persea]
580 1984 640 2019 Sic
657 1986 853 2030 interpun-

126 2029 307 2074 gendum:
333 2032 498 2071 „nemini
523 2032 601 2073 alii,
626 2036 669 2065 u't
685 2033 755 2067 hoc
774 2033 853 2066 offi-

128 2076 186 2110 cio
211 2087 301 2122 erga
322 2077 500 2111 Publium
531 2079 731 2123 fungatur,
765 2090 854 2113 con-

129 2122 286 2157 oeffitof
322 2123 447 2158 Minus
472 2128 573 2158 recte
597 2125 792 2160 Bentleius
818 2130 855 2160 et

127 2168 370 2204 Heindorfius
399 2171 617 2215 dispescunt
641 2183 715 2206 vva:
748 2174 773 2214 fi
798 2182 855 2206 co·

129 2217 269 2258 anitum·
298 2218 372 2258 ipse
398 2219 539 2252 Persia.
588 2218 855 2263 Imperativum

128 2265 252 2297 autem
281 2263 498 2298 Plautinum
528 2267 553 2308 fi
591 2265 724 2308 (Curc.
752 2269 788 2308 1,
825 2269 856 2309 1,

128 2311 192 2344 87:
232 2311 257 2352 fi
289 2313 339 2344 mi
374 2313 600 2355 obsequens.)
644 2313 856 2357 complures

128 2355 299 2400 Codices,
322 2358 412 2392 item
438 2360 685 2402 consuetudo,
710 2371 756 2394 ex
782 2372 858 2404 qua

129 2403 306 2438 dicebant
329 2407 549 2448 monitorem
573 2408 653 2449 fieri
677 2407 770 2450 (Cic.
787 2418 856 2452 pro

126 2449 266 2486 Roscio
292 2451 395 2486 Com.
431 2455 486 2487 18.
518 2454 559 2487 in
586 2453 692 2488 Verr.
725 2456 765 2495 2,
798 2457 856 2488 43.

128 2496 209 2532 Liv.
235 2500 293 2541 39,
317 2500 388 2541 5.),
413 2501 504 2534 satis
529 2503 701 2535 tutantur
726 2501 857 2535 adver-

129 2553 194 2579 sus
220 2547 452 2590 corruptelas
476 2550 517 2590 si,
542 2549 602 2581 sis.
626 2567 668 2572 —-
696 2549 856 2590 coani-

129 2593 201 2625 lor
233 2595 301 2635 esc,
341 2595 404 2634 qui
436 2596 593 2635 defendit
629 2596 784 2629 alterum
816 2597 857 2630 in

32 2667 58 2681 v,
130 2639 275 2681 iudicio,
299 2641 332 2673 si
349 2643 554 2682 praesentis
571 2651 721 2675 causam
745 2644 856 2685 novit,

132 2687 163 2717 et
186 2686 238 2719 sic
261 2689 383 2720 tuetur
400 2691 438 2721 ut
454 2697 571 2722 suam.
603 2689 856 2724 Pseudascon.

903 903 943 937 in
971 902 1048 938 cic.
1073 902 1198 937 Divin.
1223 902 1256 946 ξ.
1284 904 1339 936 11.
1372 902 1430 947 (p.
1464 903 1544 935 104.
1574 900 1633 935 ed.

902 950 1015 992 Bait.)
1067 951 1292 991 connitor
1332 952 1381 983 est
1422 950 1487 990 qui
1535 949 1635 982 litem

903 999 1054 1032 alter-ius
1078 998 1224 1039 mcipss
1249 1006 1374 1031 coram
1398 1005 1459 1038 eo,
1484 997 1544 1030 cm·
1568 997 1635 1030 da·

903 1047 960 1079 lus
986 1048 1048 1078 est.
1088 1045 1234 1079 Festus.
1274 1043 1478 1088 Postquam
1508 1046 1634 1077 autem

903 1093 942 1126 in
968 1092 1092 1126 locum
1117 1091 1261 1126 domini
1293 1091 1372 1125 litis
1406 1091 1635 1125 substitutus

904 1143 985 1174 erat
1009 1139 1200 1184 cognitor,
1232 1139 1296 1173 ille
1322 1138 1362 1172 in
1387 1138 1530 1172 iudicio
1556 1148 1633 1172 non

903 1188 976 1221 iam
1001 1197 1218 1231 comparere
1242 1196 1397 1220 necesse
1412 1185 1586 1220 habebat.

951 1236 1071 1268 39·41.
1096 1235 1225 1267 Persia
1242 1237 1351 1274 alque
1375 1232 1530 1275 obdura]
1547 1232 1637 1276 Ipsa

904 1281 988 1315 soni
1020 1282 1222 1325 asperitate
1255 1291 1436 1314 summam
1468 1280 1635 1323 pertina—

905 1329 999 1361 ciam
1023 1328 1216 1372 exprimit3
1242 1330 1374 1361 contra
1396 1337 1508 1371 quam
1526 1325 1634 1360 Ovid.

906 1374 1017 1408 Trist.
1043 1377 1077 1417 5,
1104 1377 1158 1416 11,
1184 1376 1223 1408 ’ἰε
1265 1375 1392 1415 Perfer
1417 1376 1450 1407 et
1474 1374 1635 1413 eodum

904 1422 1019 1463 mago
1036 1423 1212 1462 uraviora
1230 1422 1358 1454 tulisti.
1376 1440 1420 1444 —
1437 1430 1502 1454 seu
1518 1422 1635 1454 rubra

905 1468 990 1511 cet]
1017 1468 1290 1512 „Heredipetae
1307 1467 1551 1502 obdurandus
1577 1470 1637 1502 est

906 1519 942 1549 et
973 1516 1066 1549 solis
1098 1518 1225 1550 aestus
1258 1515 1572 1560 flagrantissimus
1597 1516 1637 1549 et

904 1562 1024 1608 frigus
1060 1562 1369 1608 rigidissimum.“
1421 1561 1635 1596 salsissime

899 1609 963 1643 hic
986 1609 1120 1644 irridet
1145 1609 1299 1654 triplici,
1325 1612 1367 1643 ut
1390 1610 1482 1643 mihi
1501 1609 1634 1644 saltem

901 1656 1065 1699 videtur,
1098 1657 1254 1701 parodia
1276 1655 1325 1690 M.
1342 1657 1497 1690 Furium
1524 1656 1635 1690 Biba-

901 1704 1047 1746 culum,
1090 1715 1201 1748 quem
1238 1706 1425 1745 tumidum
1461 1705 1636 1745 Alpinum

900 1751 1065 1795 appellat
1102 1751 1176 1785 Sat.
1216 1755 1255 1793 l,
1293 1753 1357 1793 10,
1395 1753 1451 1785 36.
1507 1751 1634 1795 Atque

901 1809 991 1833 sane
1028 1798 1122 1832 alias
1158 1798 1273 1833 miras
1315 1795 1480 1844 φράσεις
1519 1799 1635 1832 huius

900 1847 1033 1890 postae
1065 1845 1176 1880 nobis
1210 1846 1372 1880 servavit
1397 1845 1544 1879 Gellius
1578 1848 1635 1887 18,

902 1895 958 1926 11.
976 1893 1112 1927 veluti:
1136 1895 1323 1934 sanquine
1340 1894 1497 1927 diluitur
1514 1893 1633 1926 lellus.

901 1941 1082 1973 --Omm'a
1100 1943 1308 1974 noctescunt
1332 1941 1485 1974 tenebris
1507 1941 1635 1981 calioi-

900 1988 956 2019 πίε
994 1990 1101 2020 atrae
1139 1991 1208 2021 cet.
1256 1987 1293 2021 Is
1330 1988 1465 2032 igitur,
1502 1990 1544 2020 ut
1581 1987 1637 2020 ait

903 2033 1181 2068 Commentator
1196 2034 1354 2079 Cruquii
1372 2034 1455 2076 (cfr.
1475 2033 1633 2072 Quintil.

903 2081 943 2122 8,
970 2083 1010 2121 6,
1038 2082 1127 2123 17.),
1154 2081 1405 2125 Pragmatiam
1432 2081 1635 2123 (narratio-

903 2128 1003 2168 nem)
1027 2127 1117 2160 belli
1136 2127 1271 2161 Gallici
1297 2129 1333 2169 (a
1356 2128 1454 2161 Iulio
1474 2127 1635 2161 Caesare

902 2174 1013 2218 gesti)
1032 2174 1104 2207 hoc
1121 2185 1232 2208 versu
1250 2185 1405 2208 exorsus
1423 2179 1521 2208 erat:
1547 2177 1636 2216 lup-

900 2221 996 2261 piter
1030 2222 1199 2254 hibernas
1232 2230 1326 2254 cana
1358 2223 1438 2255 nive
1470 2223 1635 2263 conspuit

904 2268 1029 2309 Alpes,
1054 2267 1184 2302 eadem
1209 2268 1397 2302 cacozelia
1421 2279 1533 2310 usus,
1559 2280 1637 2314 qua

903 2313 1086 2359 Hegesias
1118 2315 1219 2360 apud
1250 2315 1406 2360 Dionys.
1439 2315 1562 2350 Hali-3.
1587 2316 1634 2350 de

906 2360 1076 2405 Compos.
1113 2373 1149 2406 p.
1187 2364 1244 2397 29.
1282 2362 1421 2396 Goell.:
1471 2361 1523 2396 Οὐ
1561 2361 1635 2410 γὰρ

902 2407 1044 2455 μικρὰν
1077 2409 1124 2451 (f.
1156 2408 1332 2456 μακρὰν)
1366 2412 1419 2451 εἰς
1451 2410 1635 2454 Θηβαίων

904 2450 1003 2502 ὕδωρ
1024 2452 1184 2490 ἔπτυσεν
1201 2454 1224 2490 ὁ
1242 2454 1432 2499 Διόνυσος
1455 2457 1531 2490 κτλ.
1555 2458 1635 2491 Iam

902 2501 984 2536 Iovi
1009 2503 1144 2537 festive
1175 2504 1308 2539 irrisor
1341 2505 1535 2539 substituit
1560 2505 1635 2537 Fu-

903 2550 1003 2583 rium
1027 2550 1169 2594 ipsum3
1194 2554 1274 2585 tota
1290 2556 1413 2586 autem
1431 2552 1634 2595 reprehen-

905 2596 961 2630 sio
1000 2597 1099 2631 cadit
1134 2597 1175 2631 in
1212 2610 1325 2632 unam
1362 2599 1465 2632 illam
1502 2600 1636 2631 duram

905 2646 938 2677 et
955 2653 979 2677 a
999 2645 1194 2686 lona-inqua
1218 2647 1454 2679 similitudine
1475 2647 1635 2688 ductam,

904 2693 946 2724 ut
970 2691 1024 2725 ait
1049 2690 1205 2731 Quintil.
1231 2692 1255 2725 l.
1274 2693 1310 2734 1.,
1336 2693 1449 2726 immo
1466 2692 1634 2736 putidam
