1786 2912
552 598 605 669 Q.
636 597 888 659 HORATH
925 594 1138 687 FLlccl

314 740 1376 867 SATIRARUM

545 945 749 990 LIBER
780 944 1139 989 SECUNDUS.

691 1212 942 1255 SATIRA
972 1212 1014 1254 1.

212 1291 335 1350 Sunt,
366 1297 519 1352 quibus
550 1297 595 1337 in
627 1295 758 1337 satira
787 1294 934 1336 videor
964 1293 1091 1334 nimis
1123 1307 1221 1335 acer
1251 1297 1294 1335 et
1325 1293 1438 1334 ultra

191 1402 294 1436 SAT.
317 1402 347 1436 1.
374 1404 405 1435 1.
429 1403 559 1435 videar
583 1400 721 1442 bc‚LCt
745 1403 783 1433 et
810 1410 922 1441 „cum
947 1398 1102 1432 dimidia
1127 1398 1206 1432 fere
1233 1397 1406 1432 codicum
1430 1398 1558 1441 parte⁴⁶

145 1449 355 1484 Bentleius.

143 1530 174 1567 I.
198 1531 397 1567 Simulum
408 1541 448 1566 se
467 1530 507 1565 C.
524 1528 742 1564 Trebatium
760 1528 828 1563 Te-

98 1581 203 1621 stam,
226 1578 418 1624 insignem
430 1577 527 1612 iuris
543 1578 721 1622 peritum,
737 1586 826 1610 con-

98 1626 242 1669 sulere,
273 1625 367 1670 quid
397 1626 438 1658 in
471 1627 575 1659 tanta
602 1624 827 1658 obtrectato-

97 1683 182 1707 rum
205 1673 247 1707 in
271 1683 312 1708 se
338 1672 546 1717 satirasque
575 1681 664 1705 snas
688 1671 828 1715 iniqui-

96 1722 173 1754 tate
218 1719 353 1763 faciat,
402 1722 526 1754 tamen
574 1719 645 1752 hoc
690 1726 828 1762 genere

99 1768 237 1803 omisso
262 1766 434 1802 Caesaris
458 1777 519 1800 res
544 1768 685 1810 gestas,
718 1765 828 1798 iusti-

98 1814 207 1857 tiam,
238 1813 496 1849 fortitudinem
526 1813 691 1846 carmine
721 1812 828 1856 epico

98 1861 324 1907 panegyrico
348 1860 566 1906 praedicare
591 1859 758 1894 nondum
790 1870 829 1892 se

100 1908 239 1942 audere
256 1908 479 1943 dexterrime
498 1907 686 1952 significat
703 1907 742 1948 (a
754 1917 829 1950 quo

100 1965 239 2000 genere
251 1966 343 1989 suae
350 1954 470 1989 indoli
480 1954 668 1988 contrario
678 1953 830 1987 omnino

101 2001 353 2046 abhorrebat),
377 2004 509 2036 contra
531 2001 572 2034 in
589 2001 716 2035 satiris
734 2011 832 2034 com-

100 2049 302 2092 ponendis,
326 2048 485 2091 Lucilii,
509 2048 556 2082 (le
582 2059 658 2093 quo
683 2047 834 2091 aequis·

102 2095 195 2129 sime
218 2095 380 2138 iudicat,
405 2095 574 2139 exemplo
599 2095 672 2128 sibi
696 2104 833 2139 propo-

104 2142 195 2184 sito,
231 2141 343 2176 etiam
374 2141 610 2186 postmodum
643 2152 682 2175 se
707 2151 834 2185 perse-

104 2191 338 2231 veraturum,
385 2189 563 2233 quoniam
603 2189 674 2222 hoc
714 2198 835 2232 genus

104 2246 195 2270 suae
227 2238 386 2270 naturae
419 2236 576 2269 maxime
603 2235 652 2268 sit
677 2244 836 2268 consen-

103 2285 266 2317 tamum.
293 2283 491 2326 „Verum“,
515 2282 651 2326 inquit,
678 2282 746 2323 „in
771 2292 836 2325 po·

104 2333 246 2364 aterum
279 2330 320 2363 in
355 2340 434 2364 eos·
453 2329 645 2363 dumtaxat
669 2329 835 2371 invehar,

105 2377 174 2421 qui
185 2387 243 2411 me
252 2377 352 2412 ultro
362 2377 529 2422 aggressi
540 2376 725 2418 fuerint?
746 2386 838 2419 quo-

105 2434 191 2466 rum
205 2424 302 2458 hac'
291 2435 374 2468 ipsa
391 2425 587 2458 occasione
602 2423 726 2457 oblata
742 2433 836 2456 non-

106 2463 234 2509 nullos
258 2472 394 2505 acriter
419 2471 582 2505 vellicat.
614 2470 747 2512 „Tales
771 2480 837 2503 au-

106 2519 182 2551 tem
203 2518 436 2552 nebulones“
462 2518 612 2562 (pergit,
636 2518 839 2551 memorata

106 2563 245 2599 Lucilii
269 2575 354 2599 cum
371 2565 548 2610 Scipione
566 2568 603 2599 et
619 2564 748 2598 Laelio
774 2574 839 2597 ne-

108 2611 339 2646 cessitudine
371 2613 431 2646 vel
467 2615 622 2657 propter
660 2621 838 2645 summam

107 2657 213 2692 illius
236 2659 446 2693 libertatem
462 2670 659 2704 nunquam
678 2658 837 2699 dissuta)

111 2705 200 2747 „ubi
215 2706 484 2750 perstrinxero,
504 2717 698 2750 nunquam
715 2705 839 2750 profe-

876 1531 934 1562 cto
958 1527 1118 1570 timebo,
1152 1538 1199 1562 ne
1223 1530 1396 1571 potentes
1421 1526 1563 1561 amicos
1587 1536 1610 1560 a

875 1585 933 1608 me
951 1575 1194 1609 abalienem.“
1220 1574 1300 1608 Iam
1313 1574 1525 1615 Trebatius,
1544 1574 1609 1618 qui

874 1621 953 1655 ICti
977 1625 1103 1666 partes
1128 1633 1196 1666 per
1224 1622 1321 1656 hanc
1347 1622 1500 1655 satiram
1525 1620 1610 1654 dra-

875 1669 1048 1703 maticam
1074 1669 1223 1714 egregie
1255 1672 1403 1710 tuetur,
1439 1668 1611 1702 festivam

855 1717 1006 1750 .iuveni
1031 1717 1150 1750 amico
1183 1715 1397 1750 cautionem
1426 1715 1611 1760 praescri-

876 1764 1118 1808 ptionemque
1136 1764 1323 1808 praecipit
1339 1763 1422 1806 (cfr.
1437 1762 1484 1797 ad
1501 1773 1535 1795 ι’.
1550 1763 1612 1804 5.),

880 1821 950 1852 „ne
969 1822 1136 1855 unquam
1152 1812 1256 1844 mala
1273 1812 1440 1843 carmina
1463 1820 1612 1853 compo-

879 1859 979 1900 nat“,
992 1869 1153 1903 eumque
1166 1858 1207 1891 in
1220 1868 1404 1903 generoso
1418 1857 1612 1901 proposito

879 1905 1085 1939 confimat.
1132 1904 1177 1938 Id
1207 1915 1298 1939 sane
1323 1916 1390 1948 per
1415 1915 1456 1938 se
1481 1905 1613 1948 liquet,

879 1955 993 1986 totam
1019 1952 1332 1986 consultationem
1358 1951 1483 1985 fictam
1513 1961 1614 1993 esse3

880 2010 1011 2033 verum
1027 2000 1138 2044 longe
1156 1999 1348 2033 difficilior
1362 2002 1418 2033 est
1432 1997 1616 2043 quaestio,

880 2049 1008 2080 utrum
1021 2046 1200 2080 Horatius
1213 2046 1305 2080 adeo
1320 2046 1518 2080 familiaris
1534 2045 1615 2078 fue-

882 2093 934 2126 rit
947 2093 1128 2135 Trebatii,
1145 2096 1188 2126 ut
1204 2094 1329 2127 iocoso
1344 2104 1434 2127 sene
1448 2092 1559 2126 facile
1577 2092 1616 2125 id

882 2141 1121 2184 permittente
1135 2139 1324 2185 dialogum
1338 2141 1440 2173 hunc
1450 2139 1619 2173 conscri-

882 2187 1012 2232 pserit,
1038 2198 1087 2220 an
1112 2187 1212 2220 haud
1236 2188 1289 2221 ita
1314 2187 1379 2220 diu
1403 2189 1490 2231 post
1514 2186 1616 2220 senis

883 2234 1059 2268 omuibus
1076 2234 1157 2267 noti
1181 2233 1324 2267 obitum
1347 2235 1429 2268 eius
1454 2243 1619 2278 persona

883 2280 936 2315 ita
950 2281 999 2315 sit
1012 2291 1117 2321 usus,
1134 2281 1181 2314 ad
1194 2281 1296 2325 quod
1312 2281 1441 2325 potius
1452 2284 1619 2315 statuen-

883 2328 973 2361 dum
990 2328 1149 2362 inclinat
1165 2328 1327 2362 animus.
1360 2327 1507 2372 Scripta
1523 2328 1617 2361 haec

885 2374 1007 2409 Satira
1024 2375 1170 2408 videtur
1187 2375 1352 2410 Frankio
1370 2378 1409 2409 et
1422 2375 1619 2409 Grotefen-

885 2422 947 2455 dio
965 2433 998 2456 a.
1012 2433 1050 2455 ιι.
1064 2433 1095 2455 c.
1109 2424 1201 2464 724„
1218 2423 1304 2456 aliis
1321 2434 1353 2457 a.
1372 2424 1453 2457 726.
1479 2421 1620 2455 Verum

884 2469 953 2502 illa
976 2469 1072 2503 ratio
1091 2469 1200 2514 longe
1218 2470 1358 2504 rectior
1380 2472 1448 2511 est,
1474 2480 1520 2503 ex
1546 2479 1620 2513 qua

885 2517 999 2550 huius
1024 2516 1114 2550 libri
1138 2519 1229 2550 tunc
1252 2517 1344 2551 editi
1361 2516 1470 2561 quasi
1495 2516 1621 2560 prolo-

886 2574 956 2608 gus
983 2564 1066 2597 erit.

937 2614 1008 2644 1-4.
1040 2612 1131 2644 Sum
1156 2610 1480 2651 quibus-widem]
1519 2609 1622 2642 Haec

887 2658 1118 2692 constructio
1145 2658 1300 2692 Horatio
1326 2658 1436 2691 solita
1460 2657 1496 2689 h.
1516 2656 1540 2688 l.
1564 2666 1622 2689 sa-

887 2705 935 2739 tis
969 2705 1080 2739 etiam
1112 2716 1136 2739 a
1168 2704 1285 2738 codd.
1311 2705 1492 2737 firmatur.
1544 2701 1619 2736 Cfr.
