1774 2930
568 173 662 208 Lm.
684 173 715 208 1.
762 171 916 206 EPIST.
940 171 1022 209 VII.

1488 171 1572 212 307

179 275 260 318 Vir
287 275 425 318 bonus
456 277 499 316 et
530 274 701 330 sapiens
732 272 872 328 dignis
903 271 963 314 ait
992 244 1088 314 esse
1118 274 1310 328 paratus,

180 346 271 389 Nec
300 349 444 388 tamen
473 345 661 401 ignorat,
693 343 796 400 quid
826 342 986 386 distent
1015 356 1117 385 aera
1145 342 1330 398 lupinis:

179 416 371 473 Dignum
399 415 627 473 praestabo
657 429 726 456 me
756 414 887 456 etiam
915 427 993 470 pro
1022 412 1150 456 laude
1177 413 1396 455 merentis.

183 486 346 536 Quodsi
375 501 444 530 me
475 486 595 529 noles
625 499 808 542 usquam
838 484 1078 537 discedere,
1108 483 1263 527 reddes

146 617 217 650 22.
246 619 421 658 paratum
446 615 569 658 bch,

113 666 308 708 praeterea
331 663 390 697 Lt.

65 763 180 797 habet
210 763 306 797 illud
337 763 385 797 M.
410 763 556 798 Pinarii
587 762 687 807 apud
719 762 796 796 Cic.

66 810 114 844 de
140 810 204 844 Or.
229 812 270 853 2,
303 813 368 853 65,
401 813 488 844 2611
533 812 574 843 Ut
604 812 797 843 sementem

65 859 215 900 seceris,
239 859 294 891 ita
316 860 437 892 metes.
464 877 507 881 -
532 856 712 901 inqratos]
748 855 797 890 Et

69 905 158 948 quia
181 904 274 939 talia
297 905 396 939 dona
415 905 639 949 plerumque
662 914 796 957 parum

67 954 223 996 accepta
234 953 349 986 sunt
338 952 387 986 118
403 952 509 996 ipsis,
527 951 667 996 quibus
679 951 796 995 proii-

66 998 242 1041 ciuntur,
275 1002 313 1033 et
336 999 427 1044 quia
450 998 711 1032 adulatoribus
737 998 795 1030 in-

67 1045 192 1090 dignis
224 1055 269 1079 80
303 1046 365 1080 vel
399 1048 599 1090 propterea
634 1045 795 1089 ingratis

67 1092 283 1126 hominibus
307 1093 430 1127 solent
454 1093 579 1126 favere
606 1092 724 1126 stulti.
749 1109 796 1116 —

66 1140 151 1173 tulit
175 1142 209 1173 et
233 1140 341 1183 feret]
365 1139 476 1174 Haud
493 1140 713 1183 infrequens
740 1141 797 1173 est

6 1214 10 1218 .
66 1186 160 1220 haec
177 1197 224 1230 pe

306 1187 335 1220 ti
360 1190 397 1221 et
420 1187 539 1221 futuri
566 1186 796 1220 coniunctio.

67 1231 138 1267 Od.
163 1235 204 1275 2,
253 1235 293 1276 3,
320 1236 382 1267 19:
422 1235 623 1275 improvisa
650 1235 711 1267 leti
739 1234 797 1267 Vis

66 1281 192 1321 rapuit
215 1282 406 1322 rapietque
437 1283 568 1322 ventes.
596 1300 637 1304 —
664 1280 796 1322 dionis]

70 1328 113 1359 ut
137 1336 266 1370 saepe,
298 1327 482 1362 absolute.
532 1327 689 1361 Publius
716 1327 798 1372 (Sy-

70 1373 153 1414 rus)
177 1373 278 1417 apud
291 1373 388 1407 Gen.
408 1376 463 1415 17,
489 1376 552 1407 14:
578 1375 799 1415 Beneficium

71 1420 192 1452 dando
231 1422 388 1462 aceepit,
438 1422 501 1461 qui
540 1422 649 1462 dione
690 1422 798 1454 dedit.

70 1465 139 1499 Est
174 1469 298 1500 autem
338 1467 486 1501 dativus
526 1467 572 1500 de
613 1467 798 1511 personis,

71 1523 160 1555 non,
184 1515 229 1546 ut
251 1513 319 1547 8111
344 1514 565 1558 opinantur,
593 1514 798 1549 ablativus:

73 1559 142 1601 „ad
182 1570 228 1594 08
267 1560 443 1595 donanda
482 1564 653 1626 pammsg
701 1572 798 1606 quae

70 1583 186 1659 digna
209 1609 248 1641 et
270 1618 311 1641 se
336 1610 375 1642 et
397 1608 515 1642 amico
541 1608 651 1642 sint.“
675 1627 718 1632 —
746 1610 799 1642 ait

71 1646 146 1686 &sse
173 1654 354 1697 paratus]
388 1654 532 1689 Graeca
565 1656 797 1690 constructio

70 1696 111 1742 (ὁ
126 1697 276 1744 ἀγαθὸς
289 1702 358 1735 καὶ
363 1699 565 1756 φρόνιμος
576 1706 661 1738 τοῖς
675 1700 800 1745 ἀξίοις

71 1748 192 1801 φησὶν
227 1745 325 1781 εἶναι
362 1744 534 1792 ἕτοιμος)
573 1749 674 1783 haud
713 1761 798 1784 rara

70 1790 171 1838 apud
205 1797 336 1839 poetas
371 1796 526 1831 Latinos
562 1800 649 1840 post
683 1797 799 1831 verba

69 1840 280 1876 affirmandi
305 1845 343 1877 et
367 1843 573 1886 sentiendi,
598 1843 667 1877 Od.
682 1846 715 1886 3,
740 1846 797 1886 27,

71 1889 274 1923 73:11mr
296 1891 422 1923 invicti
447 1892 544 1923 Iovis
570 1900 645 1924 esse
669 1893 796 1924 nescis.

72 1933 210 1969 Catuli.
234 1938 349 1978 4,11
389 1939 561 1970 Phaselus
592 1939 688 1971 itte·
704 1939 797 1971 -Ait

71 1982 182 2022 tuisse
219 1984 369 2016 navium
409 1985 630 2018 celerrimus.
691 1984 796 2030 Virg.

71 2019 166 2061 Aen.
190 2030 232 2070 5,
264 2030 352 2062 3⁷2:
393 2031 455 2070 qm·
478 2039 516 2063 se
541 2032 718 2071 Bebrycia
740 2041 798 2065 ve-

73 2053 315 2115 mai-110⁸·
335 2077 379 2108 de
404 2079 508 2117 vente
533 2078 683 2118 terebat.
708 2078 800 2112 Pro-

71 2122 170 2163 pert.
201 2123 243 2163 4,
276 2124 317 2164 5,
349 2125 406 2155 39.
438 2125 597 2166 utraque
629 2127 799 2158 constru-

74 2167 199 2201 ctione
215 2169 435 2202 coniuncta:
464 2170 525 2203 Me
550 2178 692 2210 quoque
717 2180 800 2204 ccm-

71 2214 184 2247 sinuli
230 2216 438 2257 impositum
482 2218 683 2256 torquerier
722 2218 800 2258 iam·

73 2262 213 2294 lumbo
237 2264 273 2295 et
297 2263 347 2296 bis
371 2271 436 2296 sea·
458 2264 599 2304 ἐπίεσεν·
615 2273 690 2297 esse
714 2265 799 2298 dies.

71 2306 194 2342 Etiam
217 2309 318 2353 apud
343 2309 514 2343 Tacitum
536 2310 636 2343 Ann.
663 2313 726 2353 11,
758 2313 800 2345 9:

69 2356 241 2396 pepiaere
278 2357 451 2398 fraudem
483 2358 712 2390 inimieorum
744 2359 801 2391 ul-

11 2410 25 2442 .
73 2402 159 2435 eieci
182 2404 292 2444 atque
314 2405 390 2445 ipse
414 2405 510 2437 inter
532 2413 570 2438 se
595 2406 798 2438 concedere.

9 2447 25 2468 Ψ
72 2447 170 2482 Hist.
186 2452 222 2491 4,
238 2451 304 2484 55.
328 2452 568 2492 ἐμω-1103118
582 2453 714 2493 populi
731 2454 799 2485 Ro.

73 2503 184 2536 quan
213 2498 331 2530 socius
353 2499 526 2531 iactabat.
573 2497 642 2532 Est
664 2499 800 2543 igitur:

75 2540 161 2584 „Ait
184 2553 224 2577 80
249 2554 332 2578 esse
365 2547 577 2589 promptum
605 2545 653 2579 ad
686 2545 800 2579 bene-

0 2582 3 2588 ’
74 2587 160 2622 ficia
181 2590 430 2634 impertienda
461 2592 677 2626 110111111111118
709 2593 800 2627 talia

74 2637 303 2672 merentibus
328 2641 365 2672 et
388 2641 526 2680 tamen,
559 2640 799 2684 quantumvis

77 2680 189 2714 bonus
213 2686 251 2717 et
271 2684 465 2720 beneficus
490 2664 558 2728 sit,
581 2690 734 2731 propter
759 2687 798 2720 id

75 2726 198 2770 ipsum
235 2731 336 2774 quod
372 2734 516 2774 sapiens
553 2736 627 2775 est,
669 2734 798 2768 eodem

1518 483 1574 524 25

603 615 693 650 item
717 614 741 648 S
769 613 858 660 (sed
883 614 922 647 in
948 614 1019 648 hoc
1044 624 1231 659 superscr.
1256 614 1314 647 vet
1334 616 1492 655 paratus
1502 614 1528 655 ),

845 765 1011 806 tempore
1036 762 1187 794 minime
1213 761 1373 806 ignorat,
1399 760 1576 805 quemad-

843 809 994 842 modum
1019 809 1192 854 ignorare
1223 808 1347 842 solent
1371 808 1485 842 stulte
1513 808 1575 841 be·

844 855 968 898 nefici,
994 857 1081 897 quid
1104 857 1244 897 distent,
1270 858 1313 888 ut
1336 855 1455 897 aiunt,
1485 864 1576 888 aera

847 904 989 945 lupinis,
1015 903 1055 936 id
1081 906 1148 944 est,
1174 902 1309 948 dignos
1334 902 1381 936 ab
1406 902 1575 947 indignis

844 950 1049 994 prudenter
1084 949 1303 995 distinguit3
1340 949 1426 984 illos
1452 950 1577 983 8111110-

846 1000 906 1031 vat
942 1000 978 1031 et
1014 997 1191 1038 honorat,
1228 997 1297 1031 hos
1335 995 1495 1041 despicit
1531 1007 1575 1030 ac

845 1045 926 1078 sine
963 1044 1073 1078 donis
1110 1044 1295 1078 dimittit.“
1322 1063 1366 1067 —
1392 1053 1481 1077 aera
1522 1045 1576 1076 tu-

842 1091 961 1134 pinis]
985 1091 1233 1125 Proverbium
1259 1094 1382 1125 ortum
1408 1102 1453 1125 ex
1479 1101 1576 1125 com-

844 1139 1039 1183 paratione
1072 1139 1257 1182 pecuniae
1284 1142 1322 1172 et
1346 1139 1575 1183 lupinorum,

845 1186 985 1230 quibus
1012 1187 1119 1230 quasi
1143 1185 1275 1219 fictitia
1306 1186 1470 1230 pecunia
1496 1189 1576 1220 ute-

845 1234 982 1267 bantur
1015 1238 1051 1267 et
1084 1233 1267 1267 aleatores
1300 1236 1336 1266 et
1372 1233 1575 1267 histriones

846 1281 886 1313 in
913 1291 1036 1314 scena.
1085 1280 1208 1314 Plaut.
1233 1280 1350 1314 Poen.
1376 1282 1416 1322 3,
1443 1283 1484 1321 2,
1510 1283 1574 1314 20:

845 1327 917 1360 AG.
966 1328 1087 1369 Aque,
1124 1329 1309 1368 impierum
1346 1335 1480 1360 aarum
1514 1331 1575 1361 est.

847 1373 966 1407 Com..
1003 1376 1187 1415 Profecto,
1213 1376 1442 1416 spectatores,
1469 1376 1576 1407 comi-

847 1429 948 1454 cum.-
971 1423 1174 1463 *Macer-ato
1209 1422 1273 1454 hoe
1295 1422 1450 1462 pinques
1486 1423 1576 1463 nunt

848 1476 941 1501 auro
966 1469 1004 1500 in
1030 1469 1203 1501 barbaria
1229 1469 1345 1501 boves.
1376 1467 1466 1502 Cod.
1492 1469 1516 1501 l.
1544 1471 1576 1502 1.

848 1514 888 1548 C.
929 1514 975 1548 de
1015 1515 1264 1549 aleatoribus:
1312 1516 1352 1549 Si
1391 1517 1471 1556 quis
1510 1517 1577 1549 sub

845 1563 961 1603 specie
986 1563 1154 1595 alearum
1171 1563 1286 1595 vietus
1301 1563 1346 1595 sit
1369 1563 1503 1604 lupinis
1519 1564 1577 1596 vet

847 1609 924 1642 alia
956 1610 1085 1650 quavis
1117 1610 1291 1651 materia,
1326 1613 1433 1642 cesset
1467 1612 1577 1643 etiam

846 1657 1021 1689 adverm
1045 1665 1126 1689 eum
1150 1658 1267 1689 omnis
1291 1658 1447 1690 exactio.

894 1704 949 1736 24.
975 1705 1136 1744 Dianam
1154 1703 1238 1746 cet.]
1264 1703 1504 1738 Constructio
1523 1704 1576 1737 vi-

845 1750 955 1783 detur
981 1750 1213 1794 expedienda
1237 1750 1284 1784 ad
1310 1761 1477 1785 normam
1503 1752 1575 1785 loci

846 1796 1064 1831 Lucretiani
1093 1799 1135 1840 5,
1174 1801 1213 1831 1:
1250 1799 1576 1839 ‹tionum-war-

845 1853 927 1877 men
948 1845 1107 1878 Condere
1128 1854 1213 1886 pro
1238 1853 1363 1878 rerum
1387 1847 1577 1880 maiestate

845 1893 971 1932 hisque
1011 1893 1182 1935 reperti53
1223 1895 1265 1925 ut
1306 1893 1355 1926 sit
1396 1894 1576 1934 qemtiss

846 1940 943 1972 dem
958 1939 1156 1981 Werttte,
1173 1941 1270 1972 dem
1290 1941 1575 1974 Verdienste.

847 1985 968 2030 „Ergo
1001 1986 1112 2019 etiam
1137 1997 1195 2020 me
1221 1987 1333 2020 talem
1365 1987 1577 2031 praestabo,

847 2033 996 2076 qualem
1028 2033 1193 2076 requirit
1217 2033 1299 2067 laus
1324 2034 1423 2067 bene
1448 2034 1493 2068 de
1518 2045 1576 2067 me

846 2079 1038 2120 merentis,
1055 2079 1094 2112 id
1110 2082 1178 2122 est,
1203 2080 1287 2113 laus
1305 2082 1342 2113 et
1359 2080 1479 2114 virtus
1495 2085 1577 2123 tua,

847 2125 888 2157 in
925 2136 969 2158 00
1006 2126 1136 2159 sedulo
1179 2126 1397 2169 elaborabo,
1435 2131 1478 2160 ut
1514 2131 1578 2161 tua

847 2171 1110 2206 benevolentia
1130 2172 1328 2217 donisque,
1354 2173 1493 2218 quibus
1518 2186 1576 2208 me

847 2218 1015 2260 affecisti,
1040 2218 1177 2264 dignus
1203 2230 1350 2264 semper
1371 2223 1576 2255 11181108111.“

850 2283 893 2288 -
918 2266 1111 2310 meteretis]
1150 2266 1268 2309 „bene
1292 2268 1509 2310 merentis“,
1534 2273 1578 2302 ut

849 2311 952 2357 Virg.
992 2313 1085 2347 Aen.
1123 2316 1163 2355 6,
1205 2316 1292 2348 6641
1343 2316 1483 2356 Quique
1518 2318 1577 2348 sui

848 2367 1021 2393 memores
1034 2361 1127 2393 alios
1139 2362 1255 2401 secere
1268 2364 1450 2395 merendo.
1464 2363 1575 2408 Prop.

849 2408 889 2447 5,
924 2408 987 2449 11,
1022 2408 1107 2440 101:
1143 2409 1217 2442 Sim
1250 2410 1362 2450 diana
1393 2412 1576 2444 merendo.

847 2451 965 2487 Rutil.
1013 2453 1145 2498 Lupus
1180 2458 1219 2497 1,
1262 2458 1300 2489 1:
1348 2458 1579 2490 Demetrii

848 2501 1090 2534 Phalerei.-
1124 2503 1222 2535 Nam
1247 2504 1343 2543 quod
1367 2505 1577 2546 beneficium

848 2549 1006 2589 tempore
1032 2551 1064 2581 et
1090 2550 1249 2590 cupiertti
1271 2551 1399 2592 datur,
1430 2554 1577 2591 aratum

849 2596 911 2627 est.
962 2595 1104 2628 Utilitas
1130 2597 1224 2629 enim
1249 2605 1293 2629 ae
1316 2599 1490 2630 voluntas
1516 2606 1576 2630 ac-

848 2642 1004 2682 cipiendi
1036 2643 1207 2676 honorem
1240 2645 1362 2676 duratis
1385 2645 1474 2684 facit
1500 2653 1577 2677 am·

845 2688 1009 2728 pliorem.

895 2736 1013 2769 25-28.
1041 2737 1176 2778 Quodsi
1190 2746 1247 2770 me
1266 2736 1349 2779 cet]
1372 2736 1468 2780 „Sed
1486 2749 1577 2782 quo-
