1774 2930
609 172 705 207 m.
730 172 761 206 1.
808 170 962 206 muer.
984 169 1126 204 xvm.

1545 167 1630 209 3⁷7

227 275 295 318 Sit
321 275 429 318 mihi
456 274 596 331 prima
624 273 731 316 fides
761 276 807 316 et
835 285 938 315 vere
968 269 1083 327 quod
1111 269 1255 326 placet
1285 273 1334 311 ut
1363 282 1454 311 non

226 345 397 390 Acriter
424 345 635 388 elatrem?
663 343 859 386 Pretium
889 345 1007 385 aetas
1038 341 1174 384 altera
1204 338 1361 382 sordet.

227 417 474 473 Ambigitur
503 415 607 472 quid
638 414 787 458 enim?
816 413 972 456 Castor
1001 412 1108 454 sciat
1138 425 1194 454 an
1223 409 1430 453 Dolichos
1462 409 1584 465 plust,

228 487 509 530 Brundisium
537 485 700 529 Minuci
729 484 883 527 melius
914 482 998 526 via*
1015 482 1143 525 ducat
1173 495 1229 524 an
1261 481 1392 537 Appi.

1574 479 1633 520 20

231 558 372 607 Quem
401 557 607 600 damnosa
625 555 789 608 Venus,
821 567 949 610 quem
979 566 1188 610 praeceps
1219 552 1314 594 alea
1343 550 1498 603 nudat,

232 629 382 671 Gloria
411 642 540 684 quem
569 641 700 683 supra
730 626 844 668 vires
875 629 920 667 et
949 624 1082 666 vestit
1111 627 1156 666 et
1184 623 1330 678 ungit,

235 699 375 748 Quem
404 702 525 742 tenet
555 697 723 754 argenti
754 696 849 738 sitis
879 696 1126 751 importuna
1155 693 1396 749 famesque,

233 769 373 818 Quem
400 768 667 826 paupertatis
697 766 835 824 pudor
865 769 909 808 et
938 765 1062 821 fuga,
1094 764 1214 807 dives
1246 763 1408 806 amicus

234 840 373 897 Saepe
404 839 552 883 decem
582 839 699 880 vitiis
729 837 977 879 instructior
1007 835 1097 877 odit
1129 839 1173 877 et
1203 834 1369 886 horret,

1577 831 1635 872 25

214 972 268 1004 19.
293 970 429 1004 Deum
452 968 485 1002 R
509 972 547 1003 et
570 971 648 1002 tres
671 966 819 1009 mand„
843 967 982 1000 Docilis
1006 964 1145 1009 bScdp,
1170 964 1219 997 Lt
1243 968 1280 997 et
1306 962 1515 997 Bentleius.

116 1063 208 1098 mihi
244 1063 380 1097 mirum
416 1061 555 1098 accidit
588 1060 779 1106 profecto,
820 1060 850 1094 si

142 1122 184 1145 ιιι
214 1109 352 1144 adsunt
383 1120 461 1144 non
492 1109 585 1143 mihi
615 1109 852 1153 potissimum

115 1122 228 1192 adem
251 1157 433 1199 habeant,
458 1156 599 1201 quippe
625 1155 690 1200 qui
716 1155 853 1189 melius

117 1215 232 1259 quam
256 1204 373 1239 ceteri
398 1214 529 1238 verum
553 1203 743 1244 noverim3
768 1212 853 1246 per-

117 1252 275 1294 mirum,
311 1251 345 1286 si
377 1251 465 1295 quis
497 1250 590 1284 mihi
623 1228 853 1283 interdicere

119 1299 227 1339 velit,
263 1308 332 1340 ne,
369 1297 471 1342 quod
502 1297 595 1331 mihi
621 1297 736 1330 semel
771 1306 855 1340 per-

120 1345 241 1386 suasi,
273 1344 358 1379 sine
382 1344 463 1378 ulla
485 1344 686 1378 reticentia
712 1346 749 1376 et
772 1343 855 1376 sine

119 1392 202 1426 ullo
225 1394 328 1426 metu
358 1391 461 1426 clare
490 1391 688 1435 proferam.
700 1391 719 1408 “
747 1409 789 1413 ——
815 1392 856 1421 ul

120 1439 209 1482 non]
235 1438 442 1483 „quomodo
460 1448 561 1472 non·
569 1438 638 1470 ·?⁴·
664 1439 760 1478 wie,
786 1438 856 1469 ich

119 1486 268 1520 sollte
307 1486 437 1519 niem
471 1493 509 1519 u.
539 1494 569 1518 ⁸.
597 1486 672 1522 sm?
699 1503 742 1507 -
768 1484 858 1516 Ela-

121 1535 224 1566 trme
248 1535 307 1567 est
339 1542 513 1574 „summa
544 1530 735 1576 pquonis
767 1540 857 1564 con·

122 1579 292 1614 tentione
315 1579 500 1623 proferre,
524 1578 626 1623 quod
642 1578 683 1611 in
702 1577 858 1611 buccam

122 1627 266 1661 venit.“
293 1645 336 1650 —
362 1627 524 1659 Pretium
555 1625 642 1668 cet]
682 1624 857 1667 „Reiicio

122 1673 183 1708 vel
198 1672 471 1715 condicionem,
492 1683 605 1716 quam
622 1672 721 1706 alius
738 1671 859 1705 liben-

122 1721 266 1755 tissime
282 1720 481 1764 aceiperet‚
506 1722 550 1752 ut
564 1719 624 1753 vel
647 1721 734 1763 post
750 1729 859 1752 sene-

122 1770 264 1802 ctutem
282 1776 551 1811 repuerascere
567 1766 628 1800 vel
651 1768 738 1810 post
760 1776 861 1799 mor·

123 1818 198 1848 tem
214 1814 439 1848 reviviscere
455 1814 670 1858 iterumque
687 1823 756 1857 per
776 1812 859 1846 lon-

122 1872 206 1906 gam
231 1871 417 1895 annorum
443 1861 579 1895 seriem
600 1861 640 1894 in
665 1859 779 1894 terris
796 1859 860 1893 de-

122 1919 214 1954 gere
253 1908 346 1942 mihi
385 1908 532 1942 liceat.⁸
584 1932 602 1950 ‚‚
618 1908 748 1941 Altera
784 1907 861 1940 vita

125 1965 203 1989 non
227 1957 286 1988 est
309 1955 417 1996 tanti,
441 1958 484 1988 ut
506 1955 683 1989 taceam!
715 1953 861 1988 Senon.

126 2020 172 2025 —-
194 2000 332 2043 sordet]
356 2001 433 2034 crr.
456 2001 551 2045 Epp.
579 2004 611 2043 1,
638 2003 693 2041 11,
719 2004 754 2034 4.

87 2107 89 2109 ,
177 2073 232 2104 19.
265 2072 322 2104 20.
359 2071 564 2111 Ambim'lur
590 2071 677 2111 quid
711 2069 862 2112 επίπιῖ]

130 2116 235 2159 „Qua
267 2117 314 2150 de
346 2128 388 2150 re
421 2116 571 2151 tandem
605 2116 864 2150 controversia

129 2164 214 2198 est?
250 2163 347 2197 Sane
372 2163 420 2197 de
444 2163 617 2197 levicula.
622 2163 641 2181 ‘⁶
668 2182 711 2186 —
739 2165 865 2196 castor

162 2210 387 2253 -Dolideotl
419 2210 645 2255 gladiatores
678 2210 746 2244 illo
772 2213 864 2243 tem·

129 2267 222 2302 pore
246 2257 392 2302 magnis
418 2222 596 2291 lgaudibus
621 2256 668 2291 ab
690 2256 865 2290 omnibus

129 2303 322 2338 celebrati.
379 2305 548 2338 Dolichos
585 2307 711 2338 autem
745 2313 765 2337 e
798 2303 866 2336 tri-

132 2351 203 2385 bus
228 2351 343 2385 Codd.
361 2350 470 2384 Mart.
495 2351 609 2385 Tons.
635 2353 673 2384 et
698 2350 764 2384 Sil.
789 2350 867 2394 pri-

130 2409 213 2432 mus
243 2398 389 2442 recepit
413 2397 623 2443 Cruquius,
657 2400 695 2431 et
723 2397 867 2431 rectius

131 2455 224 2479 sane
255 2446 295 2478 in
329 2445 517 2490 mancipio
547 2445 697 2478 videtur
729 2455 866 2478 nomen

132 2491 340 2534 Graecum,
377 2492 448 2526 etsi
473 2492 707 2525 Doc1n1s
741 2490 869 2525 liberti

132 2549 268 2573 nomen
306 2542 364 2573 est
399 2538 440 2572 in
471 2538 727 2583 Inscriptione
758 2537 870 2571 Muti-

131 2585 243 2620 nensi
280 2586 383 2633 apud
416 2585 672 2620 Cardinalium
707 2586 872 2626 Diplomn·

133 2641 171 2676 p.
196 2634 276 2666 182.
301 2651 346 2656 -
369 2633 494 2666 scial·-
510 2632 646 2675 quus]
681 2632 868 2677 „peritior

135 2678 186 2712 sit
199 2679 292 2713 artis
309 2680 436 2714 suae.“
461 2699 504 2705 —
528 2681 766 2713 Brundisium
782 2679 868 2722 cet.]

137 2723 300 2766 ‚Utrum
323 2727 384 2761 via
407 2726 574 2761 Minucia
606 2737 654 2761 an
690 2730 778 2760 nota
803 2726 869 2760 illa

900 1059 1023 1140 Appia
1049 1058 1281 1093 commodius
1298 1056 1544 1091 Brundisium
1570 1054 1640 1089 du·

901 1117 945 1141 ca
964 1132 973 1140 .

949 1178 1071 1210 21-25.
1094 1177 1209 1218 Quem
1225 1175 1312 1218 cet.]
1339 1174 1435 1217 „Qui
1452 1173 1525 1215 liis,
1543 1183 1642 1218 quae

902 1226 1111 1265 enumerat,
1136 1223 1237 1256 vitiis
1263 1222 1487 1266 deturpatus
1513 1220 1642 1254 divitis

903 1270 1034 1311 amici,
1075 1270 1236 1304 fortasse
1275 1269 1388 1303 etiam
1425 1267 1643 1309 vitiosioris,

903 1318 1064 1362 gratiam
1103 1319 1247 1361 captat,
1288 1319 1354 1350 aut
1392 1316 1495 1349 hunc
1536 1314 1643 1348 brevi

904 1368 1071 1408 tempore
1116 1364 1162 1397 ab
1205 1374 1245 1397 se
1287 1362 1536 1403 abalienabit,
1577 1363 1644 1396 aut

904 1411 1042 1445 amissa
1067 1411 1241 1444 libertate
1265 1410 1311 1443 ab
1338 1420 1383 1444 eo
1407 1419 1558 1454 semper
1575 1419 1645 1443 *ca-

906 1456 1117 1503 stigabitur.
1155 1457 1230 1497 Qui
1255 1467 1345 1502 ergo
1370 1457 1555 1491 fautorem
1581 1455 1645 1489 fir-

905 1506 1015 1539 miter
1041 1514 1168 1538 secum
1194 1504 1426 1549 coniungere
1455 1504 1645 1547 simulque

907 1552 1118 1586 libertatem
1143 1552 1309 1585 retinere
1333 1551 1452 1592 volet,
1489 1550 1523 1584 is
1556 1553 1644 1585 ante

907 1599 1032 1632 omnia
1049 1609 1070 1632 a
1087 1598 1202 1641 vitiis,
1219 1598 1361 1643 quibus
1379 1598 1446 1632 ille
1462 1598 1546 1631 iure
1560 1607 1646 1631 suc-

907 1649 1079 1687 censeat,
1119 1645 1218 1679 liber
1256 1645 1371 1679 esto.“
1399 1664 1438 1668 —
1468 1646 1647 1678 damnosa

910 1693 1042 1736 Venas]
1066 1693 1223 1737 partim,
1249 1695 1294 1726 ut
1317 1692 1411 1736 Epp.
1436 1694 1470 1734 2,
1496 1694 1530 1734 1,
1555 1693 1647 1725 107:

908 1741 1088 1773 damnosa
1115 1741 1238 1782 libido,
1264 1739 1354 1783 quia
1379 1738 1522 1773 amicae
1546 1749 1647 1772 ama·

907 1790 1008 1821 tores
1034 1789 1256 1831 emungunt,
1281 1787 1430 1831 partim,
1456 1786 1547 1830 quia
1563 1796 1647 1819 cor-

907 1845 979 1879 pus
997 1834 1123 1878 ipsum
1141 1837 1306 1867 enervat.
1336 1832 1446 1866 ovid.
1463 1843 1510 1866 ex
1524 1832 1647 1867 Ponto

910 1884 942 1922 1,
969 1883 1025 1922 10,
1052 1883 1117 1914 33:
1141 1882 1236 1914 vires
1262 1881 1389 1914 admit
1410 1881 1556 1913 Veneris
1580 1881 1648 1913 da·

910 1937 1037 1962 mnosa
1060 1929 1243 1970 voluptas.
1270 1947 1314 1952 -—
1337 1935 1515 1969 praeceps
1549 1926 1649 1970 alea]

911 1977 980 2017 „in
1007 1986 1082 2019 qua
1106 1975 1320 2019 periculum
1344 1975 1465 2016 inest,
1497 1985 1546 2008 ne
1571 1984 1648 2008 uno

910 2023 1072 2056 talorum
1106 2023 1207 2055 iactu
1241 2022 1434 2066 ingentem
1463 2021 1650 2066 pecuniae

912 2079 1092 2102 summam
1124 2069 1327 2112 perdamus
1361 2072 1399 2102 et
1432 2068 1583 2111 spoliati
1608 2078 1651 2101 re

911 2115 1090 2149 familiari
1146 2115 1360 2159 decoquere
1410 2114 1651 2148 debeamus!

912 2162 1018 2195 Pers.
1044 2163 1078 2203 5,
1107 2164 1175 2195 57:
1219 2163 1313 2195 hunc
1350 2163 1436 2195 alea
1474 2162 1651 2203 decoquit,

912 2209 976 2241 ille
1010 2211 1056 2241 ln
1084 2209 1254 2241 Venerem
1285 2210 1417 2250 pueris.
1445 2227 1488 2232 —
1522 2209 1653 2242 Gloria

914 2255 1000 2298 cet]
1049 2254 1262 2297 κενοδοξία.
1317 2280 1335 2297 ‚,
1350 2255 1471 2289 Homo
1520 2265 1652 2297 vanus,

914 2301 1099 2347 gloriolae
1112 2302 1238 2336 studio
1252 2302 1444 2347 abreptus,
1458 2306 1653 2347 sumptuo-

915 2349 1080 2383 sioribus
1093 2349 1262 2384 vestibus
1279 2350 1562 2395 unguentisque
1580 2349 1654 2382 uti-

915 2400 989 2438 tur,
1022 2407 1137 2441 quam
1170 2397 1253 2431 eius
1285 2397 1484 2431 facultates
1519 2406 1653 2430 conce-

915 2443 1044 2477 dunt.“
1080 2463 1124 2467 —
1157 2443 1391 2487 importuna]
1430 2454 1559 2487 „quae
1591 2454 1656 2487 pe-

918 2490 1054 2524 cuniae
1068 2491 1246 2535 cupidum
1263 2491 1538 2536 conquiescere
1556 2500 1654 2523 nun-

919 2548 1031 2582 quam
1049 2538 1141 2571 sinit
1157 2541 1195 2572 et
1211 2549 1298 2572 eum
1315 2539 1496 2572 continuo
1509 2538 1652 2570 vexat!

921 2603 963 2608 -
990 2586 1108 2618 decem
1131 2587 1230 2618 vitiis
1252 2585 1481 2626 instructior]
1515 2583 1655 2625 „multo

917 2632 1120 2666 vitiosior-‘⁶
1171 2634 1303 2665 Decem
1335 2633 1390 2665 sic
1421 2630 1657 2675 usurpabant

917 2679 957 2712 in
983 2689 1154 2713 sermone
1181 2679 1414 2722 quotidiano.
1457 2677 1533 2711 Gfr.
1551 2678 1595 2711 A.
1612 2677 1654 2710 P.
1691 2720 1698 2724 ἢ

919 2727 1011 2759 365;
1048 2728 1151 2759 Haec
1177 2726 1347 2769 (poesis)
1371 2726 1512 2766 placuit
1535 2725 1656 2766 semel,
