1774 2930
155 159 241 201 302

627 160 835 194 HORATH
857 158 1206 195 EPlSTOLARUM

275 259 370 308 Quo
402 259 517 303 ducit
548 261 671 316 gula,
703 261 938 317 piscemur,
972 276 1194 316 venemur,
1227 266 1276 304 ut
1307 263 1407 305 olim

276 330 512 387 Gargilius,
546 332 618 387 qui
649 345 775 375 mane
806 332 975 388 plagas,
1007 333 1237 387 venabula,
1271 348 1417 376 servos
1482 332 1486 334 ’

274 401 504 445 Differtum
534 403 717 445 transire
747 403 887 445 forum
917 403 1207 460 populumque
1238 404 1436 459 iubebat,

273 472 394 515 Unus
425 477 473 515 ut
505 488 528 516 e
558 474 704 515 multis
735 475 894 531 populo
926 478 1146 531 spectante
1176 475 1356 518 referret

1618 476 1674 517 60

274 543 481 601 Emptum
510 545 650 586 mulus
683 559 846 601 aprum.
898 545 1030 588 Grudi
1059 546 1297 603 tumidique
1326 547 1537 596 lavemur,

277 615 391 663 Quid
422 615 590 670 deceat,
624 616 727 672 quid
757 631 861 670 non,
895 617 1035 671 obliti,
1070 617 1240 660 Caerite
1271 632 1368 661 cera

255 746 311 779 57.
337 747 435 779 ducit
459 745 593 790 bSEdp
620 757 845 790 omnesque,
873 749 915 780 ut
938 747 1108 790 videtur,
1133 747 1325 791 Pottierii,
1351 745 1428 782 Oto
1454 749 1492 782 et
1515 747 1628 781 Bent-

204 792 301 826 leius
316 804 324 825 :
351 794 455 827 ducet
482 793 625 836 c,LFM.

155 901 257 933 vam.
309 899 450 934 Verum
474 900 599 935 minus
626 901 812 935 concinna
838 901 892 935 sic

156 947 305 980 videtur
332 947 530 982 simulatae
557 949 767 982 venationis
794 959 893 982 com-

155 995 311 1038 paratio.
348 994 534 1029 Obbarius
553 998 744 1040 comparat
761 996 892 1030 Petro-

157 1042 211 1075 nii
239 1044 306 1074 41:
349 1044 452 1076 Nihil
477 1045 526 1076 est
551 1044 680 1077 melius
715 1052 825 1084 quam
850 1045 892 1076 de

157 1090 321 1126 cubiculo
347 1093 448 1123 reeta
471 1092 511 1123 iu
536 1092 737 1124 triclinium
761 1093 827 1124 ire.
847 1110 890 1114 -—

153 1137 298 1179 plaqas,
322 1138 528 1181 venabula]
554 1138 808 1172 instrumenta
831 1149 893 1172 ve-

157 1184 293 1218 nandis
319 1185 432 1229 apris.
465 1184 524 1218 Ad
539 1186 682 1228 plaqas,
711 1196 806 1230 quae
832 1186 893 1219 fir-

157 1231 347 1266 missimae
386 1233 515 1276 itaque
549 1232 761 1277 gravissimi
799 1243 893 1277 pon—

157 1278 256 1312 deris
285 1281 411 1322 erant,
443 1279 719 1323 promovendas
745 1280 892 1314 iumen-

157 1326 206 1360 tis
233 1337 327 1370 opus
355 1329 436 1361 erat
463 1327 548 1369 (vid.
567 1327 660 1371 Epp.
682 1330 711 1370 1,
733 1330 787 1370 18,
809 1328 893 1370 46.)‚

157 1374 193 1407 h.
219 1374 243 1407 l.
270 1374 394 1408 mulis.
448 1376 692 1417 Venabulum,
718 1386 773 1420 gr.
800 1386 893 1422 προ-

156 1417 304 1461 βόλιον,
331 1422 441 1456 nobis
469 1425 526 1456 est
541 1424 755 1464 Fanqeisevi.
786 1422 893 1456 Conf.

158 1468 263 1514 Virg.
282 1469 374 1503 Aen.
393 1472 426 1512 4,
458 1472 543 1504 131:
566 1471 714 1511 plaqae,
743 1471 817 1504 lato
834 1479 894 1503 ve-

159 1518 301 1550 nabula
335 1518 447 1558 ferro.
474 1536 517 1540 —
543 1519 895 1559 Differtum-sorum

154 1564 417 1607 populumque]
445 1565 589 1607 „forum
616 1564 806 1599 differtum
831 1576 896 1609 po-

157 1611 296 1656 pulo;“
332 1612 452 1656 figura
487 1623 599 1656 quam
623 1607 665 1645 ἓν
691 1609 754 1645 διὰ
786 1611 892 1646 δυοῖν

158 1661 305 1701 vocant,
314 1662 357 1692 ut
370 1659 646 1704 Eurip.Troad.
668 1662 776 1694 1034:
794 1657 893 1701 ἀφε-

158 1705 228 1739 λοῦ
263 1704 359 1754 πρὸς
388 1703 566 1748 Ἑλλάδος
594 1704 724 1751 Ψόγον
749 1704 794 1740 τὸ
819 1707 894 1751 θῆ-

159 1750 204 1785 λύ
230 1765 281 1795 τε,
306 1755 330 1787 1.
357 1766 389 1788 8.
415 1751 549 1798 ψόγον
574 1754 644 1798 τῆς
667 1751 893 1798 θηλύτητος.

159 1800 265 1846 Vir-g.
278 1801 373 1835 Aen.
390 1804 421 1844 1,
436 1805 477 1836 61
492 1813 500 1835 :
525 1803 725 1842 molemque
745 1804 776 1835 et
792 1810 894 1834 mori-

161 1851 212 1882 tes
242 1851 394 1890 insuper
427 1851 520 1882 altos
546 1850 737 1889 Imposuit.
764 1867 807 1871 —
833 1848 894 1881 Iu-

159 1896 266 1930 venis
289 1896 517 1930 vanissimus
544 1895 708 1930 sollertis
734 1906 776 1929 ac
802 1895 894 1929 divi-

159 1943 209 1976 tis
235 1943 426 1977 venatoris
460 1943 623 1988 speciem
649 1943 750 1987 apud
774 1954 894 1987 popu-

160 1990 238 2023 lum
265 1993 420 2035 captans
450 2001 535 2024 cum
568 2001 702 2035 magno
737 2000 894 2024 numero

161 2048 366 2081 servorum,
391 2039 593 2080 mulorum,
618 2038 765 2080 retium,
782 2048 895 2071 vena-

161 2085 338 2119 bulorum
375 2088 552 2120 venatum
590 2086 680 2119 ibat.
729 2085 896 2118 Aliunde

161 2143 239 2167 non
266 2136 323 2167 est
348 2136 478 2176 notus3
506 2133 571 2167 sed
597 2143 734 2167 nomen
755 2132 896 2175 fictum,

162 2182 205 2213 ut
221 2180 343 2214 visum
368 2181 576 2223 nonnullis,
602 2191 671 2225 pro
699 2183 800 2214 certo
819 2190 896 2213 non

162 2230 230 2261 est.
281 2227 355 2262 cfr.
389 2228 618 2274 Gargilium,
655 2226 817 2273 Augusti
851 2227 896 2260 li-

162 2274 331 2318 bertum,
367 2276 408 2309 in
432 2275 552 2310 Inscr.
603 2275 896 2318 (Zimmermann

161 2323 332 2356 zeitschr.
368 2325 471 2356 1835.
505 2334 540 2367 p.
576 2322 673 2365 289.)
701 2325 738 2356 et
763 2322 895 2366 Gargi-

163 2369 257 2402 lium
273 2370 495 2413 Martialem,
522 2370 587 2415 qui
615 2370 661 2403 de
687 2381 728 2404 re
754 2370 897 2403 rustica

163 2417 326 2461 scripsit.
372 2419 545 2451 Transire
571 2419 696 2451 autem
719 2418 898 2459 populum

161 2466 265 2498 recte
291 2464 367 2498 dici
393 2467 576 2499 monstrat
594 2464 730 2499 Catull.
749 2466 806 2507 68,
832 2466 896 2497 60:

163 2513 237 2545 Per
260 2513 419 2545 medium
449 2514 551 2546 densi
584 2513 717 2545 transit
740 2513 811 2545 iter
833 2520 898 2553 po-

160 2560 253 2600 puli.
302 2559 383 2592 Liv.
411 2561 475 2601 21,
510 2561 573 2593 57:
610 2568 677 2601 per
711 2561 897 2601 effusos--

166 2608 302 2647 equites
315 2626 330 2632 -
342 2625 357 2631 -
371 2609 630 2648 trausqressus.
682 2626 725 2630 —
778 2606 897 2649 Urius]

166 2653 262 2687 Sane
289 2654 320 2688 si
346 2654 496 2688 venatio
530 2664 571 2687 re
597 2665 687 2688 vera
715 2664 898 2698 prospere

165 2701 353 2744 cessisset,
378 2702 508 2746 plures
531 2702 623 2735 muli
639 2701 781 2745 praeda
806 2711 899 2735 onu-

166 2749 213 2782 sti
239 2749 501 2792 revertissent3
534 2749 609 2783 iam
635 2759 723 2782 vero
756 2758 898 2793 paucas

941 904 1027 946 post
1043 902 1166 945 horas,
1191 902 1304 946 pleno
1332 902 1535 936 etiamtunc
1559 901 1676 936 homi-

942 960 1032 982 num
1050 950 1144 992 foro,
1170 949 1268 983 redit
1286 960 1363 983 uno
1381 960 1466 983 cum
1488 960 1590 994 apl-0,
1616 959 1677 982 eo-

942 1007 1014 1040 que
1054 999 1177 1040 empto
1215 996 1260 1030 ab
1297 998 1467 1039 homine,
1511 1006 1676 1041 quocum

941 1046 1028 1077 ante
1068 1044 1335 1086 constituerat,
1378 1047 1420 1078 ut
1457 1044 1532 1078 sibi
1573 1045 1677 1078 extra

940 1094 1087 1135 portam
1128 1091 1448 1135 praestolaretur3
1496 1091 1535 1125 id
1578 1091 1676 1135 quod

942 1141 1172 1183 spectatores
1221 1138 1400 1172 malitiosi
1448 1138 1676 1172 divinabant.

943 1205 986 1209 -—
1012 1185 1057 1219 V.
1088 1187 1247 1227 populus
1273 1188 1397 1220 autem
1422 1185 1556 1219 festive
1582 1186 1677 1219 duo-

941 1234 1014 1268 bus
1040 1233 1230 1267 continuis
1255 1232 1454 1267 versiculis
1482 1233 1677 1277 repetitur.

990 1283 1114 1315 61-64.
1152 1281 1262 1314 crudi
1295 1279 1518 1323 tumidique]
1559 1279 1676 1324 Saepe

943 1328 1027 1362 cibo
1061 1327 1230 1361 nondum
1263 1330 1443 1361 concocto
1477 1326 1604 1372 gulosi
1637 1327 1678 1360 in

942 1376 1119 1410 balneum
1137 1374 1430 1417 descendebant,
1452 1384 1528 1419 quo
1545 1384 1678 1408 rursus

942 1423 1078 1457 famem
1105 1422 1177 1456 sibi
1203 1422 1429 1465 excitarent;
1455 1422 1564 1455 cuius
1587 1421 1678 1455 stul—

943 1470 1048 1504 titiae
1066 1472 1190 1504 tamen
1203 1469 1305 1504 haud
1318 1480 1403 1503 raro
1423 1469 1546 1503 subita
1557 1471 1676 1502 morte

943 1528 1084 1562 poenas
1103 1517 1269 1551 luebant.
1295 1516 1467 1551 Eundem
1480 1516 1520 1550 in
1533 1527 1675 1550 morem

943 1576 1161 1609 perversum
1185 1564 1418 1599 invehuntur
1443 1564 1547 1598 Pers.
1565 1566 1598 1606 3,
1620 1565 1676 1597 98.

940 1613 1070 1647 Iuven.
1099 1615 1130 1654 1,
1159 1614 1246 1646 142:
1272 1614 1398 1646 Poena
1422 1613 1547 1644 tamen
1567 1619 1677 1652 prae-

940 1669 1031 1702 sens,
1059 1668 1140 1693 cum
1166 1662 1205 1693 tu
1231 1660 1378 1701 deponis
1405 1660 1559 1692 amictus
1586 1659 1675 1691 Tur-

942 1709 1047 1749 qidus
1073 1709 1106 1740 et
1132 1708 1286 1740 crudum
1319 1713 1500 1748 pavonem
1532 1706 1573 1738 in
1598 1706 1676 1738 bal-

941 1763 1012 1787 nea
1045 1756 1194 1795 portas,·
1234 1754 1333 1786 Hinc
1366 1753 1508 1785 subitae
1544 1754 1678 1785 mortes

942 1803 1052 1842 atque
1077 1802 1254 1833 intestata
1277 1802 1453 1833 senectus.
1470 1818 1518 1822 —-
1536 1801 1677 1833 Caerite

943 1849 1042 1891 cera]
1072 1847 1168 1881 Gell.
1189 1849 1242 1889 16,
1271 1849 1332 1880 13:
1359 1848 1500 1880 Primos
1524 1847 1678 1880 munici-

940 1905 1005 1937 pes
1029 1896 1106 1928 sine
1130 1895 1302 1936 suffraqii
1325 1895 1406 1928 iure
1426 1895 1586 1927 Caerites
1604 1894 1678 1936 (in-

944 1944 1044 1977 colas
1079 1941 1207 1986 oppidi
1243 1941 1359 1975 Caere
1393 1942 1433 1974 in
1467 1940 1621 1974 Etruria
1645 1952 1677 1974 a.

944 2001 981 2024 u.
1009 2000 1038 2023 c.
1065 1989 1162 2031 365.)
1202 1998 1276 2023 esse
1313 1990 1428 2030 factos
1468 1989 1676 2030 accipimus,

946 2045 1223 2078 concessumque
1248 2037 1334 2079 illis,
1360 2038 1401 2070 ut
1427 2036 1582 2068 civitatis
1605 2036 1678 2068 Ro-

944 2093 1078 2118 manae
1111 2085 1285 2117 honorem
1317 2084 1462 2124 quidem
1496 2083 1678 2124 caperent,

944 2134 1007 2166 sed
1032 2133 1185 2173 neqotiis
1220 2134 1343 2165 tamen
1375 2133 1484 2171 atque
1510 2130 1680 2163 oneribus

943 2181 1140 2221 vacarent,
1170 2188 1241 2220 pro
1273 2179 1389 2211 sacris
1415 2178 1508 2211 bello
1534 2177 1679 2210 Gallico

944 2228 1098 2269 receptis
1124 2227 1398 2266 custoditisque5
1424 2225 1506 2258 hinc
1530 2225 1679 2258 tabulae

947 2275 1104 2308 Caerites
1131 2273 1301 2316 (Horatii
1329 2274 1458 2306 Caeres
1484 2271 1587 2314 cera)
1614 2280 1678 2312 ap-

942 2323 1104 2363 pellatae
1128 2329 1235 2354 versa
1258 2321 1345 2362 vice,
1375 2321 1416 2353 iu
1441 2328 1533 2360 quas
1558 2326 1679 2351 censo-

945 2378 1002 2402 res
1039 2369 1173 2410 referri
1208 2368 1398 2409 iubebant,
1441 2374 1529 2407 quos
1570 2367 1679 2398 notae

946 2425 1061 2449 causa
1073 2416 1260 2456 suffraqiis
1270 2415 1481 2456 privabam.
1498 2411 1679 2446 Huschke

945 2464 1088 2498 Servius
1106 2463 1246 2495 Tullius
1262 2473 1299 2506 p.
1318 2463 1398 2496 532.
1415 2460 1549 2505 probat
1567 2459 1680 2494 Scho-

945 2511 1025 2544 lion
1058 2509 1197 2543 Comm.
1225 2508 1358 2553 Oruq.:
1399 2509 1541 2551 „Caere
1575 2505 1680 2550 oppi-

946 2558 1035 2592 dum
1067 2558 1106 2590 in
1139 2556 1248 2590 Italia
1285 2556 1377 2598 fuit,
1416 2565 1490 2599 quo
1524 2555 1633 2598 capta
1657 2563 1679 2586 a

948 2605 1066 2639 Gallis
1105 2603 1198 2637 urbe
1241 2613 1349 2637 sacra
1383 2601 1552 2636 Romana
1594 2610 1679 2634 cum

946 2651 1155 2697 virginibus
1197 2651 1380 2684 translata
1420 2651 1532 2690 sunt,
1583 2657 1678 2692 quae

947 2710 1031 2734 oum
1069 2699 1283 2733 servassent
1319 2697 1485 2742 integra,
1526 2706 1596 2740 pro
1634 2705 1678 2729 eo

947 2745 1131 2781 beneficio
1166 2745 1332 2780 Caerites
1367 2743 1516 2778 civitate
1550 2741 1678 2776 donati
