1774 2930
144 160 235 202 300

618 160 826 195 HORATII
849 161 1199 197 EPISTOLARUM

266 261 314 303 Si
343 265 491 318 posset
521 265 691 305 centum
723 276 876 305 scenae
906 263 1114 319 praebere
1145 268 1340 320 rogatus,

267 332 351 380 Qui
380 347 557 389 possum
586 334 682 374 tot?
713 333 791 388 ait3
823 337 968 376 tamen
999 337 1042 376 et
1063 349 1266 390 quaeram
1297 339 1341 378 et
1362 339 1465 392 quot
1482 332 1664 379 'habebo

265 403 455 446 Mittam:
488 407 586 460 post
615 404 744 460 paulo
776 404 924 446 scribit
954 405 1037 447 sibi
1066 405 1186 448 milia
1215 407 1402 462 quinque

265 474 376 517 Esse
408 474 523 516 domi
554 475 848 532 chlamydum3
880 478 1047 532 partem
1076 477 1146 519 vel
1175 477 1346 519 tolleret
1376 491 1537 520 omnes.

265 545 406 587 Exilis
438 546 589 588 domus
621 550 707 600 est,
739 546 814 588 ubi
845 561 931 588 non
963 550 1006 589 et
1036 547 1170 590 multa
1198 552 1428 604 supersunt

265 616 324 659 Et
355 617 575 660 dominum
605 617 758 659 fallunt
789 621 832 660 et
861 622 1040 674 prosunt
1071 618 1250 660 furibus.

1607 550 1662 591 45

1297 618 1415 675 Ergo
1423 651 1434 673 ‚

268 687 315 729 Si
345 702 415 730 res
448 689 539 731 sola
569 692 713 745 potest
742 688 883 731 facere
916 693 958 731 et
989 703 1160 732 servare
1189 689 1383 744 beatum,

266 758 362 802 Hoc
392 760 555 815 primus
587 763 758 815 repetas
790 774 917 816 opuS,
949 760 1030 802 hoc
1061 764 1303 817 postremus
1335 762 1520 804 omittas.

268 829 315 871 Si
347 830 610 873 fortunatum
642 832 807 887 species
840 835 883 873 et
912 832 1051 887 gratia
1080 835 1289 888 praestat,

267 900 508 944 Mercemur
541 916 732 956 servum,
766 903 839 958 qui
871 902 1000 945 dictet
1030 904 1222 957 nomina,
1254 903 1424 946 laevum

1609 905 1666 946 50

271 971 355 1020 Qui
387 972 546 1015 fodicet
576 974 688 1015 latus
722 977 765 1015 et
796 978 921 1029 cogat
951 978 1067 1016 trans
1099 974 1289 1030 pondera
1318 974 1514 1018 dextram

147 1078 196 1112 ad
230 1078 477 1112 ducenarium
512 1079 700 1125 redigens.
735 1099 778 1103 —
811 1088 885 1113 sce-

150 1125 235 1169 nae]
251 1136 336 1159 cum
347 1127 584 1171 splendidam
602 1127 767 1171 aliquam
783 1138 885 1171 pom-

147 1184 234 1218 pam
260 1174 320 1207 vel
354 1175 588 1219 triumphum
620 1175 661 1207 in
693 1174 886 1220 tragoedia

147 1220 355 1255 histriones
387 1222 638 1256 imitarentur.
690 1221 765 1255 cfr.
790 1221 885 1266 Epp.

150 1270 192 1310 2,
220 1271 260 1311 1,
287 1270 366 1302 190.
394 1288 437 1293 —-
461 1269 664 1311 praebere]
703 1279 885 1311 „commo-

147 1315 276 1357 dare“,
302 1318 344 1349 ut
378 1316 551 1350 solebant
580 1316 693 1350 etiam
718 1316 786 1358 iis,
821 1316 885 1361 qui

149 1373 309 1397 munera
327 1364 550 1408 gladiatoria
576 1364 748 1406 edebant,
774 1363 885 1397 amici

149 1411 395 1455 suppeditare
431 1414 573 1445 statuas
607 1411 759 1456 aliaque
794 1411 885 1445 circi

149 1461 381 1492 ornamenta.
409 1478 452 1482 —
481 1461 563 1500 post
594 1460 711 1500 paulo
739 1458 884 1501 scribit]

149 1508 350 1550 postquam
363 1507 530 1540 vestiarii
541 1517 671 1540 earum
686 1517 884 1539 numerum

149 1553 327 1587 inierant.
338 1573 382 1577 —
398 1554 555 1596 tolleret]
571 1551 784 1615 στρατηγὸς
796 1553 885 1586 Ρ111-

149 1600 321 1634 tarchil.
347 1601 383 1643 1.,
408 1593 591 1645 praetor,
598 1601 665 1646 qui
692 1604 885 1646 spectacu-

150 1648 229 1681 lum
263 1648 407 1682 edebat.
437 1666 483 1672 ——
515 1649 657 1691 Eaeilis]
694 1651 886 1694 „angusta

149 1697 188 1728 et
220 1696 365 1739 inops.“
415 1695 615 1730 Manifesto
649 1697 741 1730 haec
776 1695 885 1740 quasi

149 1753 196 1776 ex
214 1743 370 1776 divitum
389 1743 569 1788 opinione
587 1745 671 1776 κατ’
689 1744 884 1790 εἰρωνεῖαι

149 1789 341 1824 dicuntur.
370 1810 412 1814 —-
438 1793 485 1823 Et
519 1792 706 1824 dominum
730 1790 881 1832 fallunt]

151 1847 227 1879 „sig
251 1833 276 1870 ὃ
299 1839 365 1870 καὶ
384 1834 557 1879 Φλάκκος
582 1835 633 1871 6
624 1836 786 1880 ποιητὴς
802 1838 885 1869 ἑπι-

150 1894 228 1931 πεᾳ
232 1881 390 1928 ω’νηκεν,
415 1882 465 1926 ὠς
483 1883 529 1917 οὗ
547 1886 692 1927 νοαιζει
709 1884 883 1923 πωῦτον

149 1930 196 1964 οὑ
221 1930 276 1975 μὴ
303 1930 350 1965 τὰ
375 1929 629 1980 παροοώιιενα
654 1933 720 1964 καὶ
736 1928 882 1965 kawal-

149 1990 268 2012 νοντα
314 1979 471 2013 πλείονα
510 1980 586 2013 τῶν
634 1981 881 2022 ᾳαι1οιιένων

149 2026 266 2060 ἐστίν.
315 2027 508 2061 Plutarch.
543 2028 688 2061 1.1.-
715 2026 881 2069 faribus]

149 2074 335 2118 imprimis
354 2075 484 2118 servis,
510 2075 575 2119 qui
599 2075 638 2107 in
664 2074 730 2108 tali
756 2085 883 2108 rerum

148 2122 258 2166 copia
290 2122 402 2156 facile
436 2122 631 2167 complura-
669 2122 883 2156 clanculum

149 2172 319 2203 avertere
346 2172 514 2214 possunt.

198 2220 318 2251 49-51.
343 2219 480 2259 species
506 2219 538 2250 et
565 2217 708 2260 qratia]
736 2217 883 2260 „splen-

150 2262 220 2297 dor
248 2267 446 2307 externus,
482 2265 581 2298 latus
608 2264 756 2306 clavus,
790 2264 884 2298 sella

150 2312 308 2354 curulis,
334 2312 469 2354 fasces,
494 2322 631 2345 nomen
658 2312 781 2356 ipsum
806 2322 882 2344 ma-

148 2358 342 2402 gistratus,
370 2370 481 2403 quem
507 2360 608 2404 geris
634 2359 693 2392 vel
720 2359 882 2403 gessisti,

151 2408 188 2439 et
213 2416 305 2439 aura
322 2406 551 2450 popularis.“
581 2406 656 2439 Cic.
674 2407 712 2439 in
731 2406 806 2439 Pis.
827 2409 882 2448 11,

150 2455 216 2486 24:
233 2455 412 2494 Μα9711ι7η
425 2462 556 2486 nomen
570 2456 629 2495 est,
644 2462 781 2494 maana
793 2462 840 2494 sp
848 2463 881 2485 e-

151 2501 255 2542 cies,
273 2509 410 2542 71109710
427 2502 598 2542 dignitas,
616 2509 753 2542 7ηα97ια
770 2502 883 2533 maie-

145 2550 225 2580 stas
251 2549 417 2581 consulis.
454 2547 528 2580 Ofr.
555 2547 648 2592 Epp.
676 2551 708 2589 2,
736 2550 766 2589 1,
793 2550 881 2581 203:

153 2596 312 2637 Viribus,
339 2596 503 2636 1719οπ10,
537 2596 698 2636 specie,
731 2596 879 2637 virtute,

153 2643 240 2684 locs),
266 2651 306 2675 re
334 2644 496 2676 Eaetremi
518 2644 733 2684 primorum,
762 2645 880 2676 extre-

152 2691 219 2722 mis
244 2699 358 2730 usque
381 2690 533 2731 priores.
579 2689 696 2723 Tacit.
723 2690 821 2722 Anu.
847 2692 880 2730 4,

150 2738 190 2769 6:
218 2737 365 2780 (primis
384 2737 524 2770 Tiberii
544 2737 727 2780 principis
753 2736 879 2778 annis)

933 1089 1002 1113 saa
1049 1081 1271 1123 consulibus,
1318 1089 1387 1114 sua
1431 1082 1666 1122 praetoribus

933 1129 1080 1168 species.
1101 1147 1143 1150 —
1162 1129 1369 1162 Mercemur
1394 1128 1479 1171 cet]
1500 1127 1667 1170 „Quodsi

933 1174 1050 1219 igitur
1087 1176 1250 1209 honores
1287 1176 1453 1220 appetis,
1492 1176 1665 1209 omnibus

934 1222 1150 1256 ambitionis
1169 1222 1313 1256 artibus
1331 1221 1458 1265 utere3
1477 1233 1570 1267 quas
1589 1223 1664 1256 evi-

934 1269 1067 1302 denter
1108 1269 1162 1304 ita
1202 1269 1384 1303 describit
1419 1268 1666 1304 Mamertinus

934 1316 1073 1361 Paneg.
1105 1316 1241 1350 Iulian.
1278 1318 1340 1350 16:
1380 1317 1468 1359 Quis
1504 1318 1665 1359 ianorat,

935 1366 1011 1396 tum
1043 1372 1205 1406 quoque,
1239 1372 1321 1397 cam
1355 1365 1509 1398 honores
1538 1365 1668 1406 populi

934 1412 1093 1444 Romani
1140 1412 1327 1453 suffraqiis
1380 1413 1664 1455 mandabantur,

933 1460 1065 1492 multos
1102 1459 1212 1500 ruisse
1249 1459 1531 1492 candidatorum
1565 1460 1665 1493 labo-

933 1508 1017 1539 res?
1056 1507 1262 1540 Ediscenda
1299 1507 1461 1539 omnium
1496 1507 1665 1547 nomina;

934 1555 1099 1586 tributim
1124 1562 1245 1587 omnes
1262 1556 1374 1595 atque
1392 1554 1502 1587 etiam
1525 1554 1665 1595 sinuati

932 1602 1141 1640 salutandi5
1170 1602 1449 1642 prehensandae
1476 1602 1666 1634 obviorum

933 1657 1083 1689 manus,·
1117 1649 1282 1681 omnibus
1307 1649 1566 1687 arridendum3
1593 1656 1665 1681 non

932 1696 1051 1728 solum
1075 1704 1157 1728 cum
1181 1696 1329 1738 infimis,
1361 1696 1424 1728 sed
1449 1696 1559 1728 etiam
1583 1703 1665 1728 cam

932 1743 1064 1783 iunctis
1098 1743 1366 1783 familiaritatis
1398 1743 1522 1783 imavo
1553 1743 1665 1775 simu-

934 1791 1057 1822 landa.
1081 1808 1126 1812 —
1150 1789 1308 1831 servum]
1335 1789 1665 1832 nomenclatorem,

933 1836 1040 1870 cuius
1068 1839 1148 1869 erat
1171 1836 1340 1870 ediscere
1362 1835 1518 1870 nomina
1534 1837 1664 1882 singu·

933 1884 1055 1917 lorum
1092 1894 1211 1927 prope
1249 1883 1405 1925 civium,
1447 1894 1542 1928 quo,
1579 1894 1663 1917 cum

929 1933 1128 1976 prensaret
1141 1930 1329 1972 dominus,
1341 1941 1460 1964 unum
1474 1941 1662 1975 quemque

931 1978 1083 2012 nomine
1101 1978 1293 2022 appellare
1306 1980 1446 2022 posset,
1462 1980 1664 2023 postquam

932 2036 1063 2059 servus
1088 2026 1161 2058 hoc
1187 2025 1222 2059 01
1251 2026 1439 2067 dictasset,
1472 2025 1555 2059 eius
1579 2026 1664 2059 auri

932 2073 1221 2107 insusurrasset.
1248 2072 1329 2106 Hoc
1354 2075 1479 2107 autem
1502 2072 1564 2106 vel
1588 2083 1665 2106 ma-

931 2120 1029 2154 xime
1061 2120 1325 2154 blandiebatur
1357 2119 1575 2154 hominibus
1608 2122 1664 2154 te·

933 2167 1144 2210 nuioribus,
1161 2168 1227 2201 ubi
1243 2167 1301 2200 vir
1315 2167 1456 2201 nobilis
1470 2177 1535 2201 eos
1553 2167 1661 2200 etiam

932 2215 1177 2259 praenomine
1212 2215 1403 2248 salutaret.
1454 2214 1528 2248 Sat.
1564 2216 1604 2256 2,
1630 2216 1663 2256 5,

933 2264 989 2296 32.
1015 2282 1060 2286 ——
1088 2261 1423 2305 laevum-datus]
1463 2261 1563 2306 quod
1596 2272 1663 2295 no-

932 2310 1140 2344 menclator
1176 2310 1267 2343 hero
1305 2309 1464 2354 tegebat.
1491 2327 1535 2332 -
1569 2310 1663 2350 sodi-

932 2357 999 2400 cet]
1018 2357 1198 2390 Fodicare
1225 2355 1280 2398 (id
1299 2359 1366 2398 est,
1385 2358 1551 2401 saepect
1566 2355 1663 2390 acri-

931 2408 988 2439 ter
1012 2404 1153 2446 fodere,
1179 2413 1361 2448 pungere,
1386 2403 1578 2446 vellicare)
1605 2413 1664 2437 so-

931 2452 1060 2486 lebant
1092 2452 1211 2493 latus,
1250 2461 1323 2494 quo
1359 2451 1467 2495 signo
1500 2452 1663 2484 attentos

931 2499 1134 2533 redderent
1158 2498 1204 2531 de
1222 2498 1351 2542 aliqua
1375 2509 1416 2531 re
1442 2497 1662 2538 monendos,

931 2547 966 2580 h.
993 2547 1016 2579 l.
1043 2549 1084 2579 ut
1109 2545 1317 2580 salutarent
1342 2546 1445 2578 hunc
1469 2545 1529 2578 vel
1553 2543 1663 2577 illum

930 2594 1119 2628 hominem
1160 2593 1205 2625 de
1251 2592 1461 2636 plebecula.
1511 2590 1661 2624 Terent.

930 2642 1020 2675 Hec.
1047 2643 1079 2682 3,
1106 2642 1139 2682 5,
1166 2641 1229 2677 16:
1259 2639 1382 2672 LAcn.
1423 2639 1492 2672 Dic
1516 2639 1663 2671 iussisse

931 2692 974 2722 te.
1025 2687 1137 2720 Pmn.
1188 2688 1273 2720 Noli
1308 2688 1444 2728 fodere.
1493 2685 1662 2719 Pseudo-

930 2736 1018 2780 plat.
1053 2734 1217 2768 Amator.
1242 2745 1279 2778 p.
1306 2735 1386 2767 132.
1411 2733 1474 2766 B.:
1501 2729 1663 2776 κινήσας
