1774 2930
653 170 749 205 LIB.
773 169 821 204 11.
870 168 973 204 SAT.
996 167 1079 202 vn.

1536 166 1621 207 227

225 277 462 320 Fortunam
492 278 537 316 et
565 285 706 314 mores
737 271 938 326 antiquae
968 267 1127 325 plebis,
1159 271 1203 309 et
1232 265 1366 319 idem,

229 346 278 389 Si
308 346 403 403 quis
435 345 490 387 ad
519 344 595 386 illa
624 343 730 385 deus
762 341 903 383 subito
933 344 977 382 te
1008 342 1126 395 agat,
1157 351 1293 394 usque
1323 350 1514 390 recuses,

228 418 318 460 Aut
348 416 450 472 quia
477 428 565 457 non
594 413 748 466 sentis,
781 411 895 468 quod
924 411 1101 463 clamas,
1132 409 1291 451 rectius
1323 422 1440 461 esse,

1569 409 1625 449 25

228 487 319 531 Aut
349 487 450 543 quia
478 499 565 528 non
595 485 742 526 firmffl
773 486 938 524 rectum
967 479 1161 523 defendis
1193 483 1236 522 et
1265 478 1439 528 haeres,

227 558 500 614 Nequiquam
530 569 662 598 caeno
693 554 869 609 cupiens
901 551 1085 594 evellere
1114 550 1318 606 plantam.

229 629 393 671 Romae
423 641 496 669 rus
527 630 669 682 optas,
702 625 924 666 absentem
953 621 1138 663 rusticus
1168 620 1319 663 urbem

232 699 369 741 'Pollis
400 697 455 741 ad
486 700 601 739 astra
628 696 750 738 levis.
798 693 845 736 Si
875 706 1086 748 nusquam
1118 706 1164 734 es
1195 691 1305 734 forte
1335 695 1512 733 vocatus

231 769 302 812 Ad
331 782 492 822 cenam,
522 766 671 809 laudas
702 778 900 807 securum
931 763 1024 805 olus
1057 777 1120 815 ac,
1151 762 1269 805 velut
1300 776 1483 818 usquam

1571 763 1628 804 30

229 840 414 882 Vinctus
446 852 539 891 eae,
570 838 633 879 ita
660 840 704 879 te
735 835 903 878 felicem
934 834 1040 875 dicis
1072 847 1294 888 amasque,

232 909 359 958 Quod
387 922 598 965 nusquam
627 907 706 949 tibi
738 907 795 948 sit
824 904 1071 962 potandum.
1118 903 1299 945 Iusserit
1330 903 1384 946 ad
1414 918 1461 946 se

230 980 456 1023 Maecenas
489 992 631 1021 serum
662 977 741 1019 sub
770 976 934 1018 lumina
963 975 1102 1031 prima
1130 975 1277 1016 venire

233 1050 497 1094 Convivam:
529 1048 698 1091 Nemon
730 1047 870 1090 oleum
899 1045 984 1088 fert
1013 1046 1163 1088 ocius?
1192 1044 1353 1101 Ecquis

209 1175 266 1208 27.
291 1175 524 1214 Nequiquam
547 1171 608 1214 E‚t
633 1171 845 1215 (scriptura
877 1169 1034 1214 probata
1057 1169 1247 1214 Wagnero
1272 1170 1312 1202 in
1339 1168 1510 1214 Vergilio
1537 1169 1583 1203 ad

162 1221 362 1265 pristinam
394 1219 699 1264 orthographiam
732 1220 904 1252 revocato
937 1228 974 1260 p.
1006 1219 1074 1250 459
1110 1227 1165 1260 sq.
1199 1219 1237 1250 et
1261 1216 1503 1250 Lachmanno
1538 1216 1582 1250 ad

163 1267 314 1302 Luci-et.
340 1270 381 1309 2,
408 1267 549 1308 1148.):
583 1267 831 1306 nequicquam
856 1263 974 1305 LCM,
1007 1264 1263 1304 Nequidquam
1286 1263 1352 1296 FJ.
1379 1282 1421 1287 ——
1449 1265 1505 1296 34.
1531 1265 1584 1304 se—

164 1317 221 1348 ret
245 1313 419 1356 bc,LCtJ.

118 1412 215 1458 quid
250 1413 372 1446 simile
404 1412 633 1446 admittant.“
661 1429 704 1435 —
739 1410 849 1452 aaut]

124 1459 272 1505 ,adigat
302 1459 350 1494 ad
381 1459 545 1503 priscam
574 1458 759 1491 maiorum
784 1468 852 1491 no-

119 1508 288 1540 strorum
311 1506 426 1540 vitam
451 1505 714 1550 sequendam.“
742 1504 852 1538 Simi-

109 1552 169 1600 ,lis
193 1556 251 1588 est
274 1553 462 1588 sententia
487 1552 562 1586 Sat.
581 1555 614 1594 1,
640 1554 672 1594 1,
700 1554 744 1585 15
770 1561 851 1595 sqq.

122 1618 168 1624 —-
196 1602 286 1640 quia
309 1608 384 1633 non
406 1599 531 1642 seruis]
558 1598 679 1642 „Quia
703 1609 780 1632 non
806 1609 853 1631 ex

119 1645 238 1680 animi
262 1646 319 1680 tm'
344 1647 532 1680 sententia
561 1645 686 1680 eredis
710 1645 851 1679 rectius

121 1703 206 1728 esse
230 1693 327 1727 illud
351 1694 449 1728 vitae
475 1703 608 1738 genus,
634 1692 735 1737 quod
760 1695 852 1725 tam·

123 1750 234 1784 quam
259 1740 485 1775 declamator
515 1741 594 1774 alta
616 1750 708 1773 voce
733 1739 853 1773 dilau-

122 1787 223 1822 das.“
246 1807 294 1812 —-
317 1788 491 1831 defendis]
517 1798 594 1820 non
619 1790 694 1820 tam
718 1786 852 1820 adver-

124 1844 190 1868 sus
199 1835 308 1878 alios,
322 1845 435 1879 quam
450 1845 540 1879 „pro
553 1834 654 1867 virili
667 1837 733 1867 tua
745 1836 852 1877 parte

124 1881 165 1914 in
201 1884 316 1916 temet
350 1881 433 1925 ipso
468 1892 595 1915 servas
629 1883 667 1914 et
699 1881 851 1914 tueris.“

125 1947 170 1952 —-
188 1931 221 1961 el
246 1927 389 1971 haeres]
408 1928 559 1962 Terent.
583 1928 734 1961 Phorm.
761 1930 794 1969 5,
820 1930 854 1969 2,

126 1977 189 2008 15:
214 1976 255 2008 in
278 1977 403 2008 eodem
421 1976 496 2008 luto
515 1977 687 2016 haesitas,
715 1975 776 2016 „in
795 1985 855 2008 ea-

125 2021 210 2055 dem
234 2021 495 2064 difficultate3¹⁶
521 2022 559 2055 h.
584 2021 609 2054 l.
636 2022 854 2064 „intricatus

126 2078 298 2102 remanes
330 2069 371 2101 in
403 2069 531 2112 priore
563 2068 782 2111 pravitate.“
811 2087 855 2091 -

127 2114 254 2157 caeno]
278 2115 454 2159 Figurate
479 2115 591 2148 etiam
610 2114 782 2148 Catullus
801 2117 856 2157 17,

128 2162 197 2194 25:
237 2163 284 2194 Et
307 2162 479 2202 supinum
503 2163 666 2194 animum
689 2163 729 2193 in
754 2163 858 2202 oravi

129 2208 378 2248 derelinquere
403 2216 526 2241 caeno.

176 2302 315 2335 28-35.
339 2303 478 2334 Romae
501 2310 567 2334 rus
598 2301 724 2343 optas]
751 2301 858 2335 Conf.

131 2346 204 2381 Sat.
230 2349 263 2390 2,
289 2350 328 2390 6,
353 2351 417 2382 60:
460 2350 489 2382 0
514 2357 595 2390 rus,
622 2350 767 2389 quando
793 2357 858 2389 eqo

130 2397 164 2428 le
189 2395 415 2436 adspiciam?
446 2395 540 2440 Epp.
569 2399 599 2437 1,
625 2398 658 2437 8,
686 2398 752 2429 12:
785 2397 858 2428 Ro-

128 2449 211 2474 mae
236 2443 347 2475 Tibur
370 2451 489 2475 amem
512 2445 697 2485 ventosus,
729 2443 858 2475 Tibure

130 2489 296 2522 Romam.
322 2508 366 2512 —
392 2489 591 2532 absentem]
628 2501 671 2531 „a
703 2492 739 2523 te
772 2490 860 2523 reli-

133 2535 264 2568 otam.“
299 2554 343 2560 —
375 2545 543 2570 securum
575 2536 677 2578 olus]
717 2547 860 2578 „cenu-

123 2580 207 2615 ‘lam
242 2583 289 2616 ab
331 2583 433 2617 omni
473 2583 730 2617 sollicitudine
766 2583 860 2616 libe-

132 2629 246 2661 raum*
294 2629 350 2663 De
384 2631 485 2663 olere
518 2630 616 2664 conf.
650 2629 725 2664 Sat.
760 2632 792 2671 2,
828 2632 860 2670 1,

133 2675 192 2706 ⁶14.
214 2676 247 2716 2,
271 2677 306 2718 2,
332 2678 411 2710 117.
436 2678 470 2718 2,
495 2679 527 2719 6,
553 2679 609 2710 64.
628 2695 672 2701 -—
689 2677 859 2719 usquam]

137 2729 222 2753 oum
257 2722 382 2756 verbis
419 2726 542 2757 motus
580 2726 638 2757 est
672 2725 861 2765 iraead-

898 1411 1060 1443 wohin.
1100 1429 1141 1433 —
1186 1411 1329 1443 Vinctus
1372 1410 1455 1453 eas]
1499 1410 1632 1454 „quasi

899 1457 1062 1491 vinculis
1082 1460 1259 1491 oneratus
1277 1457 1317 1490 in
1337 1467 1526 1490 carcerem
1545 1468 1631 1501 per-

899 1507 1040 1538 tractus
1065 1504 1112 1538 ad
1138 1514 1250 1538 cenas
1277 1514 1361 1546 eas,
1388 1514 1475 1537 cum
1501 1508 1633 1537 contra

900 1551 1153 1585 libentissime
1207 1561 1335 1584 omnes
1390 1550 1633 1585 invitationes

900 1598 1098 1642 accipias.“
1125 1617 1170 1622 —
1195 1597 1390 1640 amasque]
1425 1600 1467 1631 ut
1499 1597 1573 1632 Sat.
1602 1601 1632 1639 1,

901 1648 935 1687 2,
960 1647 1018 1678 54.
1053 1648 1199 1687 „tecum
1227 1648 1426 1679 contentus
1452 1656 1493 1678 es
1518 1645 1633 1689 idque

899 1692 1130 1737 praedicas.“
1159 1692 1236 1726 Cic.
1262 1692 1310 1726 ad
1327 1691 1403 1726 Att.
1427 1695 1460 1733 4,
1488 1694 1543 1729 16,
1571 1695 1632 1726 10:

900 1741 940 1772 in
973 1748 1014 1773 eo
1050 1748 1107 1773 me
1139 1741 1248 1772 valde
1281 1748 1376 1772 amo.
1411 1758 1456 1763 —
1489 1748 1633 1772 seram-

901 1787 1103 1830 comn'vam]
1120 1786 1268 1821 Festive
1286 1785 1384 1820 ludit
1401 1787 1501 1820 inter
1518 1787 1632 1820 haec:

903 1834 939 1875 1)
968 1834 1055 1876 „ubi
1081 1845 1164 1868 sero
1190 1833 1398 1868 Maecenati
1422 1834 1569 1867 venerit
1593 1834 1633 1867 in

902 1883 1084 1922 mentem,
1125 1884 1162 1915 te
1204 1892 1356 1925 quoque
1397 1881 1633 1914 invitandum

904 1928 1035 1971 esse;“
1072 1929 1115 1970 2)
1151 1928 1246 1970 „ubi
1280 1931 1364 1972 post
1394 1929 1532 1961 multas
1558 1928 1634 1961 diei

903 1975 1140 2020 negotiorum
1153 1975 1257 2019 pleni
1270 1975 1460 2009 molestias
1473 1975 1634 2009 dilectus

904 2024 992 2056 tuus
1017 2021 1214 2056 Maecenas
1248 2025 1284 2056 te
1318 2033 1413 2066 opus
1448 2022 1634 2063 habuerit,

905 2080 980 2112 quo
1018 2068 1190 2102 adiutore
1227 2069 1312 2102 illas
1350 2069 1560 2112 dispellat.‘
1588 2087 1635 2092 -—

904 2117 969 2148 sub
989 2117 1129 2148 lamina
1149 2116 1286 2158 prima]
1303 2114 1467 2149 Macrob.
1486 2115 1635 2149 Saturn.

907 2165 939 2203 1,
965 2164 1006 2194 3;
1043 2163 1089 2194 ab
1112 2163 1178 2195 hoc
1202 2165 1362 2203 tempore
1387 2163 1431 2204 (a
1456 2163 1635 2207 vespera)

902 2210 1048 2249 prima
1073 2210 1154 2249 sax
1176 2210 1320 2242 dicitur.
1371 2208 1526 2243 Graeci:
1553 2211 1637 2256 περὶ

906 2252 1055 2295 λύχνων
1079 2251 1198 2297 ἁφάς.
1249 2255 1346 2298 „Est
1370 2256 1471 2300 quod
1498 2256 1637 2290 Censo-

906 2303 1015 2336 rinus
1034 2313 1066 2335 c.
1084 2304 1141 2336 24.
1158 2306 1267 2336 vocat
1280 2304 1405 2344 prima
1421 2305 1514 2345 sace,
1533 2304 1635 2348 quod

906 2349 1100 2393 antiquam
1131 2360 1260 2384 vocem
1291 2351 1422 2394 populi
1448 2351 1563 2384 fuisse
1590 2351 1637 2384 ad

906 2396 1112 2440 primordia
1137 2397 1260 2431 noctis
1278 2397 1523 2442 designanda,
1549 2408 1633 2431 cum

907 2443 997 2477 olim
1020 2444 1168 2477 facibus
1193 2447 1409 2481 uterentur.
1435 2448 1477 2478 ut
1501 2445 1636 2478 Home-

907 2490 988 2523 rica
1012 2493 1115 2524 aetas
1140 2490 1257 2534 δᾷδας
1279 2492 1452 2525 habebat.
1502 2492 1637 2525 Postea

907 2536 1048 2570 dictum
1084 2538 1278 2571 luminibus
1303 2541 1481 2580 accensis;
1516 2539 1636 2572 serior

907 2583 1071 2627 denique
1085 2585 1227 2620 locutio
1240 2588 1321 2619 erat
1336 2586 1532 2618 lucernalis
1546 2586 1638 2617 hora

908 2634 1036 2665 notata
1061 2641 1083 2664 a
1107 2631 1296 2665 Lobeckio
1322 2633 1369 2665 ad
1396 2632 1507 2675 Soph.
1534 2631 1637 2665 Aiac.

908 2678 1012 2711 285.“
1054 2678 1209 2712 Dmsnx.
1236 2679 1310 2712 Cfr.
1336 2678 1429 2722 Epp.
1457 2680 1495 2719 2,
1521 2679 1554 2718 2,
1579 2680 1637 2711 98.

911 2743 953 2748 —-
973 2726 1112 2758 Nemon
1128 2726 1247 2759 oleum
1265 2727 1335 2766 sert
1354 2725 1464 2767 ocius]
1491 2725 1641 2766 „oleum
