1786 2912
138 162 192 203 14

637 159 845 195 HORATII
869 159 1155 194 SATIRARUM

254 261 511 318 Supremum
542 264 732 317 tempus,
763 275 818 303 ne
850 275 896 303 se
927 262 1108 317 penuria
1135 262 1274 303 victus

256 331 549 389 Opprimeret,
581 331 812 375 metuebat.

874 332 935 373 At
964 331 1078 374 hunc
1108 332 1264 375 liberta
1294 332 1433 376 securi

253 402 413 446 Divisit
444 403 651 456 medium,
683 402 916 444 fortissima
947 402 1299 459 Tyndaridarum.

1573 404 1656 445 100

256 472 370 522 Quid
400 475 459 515 mi
490 474 621 530 igitur
653 473 841 516 suades?
871 473 929 515 Ut
957 474 1099 516 vivam
1128 473 1358 517 Maenius?
1387 477 1462 517 aut
1491 474 1554 518 sic

255 544 314 587 Ut
342 544 670 587 Nomentanus?
699 543 853 599 Pergis
884 546 1124 601 pugnantia
1152 559 1298 588 secum

255 615 487 658 Frontibus
519 615 709 658 adversis
742 630 1018 672 componere:
1051 630 1137 658 non
1169 630 1270 672 ego,
1303 630 1478 660 avarum

238 747 314 780 101.
341 743 466 789 ans-sic
490 745 533 788 Β,
559 754 601 779 αο
627 746 680 779 sic
703 756 740 790 p,
764 745 878 780 Wolf.

140 847 179 879 et
193 843 375 879 Horatius
402 845 453 887 (h.
473 845 497 878 1.
516 847 554 879 et
570 845 644 879 Sat.
674 848 704 887 1,
731 848 763 887 5,
790 845 876 888 96.),

141 903 237 937 quos
253 892 374 926 secuti
390 895 479 926 sunt
492 894 724 927 recentiores
742 903 875 937 prosae

141 939 324 973 orationis
357 940 572 984 scriptores.
600 959 642 963 —-
667 942 788 973 securi
813 941 876 973 Di-

139 988 221 1020 visit
246 988 403 1020 medium
443 990 484 1020 ut
502 987 606 1032 Virg.
626 987 718 1021 Aen.
737 990 770 1028 9,
789 989 875 1021 750:

139 1035 187 1067 Et
205 1035 362 1067 mediam
405 1043 487 1067 erro
505 1035 649 1076 flemina
667 1036 764 1068 inter
789 1038 877 1068 tem-

137 1090 235 1122 pora
262 1083 420 1123 frontem
446 1083 593 1115 Dividit.
615 1101 657 1105 —-
676 1083 877 1124 fortissima

142 1129 456 1172 Tyndaridarum]
486 1140 622 1173 „quae,
648 1129 767 1164 altera
794 1129 877 1175 cly-

141 1178 371 1210 taemnestra
397 1176 540 1218 (Iuven.
568 1179 608 1218 6,
635 1178 723 1210 657:
765 1178 877 1211 Mane

141 1224 466 1264 Clytaemnestram
502 1225 627 1257 nultus
665 1233 738 1257 non
777 1226 878 1258 vicus

140 1271 341 1313 habebit),
389 1274 590 1315 patronum
639 1271 878 1316 eundemque

141 1318 265 1351 virum
307 1328 435 1359 suum,
477 1319 524 1352 ob
562 1319 690 1353 foedas
728 1319 877 1363 patroni

142 1365 273 1399 sordes
306 1365 346 1398 in
385 1376 470 1399 eum
505 1369 743 1410 exasperata,
781 1370 877 1400 atro·

143 1411 293 1446 cissime
331 1413 490 1455 occidit3
535 1414 622 1453 „das
665 1415 878 1447 beherzteste

145 1460 245 1492 Weib
306 1461 571 1501 Tyndarischer
627 1461 876 1503 Sippschalt.“

143 1506 346 1549 (Kirchn.)
387 1506 530 1542 Nomen
573 1510 878 1552 Tyndaridarum,

143 1564 220 1598 quo
259 1556 409 1598 proprie
448 1555 637 1600 Tyndarei
675 1555 744 1589 filii
781 1555 879 1589 desi-

143 1603 325 1646 gnantur,
351 1602 483 1636 Castor
510 1606 547 1636 et
571 1603 724 1644 Pollux,
750 1613 878 1636 omnes

145 1647 332 1693 Tyndarei
359 1649 510 1688 liberos,
537 1650 648 1683 etiam
666 1650 763 1683 filias
781 1660 879 1683 com-

142 1695 342 1739 plectitur,
392 1700 434 1730 ut
482 1697 684 1739 Helenam,
735 1697 880 1742 Clytae-

143 1747 358 1785 mnestram,
377 1755 473 1787 quae
488 1745 639 1789 proprie
657 1746 879 1786 Tyndarides

144 1795 337 1824 vocantur.
375 1792 527 1826 Anthol.
564 1792 724 1826 Planud.
752 1794 814 1826 76:
834 1792 882 1825 Οἱ

144 1841 244 1882 τρεῖς
262 1837 551 1885 Τυνδαρίδαι,
569 1837 744 1886 Κάστωρ,
766 1837 880 1872 Ἑλέ-

145 1895 215 1927 νη,
241 1883 491 1929 Πολυδεύκης.
527 1887 684 1921 Theocr.
711 1886 879 1931 (Bergk.)

148 1933 209 1972 18,
244 1934 283 1964 5:
322 1929 446 1966 Ἁνὶκα
488 1933 773 1980 Τυνδαριδᾶν
810 1945 880 1966 κα·-

145 1976 354 2021 anag-:ato
373 1978 440 2013 τάν
464 1980 666 2024 άγαπατάν
679 1978 881 2015 Μναστεύ-
897 2001 901 2005 ‚

146 2036 220 2066 σας
253 2023 434 2059 Ἑλέναν
458 2025 481 2061 ὁ
512 2027 697 2075 νεώτερος
737 2026 882 2075 Ἀτρέος

147 2070 241 2114 υἱός.
290 2073 346 2107 De
387 2075 532 2109 diverso
581 2076 802 2120 superlativi
845 2079 881 2110 et

146 2121 303 2164 genitivi
338 2132 474 2166 genere
510 2123 606 2156 conf.
633 2124 739 2157 Hom.
773 2123 880 2157 Iliad.

148 2178 184 2208 χ,
213 2170 296 2200 139ε
340 2170 503 2215 κίρκος-,
529 2168 792 2216 ελαφρότατος
818 2181 883 2203 ,τε-

148 2214 302 2256 τεηνῶν.
330 2215 464 2249 Catull.
493 2220 526 2258 4,
555 2222 592 2250 l:
621 2220 794 2251 Phaselus
819 2219 889 2251 iller

149 2263 359 2295 --navium
391 2265 611 2298 celerrimus.
661 2265 882 2299 simillimus

149 2312 271 2341 autem
292 2311 408 2342 nostri
428 2311 533 2344 locus
552 2316 609 2345 est
627 2312 780 2347 Sueten.
794 2312 881 2346 Ner.

150 2357 214 2388 33:
253 2357 406 2389 Locusta
430 2361 711 2392 venenariorum
741 2361 881 2393 inclita.

200 2405 368 2436 101-104.
397 2406 490 2446 Quid
508 2408 557 2437 mi
582 2407 696 2447 iqitar
712 2407 882 2450 suadrsrj

151 2450 263 2491 ,ἶνας
287 2450 404 2482 rathst
430 2453 478 2483 da
504 2454 574 2484 wir
601 2455 726 2486 also?“
765 2454 882 2488 Elisio

149 2499 208 2529 est
233 2496 381 2536 eadem,
421 2509 516 2541 quae
546 2499 619 2532 Sat.
652 2505 681 2541 1,
709 2503 740 2537 ⁶2,
768 2503 821 2534 57.
840 2521 882 2525 —

150 2543 342 2586 Maenius]
378 2549 441 2583 „ut
467 2546 555 2578 vivit
580 2546 783 2580 Maenius.“
825 2548 884 2581 Sic

150 2589 268 2634 Epod.
297 2593 334 2631 1,
361 2593 423 2623 34:
464 2594 665 2626 Discinctus
700 2597 763 2627 aut
799 2604 884 2635 per-

150 2639 237 2670 dam
263 2639 334 2679 (ut)
362 2647 481 2679 nepos.
516 2639 610 2680 „Qui
638 2641 682 2673 de
710 2643 884 2684 personis

151 2683 368 2719 Horatianis
393 2686 638 2730 scripserunt,
665 2688 772 2720 aiunt
789 2688 885 2722 Mae-

152 2730 258 2764 nium
296 2735 333 2765 et
370 2733 597 2768 scurrilitate
636 2737 672 2767 et
714 2734 885 2779 ineptatu

925 846 1163 880 notissimum
1188 846 1339 880 Romae.
1389 844 1462 880 Hic
1485 848 1572 889 post
1595 855 1660 889 pa·

925 893 1144 927 trimonium
1177 893 1355 927 abrosum
1388 891 1570 927 Kalendis
1603 891 1660 927 Ia·

926 941 1072 974 nuariis
1086 941 1125 974 in
1136 940 1322 985 Capitolio
1339 940 1439 974 clara
1453 950 1542 974 voce
1557 942 1661 984 opta-

925 988 998 1029 vit,
1036 991 1079 1022 ut
1112 988 1390 1033 quadringenta
1422 997 1660 1021 nummorum

925 1035 1026 1069 aeris
1067 1035 1182 1069 alieni
1223 1035 1389 1069 haberet.
1445 1034 1661 1074 Quaerente

926 1082 1108 1127 quodam,
1151 1082 1244 1127 quid
1278 1082 1350 1116 sibi
1384 1082 1516 1124 vellet,
1559 1080 1661 1126 quod

926 1133 1001 1164 tam
1020 1130 1192 1164 sollemni
1210 1129 1270 1164 die
1288 1140 1351 1164 aes
1370 1129 1534 1164 alienum
1554 1131 1659 1173 opta-

926 1180 984 1211 ret
1020 1177 1179 1217 habere,
1215 1176 1302 1211 Noli
1339 1177 1488 1218 mirari,
1525 1176 1662 1220 inquit,

927 1226 1143 1269 octingenta
1161 1225 1291 1258 debeo.
1318 1224 1389 1258 Hic
1413 1224 1534 1258 fertur
1551 1223 1661 1257 domo

927 1283 1014 1313 sua,
1053 1283 1165 1316 quam
1191 1271 1238 1306 ad
1271 1271 1397 1305 forum
1431 1273 1660 1316 spectantem

927 1319 1128 1358 habuerat,
1171 1318 1363 1353 divendita
1403 1329 1517 1352 unam
1559 1318 1662 1351 colu-

927 1377 1050 1400 mnam
1061 1367 1133 1400 sibi
1142 1367 1195 1400 ibi
1205 1365 1511 1411 excepisse,unde
1522 1365 1663 1410 gladia-

928 1417 1029 1448 tores
1044 1417 1242 1459 spectaret,
1257 1424 1354 1458 quae
1369 1423 1414 1447 ex
1428 1423 1471 1447 eo
1487 1413 1663 1446 columna

927 1461 1075 1496 Maenia
1112 1461 1410 1495 nominabatur.“
1461 1459 1558 1502 (Hoc
1594 1458 1662 1494 fal-

929 1509 1038 1550 sum.)
1065 1509 1268 1542 PORPHYR.
1295 1507 1341 1542 ad
1369 1508 1443 1541 Sat.
1473 1510 1511 1547 1,
1538 1509 1578 1546 3,
1604 1508 1662 1540 21.

928 1555 1003 1589 cfr.
1030 1556 1122 1600 Epp.
1152 1559 1190 1597 1,
1224 1557 1288 1595 15,
1314 1557 1369 1588 26.
1396 1573 1442 1578 -
1466 1555 1662 1588 Nomenta-

927 1603 1010 1646 nus]
1035 1602 1077 1636 L.
1105 1603 1258 1637 Cassius
1282 1600 1552 1642 Nomentanus,
1578 1611 1663 1645 per-

928 1661 1019 1684 sona
1055 1649 1273 1691 Luciliana,
1316 1659 1400 1682 cum
1438 1646 1556 1683 alt'ero
1594 1647 1661 1682 illo

927 1697 1104 1742 prodigo,
1154 1696 1301 1731 Maenio
1336 1707 1364 1730 s.
1397 1695 1546 1737 Mallio,
1595 1694 1662 1739 qui

929 1744 1003 1778 Sat.
1031 1747 1062 1786 1,
1089 1747 1121 1786 8,
1149 1747 1202 1777 11.
1228 1743 1433 1778 ridiculum
1466 1743 1664 1776 Pantolabi

929 1802 1133 1837 cognomen
1183 1791 1314 1832 habet,
1364 1789 1465 1836 apud
1514 1791 1663 1834 poetam

929 1839 1179 1883 componitur.
1208 1838 1383 1880 „Cassius
1404 1836 1662 1872 Nomentanus

929 1887 1021 1920 adeo
1049 1887 1130 1920 sine
1157 1888 1332 1930 respectu
1367 1884 1551 1919 bonorum
1577 1894 1664 1918 suo-

929 1944 1013 1968 rum
1046 1933 1248 1978 prodigus,
1282 1935 1325 1966 ut
1358 1932 1574 1966 sestertium
1607 1941 1664 1965 se-

928 1981 1100 2026 ptuagies
1131 1981 1242 2025 gulae
1268 1990 1312 2014 ac
1338 1979 1488 2013 libidini
1519 1978 1663 2022 impen-

930 2028 1046 2061 deret.
1080 2027 1202 2061 Huius
1230 2037 1391 2072 coquum
1418 2025 1571 2060 Damam
1597 2035 1664 2059 no-

929 2076 1029 2109 mine
1045 2075 1232 2109 Salustius
1247 2074 1403 2118 Crispus
1419 2073 1663 2107 historiarum

931 2123 1094 2166 scriptor
1135 2122 1257 2156 fertur
1299 2121 1469 2155 centenis
1511 2119 1664 2154 milibus

931 2170 1158 2203 conductum
1208 2168 1427 2203 habuisse.“
1483 2167 1580 2200 Aen.
1628 2169 1667 2201 et

929 2217 1131 2250 PonPnYR.
1159 2216 1328 2260 Uterque
1354 2215 1470 2261 igitur
1493 2224 1610 2258 nepos
1629 2216 1668 2248 et

931 2275 1069 2309 ganeo:
1096 2275 1165 2298 nec
1183 2268 1307 2297 tamen
1321 2266 1522 2308 propterea
1537 2262 1664 2305 legen-

931 2312 1020 2345 dum
1055 2322 1138 2345 cum
1162 2311 1300 2344 Wolfio
1334 2320 1379 2343 ex
1412 2308 1525 2342 cssdd.
1550 2308 1665 2341 Bent-

932 2359 997 2393 leii
1012 2369 1056 2392 ac
1067 2361 1128 2392 sic.
1154 2357 1222 2392 Est
1235 2363 1403 2391 nostrum
1418 2357 1525 2389 oder
1541 2356 1664 2388 auch.

931 2425 979 2430 ——
1003 2407 1195 2439 Frontibus
1223 2402 1400 2445 adversis]
1426 2403 1449 2436 J
1454 2413 1552 2447 unge
1579 2413 1665 2436 cum

933 2465 965 2487 v.
991 2461 1221 2493 componere,
1263 2461 1340 2484 non
1383 2460 1467 2483 cum
1506 2459 1561 2482 vv.
1598 2458 1666 2490 pu-

933 2503 1089 2542 gnantia
1113 2508 1244 2533 secum.
1281 2497 1385 2539 „Non
1410 2497 1553 2531 desinis
1579 2506 1666 2530 con-

934 2548 1049 2581 traria
1074 2547 1126 2580 ita
1151 2544 1387 2590 componere,
1413 2548 1492 2577 ute
1511 2544 1665 2588 regione

934 2595 1006 2629 sibi
1033 2595 1204 2638 opposita
1229 2593 1351 2634 sinti-’¹⁴‘
1379 2595 1421 2625 ut
1446 2590 1598 2631 Graeci,
1623 2589 1666 2622 ἐκ

934 2643 1138 2688 διαμέτρου
1165 2639 1258 2683 ἡμῖν
1275 2640 1314 2672 οἱ
1329 2638 1411 2679 βίοι
1434 2636 1666 2679 (dvxi-Jeme).

934 2688 1091 2723 Lucian.
1118 2687 1261 2732 Catapl.
1289 2689 1342 2720 14.
1370 2704 1413 2709 —
1439 2683 1666 2728 componere]

936 2737 1039 2770 velut
1071 2735 1318 2781 gladiatorum
1350 2743 1429 2778 par.
1462 2730 1536 2767 Sat.
1570 2734 1607 2773 1,
1633 2732 1667 2772 7,
