1786 2912
695 143 789 178 LIB.
813 143 844 178 1.
895 142 998 178 SAT.
1022 142 1088 177 VI.
1590 142 1645 183 ’Π

250 245 418 289 Invidia
447 245 648 299 accrevit,
680 245 846 301 privato
878 258 987 300 quae
1016 243 1155 285 minor
1185 246 1313 285 esset.

247 311 360 359 Nam
389 320 438 358 ut
467 316 649 373 quisque
680 316 857 357 insanus
888 315 1025 371 nigris
1044 313 1234 356 medium
1265 313 1460 369 impediit
1481 326 1576 354 crus

249 387 442 430 Pellibus
475 391 518 429 et
546 387 679 428 latum
712 385 882 428 demisit
912 389 1084 441 pectore
1116 384 1300 437 clavum,

249 457 384 500 Audit
414 458 636 500 continuo:
670 456 776 505 Quis
807 456 934 498 homo
965 455 1036 498 hic
1056 456 1152 498 est?
1183 469 1266 511 quo
1287 458 1408 511 patre
1428 454 1588 495 natus?

248 528 307 571 Ut
338 529 374 570 si
406 528 479 584 qui
511 532 703 583 aegrotet
735 541 818 583 quo
847 527 996 568 morbo
1027 526 1208 579 Barrus,
1240 525 1389 568 haberi

247 598 306 640 Ut
336 599 480 655 cupiat
512 599 741 651 formosus,
774 601 844 639 eat
874 611 1144 653 quacunque,
1176 596 1330 652 puellis

248 669 417 711 Iniiciat
449 683 593 711 curam
625 667 854 725 quaerendi
887 668 1076 723 singula,
1109 667 1223 723 quali

249 739 315 781 Sit
346 739 473 793 facie,
507 754 623 793 sura,
657 739 771 795 quali
801 738 929 795 pede,
962 738 1110 791 dente,
1143 738 1319 794 capillo:

250 809 322 852 Sic
353 811 425 866 qui
455 810 666 866 promittit
697 810 831 862 cives,
863 809 1013 851 urbem
1045 809 1127 850 sibi
1159 822 1303 861 curae,

247 880 478 936 Imperium
508 879 599 922 fore
630 884 672 922 et
702 879 888 933 Italiam,
922 879 1098 922 delubra
1128 879 1323 932 deorum,

248 949 344 999 Quo
373 955 494 1008 patre
526 951 582 992 sit
612 955 756 1003 natus,
787 964 890 992 num
920 950 1067 1006 ignota
1096 954 1232 992 matre
1263 949 1534 1002 inhonestus,

248 1020 409 1064 Omnes
440 1021 641 1064 mortales
674 1035 823 1063 curare
855 1025 898 1063 et
929 1035 1135 1076 quaerere
1166 1020 1292 1075 cogit.

249 1091 372 1134 Tune
405 1091 521 1148 Syri,
553 1091 719 1134 Damae
751 1096 824 1133 aut
854 1091 1036 1147 Dionysi
1067 1091 1199 1144 filius,
1232 1090 1363 1133 audes

1589 524 1647 565 30

1588 877 1646 919 35

221 1199 278 1232 29.
304 1199 360 1231 Mc
386 1200 462 1231 est?
489 1207 560 1239 quo
583 1200 691 1239 patre
711 1199 845 1230 natus?
872 1197 894 1231 S
914 1197 996 1242 (qui
1016 1197 1128 1231 habet
1151 1197 1290 1238 natust)
1316 1195 1399 1237 bcd,
1423 1195 1596 1229 Pottierii

173 1244 370 1289 plerique,
395 1244 492 1278 LCt:
522 1246 596 1287 hic,
622 1247 687 1278 aul
714 1253 784 1286 quo
807 1247 916 1286 patre
940 1247 1050 1277 natus
1075 1255 1094 1278 e
1122 1243 1238 1278 Codd.
1263 1243 1461 1277 Bentleius
1487 1244 1525 1276 et
1549 1242 1597 1285 M,

174 1292 255 1324 hic?
280 1294 313 1325 et
338 1300 410 1333 quo
432 1295 539 1333 patre
564 1295 673 1325 natus
698 1303 734 1336 p,
762 1296 844 1325 octo
869 1291 1042 1325 Pottierii
1070 1295 1106 1325 et
1131 1302 1176 1325 ex
1201 1291 1285 1324 aliis
1310 1291 1351 1332 F,
1376 1291 1466 1324 item
1491 1290 1525 1323 J.
1554 1309 1595 1313 -

176 1339 232 1371 31.
257 1340 304 1371 Et
329 1341 454 1380 capiat
478 1339 590 1379 bScd,
615 1339 786 1372 Pottierii
812 1339 1005 1383 plerique,
1033 1338 1088 1371 Ct.
1127 1357 1169 1361 —
1210 1340 1265 1371 35.
1292 1339 1461 1378 Italiam,
1495 1338 1598 1370 delu-

177 1385 243 1417 bra
267 1384 389 1426 bScd,
415 1396 543 1419 omnes
569 1386 740 1419 Pottierii
768 1388 805 1418 et
828 1385 877 1418 F:
912 1386 1065 1418 Italiam
1091 1388 1123 1418 et
1149 1386 1299 1418 delubra
1326 1383 1460 1428 p,LCt,
1485 1383 1598 1418 Bent-

177 1431 273 1465 leius
299 1435 337 1465 et
359 1431 431 1465 MJ.
471 1452 512 1455 —
552 1434 607 1466 37.
642 1435 745 1473 coqal
774 1442 793 1465 c
819 1435 856 1465 et
881 1442 976 1465 corr.
1004 1431 1047 1473 S,

178 1478 244 1522 qui
269 1479 424 1523 recepit.

128 1562 255 1594 autem
285 1561 443 1594 militum
469 1563 628 1601 quatuor
662 1562 860 1602 leowm‘bus

124 1607 251 1648 pnmoe
283 1607 445 1652 ffiagm.
471 1607 566 1652 legis
594 1607 775 1642 Serviliae
801 1608 858 1641 ed.

126 1652 270 1687 Klenze
286 1665 323 1698 p.
341 1656 362 1687 3
380 1656 418 1688 et
437 1656 492 1688 11.
517 1654 596 1688 Cic.
621 1666 689 1699 pro
709 1655 858 1688 Cluent

128 1701 185 1742 54,
211 1701 306 1743 148.)
343 1701 532 1735 habebant
564 1701 626 1735 ius
658 1702 724 1735 lati
751 1702 857 1735 clavi.

126 1746 226 1781 Hinc
251 1747 659 1782 Sueton.Domit.10:
692 1751 858 1782 tribunus

129 1795 344 1828 meolam.
378 1794 594 1849 opponitur
617 1797 768 1830 tunicae
793 1807 859 1829 an-

127 1841 391 1885 gusticlaviae,
429 1840 675 1888 στενοσήιιῳ,
714 1844 857 1878 laticla-

126 1888 208 1930 via,
232 1886 491 1932 πλατύσημος.
516 1909 562 1914 -
587 1891 699 1934 ulJ„
712 1901 757 1924 ex
782 1901 857 1934 quo

128 1937 315 1980 tempore,
356 1937 549 1970 simulac.“
590 1956 632 1960 ——
671 1939 825 1979 niom-

126 1983 302 2026 Pellibus]
329 1984 505 2028 corrigiis
522 1987 713 2028 quattuor,
739 1995 784 2018 ex
801 1985 858 2017 ni—

127 2039 196 2073 gra
218 2030 340 2072 aluta,
366 2031 506 2075 quibus
532 2031 654 2065 medio
680 2032 720 2064 in
748 2042 857 2065 crure

127 2075 234 2120 ligati
258 2079 367 2111 erant
395 2081 610 2111 senatorum
635 2079 752 2112 calcei
781 2079 857 2112 albi

127 2123 188 2156 vel
210 2124 408 2167 purpurei,
434 2124 563 2158 addita
587 2125 723 2159 lunula
747 2126 859 2159 ebur-

128 2179 201 2203 nea
234 2170 338 2204 circa
369 2171 497 2204 talum.
533 2190 575 2194 ——
610 2173 787 2215 aearolet]
813 2172 859 2206 de

128 2217 243 2250 animi
268 2217 398 2251 morbo
424 2228 452 2251 s.
477 2218 783 2262 perturbatione,
817 2222 860 2252 ut

128 2267 267 2297 νοσεῖν.
280 2283 326 2288 -—
340 2265 497 2307 Barrus]
515 2265 636 2306 homo,
654 2268 857 2309 antequam

126 2311 231 2352 inops
255 2310 379 2353 fieret,
410 2311 551 2346 formae
578 2312 702 2346 studio
729 2312 859 2351 immo-

127 2356 210 2392 dice
227 2357 378 2392 deditus
403 2361 441 2392 et
465 2359 722 2393 adulterarum
741 2363 859 2393 secta-

127 2406 197 2438 tor.
225 2404 298 2438 Cfr.
326 2405 399 2440 Sat.
427 2409 459 2448 1,
486 2408 519 2448 4,
548 2409 625 2440 110.
653 2406 745 2449 „Hic
769 2407 859 2440 Bar-

126 2461 194 2485 rus
218 2451 422 2486 vilissimae
455 2453 655 2487 admodum
690 2453 858 2488 libidinis

127 2500 240 2542 atque
257 2499 354 2532 vitae
370 2499 454 2541 fuit,
481 2500 573 2534 adeo
601 2503 644 2533 ut
660 2501 859 2534 Aemiliam

126 2544 312 2625 [itt-{inlpm
336 2546 474 2581 Vestae
487 2547 707 2637 lilpcestasple
734 2547 859 2629 (1Ξὲταῖ

129 2601 159 2624 si
177 2617 186 2624 .
270 2601 387 2626 ORPH.
414 2613 457 2617 —
554 2603 661 2635 cuma
718 2606 751 2636 „1
816 2606 841 2628 u

128 2639 219 2672 cet.“
270 2639 350 2673 Hac
383 2640 544 2675 lectione
569 2642 782 2676 accuratius
809 2643 858 2676 si-

128 2685 351 2730 gnificatur,
393 2698 467 2731 quo
508 2689 638 2722 morbo
680 2687 859 2723 laborarit

1080 1432 1170 1466 item
1203 1432 1379 1476 plerique
1412 1431 1597 1473 Pottierii,

908 1560 1050 1595 Barrus
1077 1571 1188 1605 quam
1214 1561 1333 1594 altera
1359 1564 1410 1594 el.
1449 1560 1549 1605 quod
1577 1560 1643 1604 qui

905 1608 1139 1651 praeferunt,
1164 1610 1206 1641 ut
1230 1607 1402 1649 Vossius,
1429 1608 1643 1652 explicandi

907 1655 1132 1699 particulam
1157 1655 1300 1688 dicunt.
1327 1675 1370 1679 —
1395 1663 1505 1697 sura,
1540 1657 1646 1695 quali

905 1703 1008 1745 pede]
1040 1702 1120 1735 Alii
1146 1702 1390 1747 distinguunt
1413 1710 1503 1735 sura
1530 1703 1644 1744 quali,

903 1751 1006 1791 pede,
1033 1752 1164 1783 contra
1188 1750 1263 1783 vim
1289 1759 1479 1783 caesurae.
1499 1768 1542 1772 —
1559 1758 1645 1791 pro-

906 1796 1029 1839 min-it]
1070 1797 1183 1838 „dum
1218 1796 1441 1842 candidatus
1476 1797 1644 1830 honores

906 1843 1012 1887 petit,
1038 1853 1092 1886 ea,
1118 1854 1215 1888 quae
1239 1847 1463 1888 sequuntur,
1487 1844 1643 1888 promit-

907 1891 951 1924 tit
977 1891 1123 1925 civibus
1150 1891 1266 1925 suis.“
1300 1891 1419 1924 Vides
1444 1891 1643 1924 Horatium

907 1939 1112 1971 etiamtunc
1150 1938 1256 1982 loqui
1293 1938 1397 1971 velut
1434 1941 1560 1972 vetere
1601 1949 1641 1972 re

906 1985 1069 2028 publica.
1090 2005 1135 2009 —
1154 1985 1254 2028 num]
1271 1985 1344 2018 Hic
1372 1995 1523 2029 quoque
1549 1985 1644 2018 haec

906 2033 1094 2075 particula
1119 2043 1224 2066 suam
1242 2033 1383 2066 retinet
1401 2032 1643 2077 significatio-

907 2089 1011 2121 nem3
1036 2090 1123 2113 nam
1141 2081 1206 2124 qui
1224 2079 1278 2113 ita
1294 2080 1513 2124 interrogat,
1538 2079 1645 2113 timet

909 2127 1037 2170 quasi,
1075 2137 1123 2160 ne
1160 2137 1415 2170 responsurus
1450 2127 1498 2160 sit
1528 2126 1642 2160 alter:

909 2173 1050 2214 „immo
1091 2173 1401 2215 honestissima“‚
1439 2183 1524 2206 cum
1561 2173 1643 2217 ipse

907 2219 1013 2252 malit
1049 2220 1281 2254 eontrarium
1322 2231 1561 2264 responsum.
1597 2239 1641 2244 -

907 2268 1034 2307 ionola
1058 2267 1200 2310 matre]
1238 2267 1300 2300 Sic
1336 2268 1441 2309 Atia,
1478 2266 1527 2300 M.
1563 2267 1643 2301 Atii

906 2313 1015 2347 Balbi
1039 2313 1184 2348 Aricini
1209 2314 1299 2356 filia,
1323 2318 1441 2348 mater
1469 2314 1643 2348 Caesaris

908 2359 1122 2403 Octaviani,
1155 2361 1246 2394 huic
1277 2364 1468 2406 tamquam
1500 2361 1643 2395 femina

909 2408 1090 2441 obscurae
1132 2409 1290 2453 originis
1333 2409 1582 2443 obiiciebatur
1621 2419 1643 2442 a

906 2454 952 2487 M.
991 2455 1167 2489 Antonio.
1210 2455 1287 2489 Cic.
1328 2455 1492 2500 Philipp.
1531 2458 1570 2497 3,
1608 2457 1643 2497 6,

910 2504 964 2535 16.
991 2521 1033 2525 -
1061 2511 1238 2543 quaerere
1262 2503 1378 2545 coeit]
1422 2503 1562 2545 „aliter
1587 2502 1642 2534 fa-

908 2559 993 2582 cere
1018 2549 1080 2583 vix
1104 2553 1275 2594 possunt,
1302 2550 1395 2594 quin
1422 2548 1640 2594 quaerant.“

906 2595 1080 2630 Aliorum
1113 2597 1225 2630 lectio
1257 2600 1362 2638 coqat
1387 2600 1469 2630 orta
1494 2595 1641 2629 videtur

908 2653 953 2676 ex
978 2643 1319 2677 accommodatione
1346 2643 1393 2677 ad
1418 2654 1452 2676 V.
1477 2644 1533 2676 sit.

955 2692 1076 2724 38-42.
1114 2692 1213 2724 Tune
1240 2691 1325 2732 cet.]
1352 2690 1479 2734 inquit
1503 2689 1641 2733 aliquis
