1774 2930
150 127 236 169 512

809 128 1018 164 HORATII

267 227 398 271 Silvis
431 228 602 272 deducti
634 233 814 273 caveant
844 244 915 273 me
945 230 1085 274 iudice
1115 230 1275 287 Fauni,

265 299 332 343 Ne
363 301 481 343 velut
511 301 648 343 innati
679 301 818 343 triviis
850 316 899 344 ac
929 316 1069 358 paene
1099 302 1293 346 forenses

1582 307 1673 349 245
1701 281 1707 286 ”

265 369 355 412 Aut
385 371 566 413 nimium
595 372 756 414 teneris
788 374 1044 416 iuvenentur
1073 374 1269 417 versibus
1300 388 1510 431 unquam,

265 440 355 484 Aut
384 442 606 485 immunda
637 449 813 500 crepent
842 444 1214 502 ignominiosaque
1245 445 1380 502 dicta3

267 512 556 555 Offenduntur
587 515 720 568 enim,
754 515 908 570 quibus
941 519 1008 559 est
1040 530 1174 572 equus
1207 521 1251 560 et
1279 520 1404 574 pater
1433 522 1477 561 et
1505 532 1596 574 res,

263 583 374 638 Nec,
409 585 445 626 si
478 584 581 641 quid
611 584 725 628 fricti
758 586 908 628 ciceris
939 587 1093 643 probat
1123 591 1167 630 et
1195 589 1318 630 nucis
1351 593 1536 646 emptor,

242 734 322 765 244.
350 733 468 766 educti
492 732 566 767 duo
586 732 701 767 Codd.
724 733 834 777 Feae,
859 735 902 768 ut
927 735 1089 769 coniecit
1113 734 1324 770 Markland.
1343 755 1386 760 —
1406 738 1486 772 249.
1511 739 1623 780 tracti

195 779 269 822 BT,
294 780 385 814 item
413 790 508 814 corr.
535 780 619 815 bcd.

145 906 228 937 sunt
250 905 477 945 potissimum
496 906 586 938 bene
611 906 795 947 sonantia,
820 906 884 939 sed

147 960 192 984 ea
215 960 300 994 non,
326 954 366 985 ut
380 953 522 995 poetae,
550 953 735 994 exquisita
760 953 809 986 ad
824 961 883 986 so-

145 1007 245 1041 num,
269 1000 333 1032 sed
357 1001 503 1040 sumpta
529 1000 572 1032 de
597 1000 726 1033 medio.
755 1019 797 1023 —
823 1009 882 1033 ac-

146 1045 258 1088 cedit]
295 1046 485 1089 „Bothius
520 1057 566 1080 ex
600 1046 716 1081 Codd.
750 1047 884 1081 maluit

146 1095 303 1135 accedet,
329 1094 509 1138 quoniam
534 1095 647 1138 poeta
673 1105 712 1129 se
730 1105 882 1140 aggres-

146 1151 278 1174 surum
313 1141 519 1186 aliquando
553 1141 758 1185 promittat.
810 1140 882 1176 Sed

143 1187 236 1222 haec
253 1189 370 1223 verba
393 1188 434 1222 in
451 1189 673 1223 universum
690 1189 883 1232 dicuntur,

145 1237 182 1270 et
216 1237 353 1269 accedit
386 1235 517 1270 eodem
549 1236 632 1270 iure
669 1247 744 1281 quo
767 1237 882 1278 pollet

145 1283 375 1316 servandum
426 1283 524 1318 est.“
586 1283 701 1318 Iius.
757 1284 882 1328 Atque

144 1330 425 1374 ingratissimus
450 1331 522 1364 iste
549 1342 594 1365 ex
619 1342 696 1364 uno
723 1331 762 1364 in
789 1332 882 1366 alte-

144 1388 229 1411 rum
271 1381 419 1423 tempus
462 1378 559 1412 foret
600 1379 797 1412 transitus.
837 1397 880 1402 -—

143 1426 313 1468 honoris]
349 1436 439 1471 „per
468 1436 588 1470 genus
615 1426 766 1460 dicendi
793 1426 881 1460 sim-

143 1472 230 1517 plex
247 1483 290 1507 ac
308 1484 452 1515 verum,
479 1473 545 1507 sed
570 1475 695 1508 tamen
713 1473 882 1508 studiose

146 1519 391 1563 elaboratum,
417 1523 640 1566 argumento
668 1521 780 1555 etiam
798 1531 882 1565 per-

145 1577 256 1611 quam
274 1570 364 1602 noto
383 1578 504 1602 novus
523 1569 670 1602 accedit
689 1569 880 1602 ornatus.“

192 1616 392 1649 244—250.
417 1616 526 1649 Silvis
550 1616 714 1660 deducti]
733 1627 756 1649 a
771 1618 884 1660 poeta

143 1663 182 1695 in
210 1673 373 1696 scenam.
416 1662 490 1702 Qui
515 1663 737 1707 praeferunt
763 1664 883 1697 educti

144 1710 335 1754 explicant
362 1710 568 1753 „educati,“
597 1713 640 1744 ut
657 1711 760 1755 Virg.
786 1711 879 1744 Aen.

145 1758 183 1799 6,
210 1759 298 1791 765:
323 1759 462 1791 Educet
489 1757 673 1800 (Silvium
698 1757 879 1800 Lavinia)

143 1805 245 1836 silvis
282 1813 406 1845 reqem
442 1814 642 1846 requmque
677 1807 879 1846 parentem.

145 1870 187 1874 -
206 1853 327 1884 Fauni
343 1852 497 1896 proprie
516 1852 748 1896 respondent
766 1851 880 1885 Grae-

144 1908 274 1932 corum
305 1898 496 1941 Paniscis,
532 1900 598 1943 qui
632 1909 716 1932 cum
751 1897 878 1933 Sileno

143 1956 187 1979 ac
214 1945 356 1990 Satyris
373 1947 549 1990 perpetui
566 1946 705 1980 Bacchi
725 1947 879 1980 comites

144 1995 232 2027 sunt
257 1993 350 2037 (cfr.
377 1992 445 2027 Od.
473 1996 514 2036 3,
541 1996 606 2036 18,
635 1994 702 2037 1.);
727 1994 790 2027 hic
815 2004 880 2027 au-

143 2043 218 2075 tem
254 2040 454 2075 manifesto
488 2041 604 2075 iidem
643 2043 732 2075 sunt
765 2043 879 2085 atque

144 2088 281 2133 Satyri.
316 2108 359 2112 —
394 2090 448 2123 Ne
480 2090 579 2122 velut
611 2090 732 2122 innati
765 2090 880 2122 triviis

145 2136 230 2178 cet.]
276 2136 342 2178 „in
381 2135 475 2170 urbe
513 2136 641 2179 nati;“
686 2135 752 2170 sed
795 2146 879 2169 cum

144 2183 307 2227 quodam
333 2186 551 2228 contemptu
577 2183 717 2217 dicitur
735 2183 781 2217 de
798 2184 879 2227 ple-

142 2229 278 2264 becula
325 2231 490 2274 urbana3
537 2240 655 2272 paene
704 2232 879 2274 forenses,

145 2278 349 2319 „continuo
376 2280 568 2312 versantes
595 2278 635 2311 in
661 2278 778 2320 foro“,
811 2279 880 2311 cir-

144 2327 374 2367 cumforanei
401 2325 616 2368 Ciceronis,
649 2327 881 2359 subrostrani

145 2371 264 2406 Caelii
303 2372 405 2414 (Cic.
444 2373 492 2407 ad
524 2373 625 2407 Fam.
661 2375 701 2415 8,
742 2376 780 2415 1,
818 2373 880 2415 4.),

143 2418 397 2466 ἁγοραστικοὶ
433 2420 602 2454 Platonis
642 2419 805 2465 (Cratyl.
842 2431 878 2464 p.

144 2469 225 2501 408.
272 2467 339 2509 A).
391 2467 553 2510 „Fauni,
603 2467 716 2501 iidem
765 2470 879 2511 atque

145 2513 375 2548 Graecorum
390 2514 524 2559 Satyri,
540 2515 689 2558 quibus,
702 2518 745 2548 ut
759 2515 878 2548 Theo-

146 2562 263 2596 criteo
297 2563 448 2607 generi,
482 2563 659 2596 convenit
683 2563 793 2597 Musa
818 2571 880 2595 ru-

144 2611 235 2642 stica
261 2612 293 2643 et
308 2610 521 2651 pastoralis,
550 2618 644 2649 quae
670 2618 743 2642 non
760 2611 880 2650 sorum

144 2658 269 2698 modo,
302 2666 429 2690 verum
461 2658 579 2698 ipsam
613 2658 722 2690 etiam
753 2658 881 2690 urbem

145 2705 362 2746 reformidat
401 2704 584 2747 (Quintil.
622 2707 685 2747 10,
721 2706 760 2747 1,
794 2704 880 2747 55.)‚

933 905 1081 940 duobus
1115 917 1137 941 a
1169 907 1270 941 vitiis
1304 907 1378 942 sibi
1412 909 1586 952 caveant,
1620 919 1674 944 ne

932 956 998 987 aut
1029 955 1267 997 iuvenentur,
1306 954 1345 989 id
1379 957 1455 998 est,
1488 959 1599 990 acuta
1631 959 1673 990 et

931 1000 1064 1035 festiva
1090 1001 1191 1035 dicta
1213 1003 1419 1044 sectentur,
1443 1004 1668 1047 praesertim

932 1047 972 1080 in
1007 1048 1202 1090 omnibus,
1241 1059 1340 1093 quae
1371 1051 1509 1094 agunt,
1543 1051 1673 1085 verbis

931 1097 1087 1129 utantur
1124 1095 1238 1130 nimis
1275 1096 1453 1130 mollibus
1491 1107 1536 1131 ac
1573 1098 1667 1131 deli-

933 1142 1045 1185 catis3
1076 1145 1142 1176 aut
1166 1142 1273 1177 rudis
1298 1143 1520 1187 plebeculae
1546 1144 1669 1179 instar

930 1189 1184 1234 ignominiose
1208 1189 1249 1223 in
1273 1191 1368 1225 alios
1391 1194 1505 1235 atque
1531 1201 1669 1235 spurce

932 1237 1159 1281 loquantum
1184 1237 1230 1279 in,
1249 1238 1395 1272 utrovis
1421 1238 1522 1272 enim
1546 1249 1671 1283 aeque

932 1284 1095 1318 aberunt
1130 1284 1176 1318 ab
1215 1284 1356 1329 agresti
1398 1285 1466 1319 illa
1502 1285 1669 1330 quidem,

933 1331 999 1365 sed
1026 1331 1152 1365 nativa
1185 1331 1445 1376 simplicitate,
1478 1343 1575 1377 quae
1601 1343 1671 1367 eos

933 1379 1047 1413 unice
1081 1379 1222 1413 decet.“
1249 1397 1298 1404 -
1320 1380 1561 1423 iuvenentur]
1594 1379 1668 1414 No-

931 1426 989 1461 bis
1023 1437 1127 1460 nunc
1159 1421 1264 1469 ἅπαξ
1297 1423 1507 1471 λεγόμενον
1530 1427 1669 1461 forma-

932 1476 1011 1507 tum
1049 1473 1096 1508 ad
1131 1473 1363 1508 Graecorum
1401 1471 1669 1508 νεανιεύεσθαι

932 1524 969 1556 et
992 1518 1327 1567 μειρακιεύεσθαι,
1364 1532 1490 1564 „nunc
1514 1522 1667 1565 lascivo,

931 1579 1035 1602 nunc
1069 1569 1181 1603 nimis
1215 1571 1348 1603 tenero
1382 1568 1492 1604 modo
1519 1571 1557 1603 et
1581 1579 1667 1603 cum

932 1617 1062 1650 nescio
1098 1627 1174 1661 qua
1205 1616 1347 1660 leporis
1377 1616 1554 1661 perpetui
1579 1617 1667 1650 affe-

931 1664 1094 1698 ctatione
1119 1664 1220 1698 inter
1246 1674 1287 1698 se
1313 1663 1520 1708 colloqui,“
1546 1667 1590 1698 ut
1612 1664 1667 1697 fa-

930 1711 1080 1746 ciebant
1127 1711 1322 1746 Ciceronis
1369 1711 1428 1744 illi
1476 1710 1665 1745 barbatuli

930 1758 1098 1800 iuvenes,
1126 1758 1290 1800 Caelius,
1316 1757 1485 1800 Clodius,
1510 1757 1667 1800 similes,

930 1815 1016 1838 cum
1048 1805 1173 1838 forum
1199 1807 1236 1838 et
1267 1804 1438 1848 porticus
1462 1804 1662 1848 perambu-

928 1851 1068 1886 labant.
1108 1870 1152 1875 —
1188 1851 1402 1894 immunda]
1445 1850 1664 1894 „obscoena

929 1901 967 1933 et
990 1899 1128 1944 turpia,
1153 1899 1272 1944 magis
1289 1900 1377 1943 apta
1399 1898 1524 1933 mimis
1551 1909 1664 1943 quam

929 1947 1101 1991 satyris.“
1120 1946 1243 1980 Aeno.
1259 1965 1302 1969 —
1319 1947 1449 1988 quibus
1467 1948 1518 1979 est
1536 1945 1664 1989 equus]

931 1994 1102 2038 „equites
1142 1992 1339 2027 Romani.“
1390 1993 1460 2027 His
1501 2003 1558 2026 vv.
1600 1993 1664 2027 de-

929 2041 1130 2086 signantur
1148 2041 1301 2075 omnino
1320 2040 1433 2084 cives,
1461 2040 1528 2085 qui
1546 2050 1663 2074 censu

930 2088 1099 2133 equestri
1141 2091 1250 2122 erant
1289 2088 1486 2122 minimum
1529 2087 1666 2121 CCCC.

928 2137 1005 2169 mil.
1031 2136 1268 2178 sestertium;
1302 2145 1325 2169 a
1358 2145 1520 2180 quorum
1546 2135 1664 2180 igitur

928 2183 1149 2227 parentibus
1173 2182 1370 2217 liberalem
1390 2182 1439 2216 iis
1456 2182 1663 2216 institutio-

929 2241 1016 2264 nem
1048 2233 1162 2275 atque
1197 2230 1458 2264 educationem
1481 2240 1668 2274 procura·

928 2281 1004 2312 tam
1037 2288 1120 2312 esse
1146 2278 1228 2311 iure
1263 2277 1471 2322 exspectari
1503 2279 1662 2322 poterat.

930 2344 972 2349 —
1017 2325 1128 2359 Viros
1171 2325 1353 2359 senatorii
1400 2324 1544 2359 ordinis
1586 2334 1664 2358 una

929 2373 1202 2417 complectitur,
1229 2383 1324 2416 quos
1342 2371 1562 2417 singulatim
1586 2381 1663 2405 me-

927 2430 1074 2454 morare
1108 2419 1203 2453 nihil
1236 2419 1430 2453 attinebat.
1457 2437 1500 2442 —
1531 2417 1665 2460 pater}

929 2468 1010 2502 sine
1047 2469 1154 2511 patre
1191 2467 1271 2500 nati
1305 2466 1528 2501 dicebantur
1563 2466 1662 2500 servi

928 2525 972 2548 ac
999 2515 1144 2557 liberti3
1178 2513 1366 2559 significat
1389 2514 1506 2559 igitur
1533 2513 1662 2557 „inge-

929 2562 1065 2596 nuos.“
1109 2580 1152 2585 —-—
1193 2561 1278 2604 res]
1323 2560 1659 2606 „patrimonium.“

929 2609 997 2643 His
1023 2609 1143 2643 tribus
1178 2611 1301 2642 autem
1327 2608 1447 2642 modis
1473 2606 1662 2652 significat

930 2657 1099 2691 homines
1134 2656 1254 2690 cultos
1286 2658 1324 2689 et
1347 2655 1496 2700 politos.
1520 2672 1568 2679 -—
1593 2655 1662 2695 sri-

931 2706 978 2737 cti
1009 2705 1134 2739 ciceris
1160 2703 1245 2746 cet.]
1278 2701 1402 2746 δῆμος
1433 2699 1662 2749 κυαμοτρὼξ
