1786 2912
166 116 226 178 ⁴52

670 114 876 149 HORATII
901 114 1186 149 SATIRARUM

285 216 508 259 Posterius
540 216 686 270 facias,
716 229 986 272 praeponens
1017 215 1169 257 ultima
1198 215 1366 272 primis,

285 287 395 341 Non,
427 291 475 329 ut
507 287 543 328 si
575 288 716 329 solvas

285 358 398 401 Belli
429 358 610 400 ferratos
641 362 786 414 postes
817 360 1048 413 portasque
1079 357 1295 413 refregit“,

286 429 485 472 Invenias
518 429 646 471 etiam
678 428 845 470 disiecti
874 428 1067 470 membra
1095 432 1262 484 poetae.

284 571 408 613 Nunc
438 571 544 612 illud
574 575 739 613 tantum
773 584 986 626 quaeram,
1020 571 1228 613 meritone
1260 570 1339 612 tibi
1371 571 1427 612 sit

285 641 540 698 Suspectum
571 656 708 697 genus
741 641 821 683 hoc
853 641 1081 683 scribendi.

283 854 340 896 Et
370 855 487 897 vivat
518 855 636 911 puris
668 855 879 908 manibus,
913 858 1157 897 contemnat
1189 859 1428 910 utrumque.

281 925 340 967 Ut
372 927 430 967 sis
462 932 509 967 tu
542 926 694 967 similis
727 925 846 967 Caeli
877 925 1077 980 Birrique
1108 926 1345 978 latronum,

749 287 1007 342 „Postquam
1037 286 1265 328 Discordia
1294 291 1433 329 taetra
1627 287 1683 328 60

285 500 507 542 Hactenus
538 500 666 542 haec:
700 500 805 541 alias
837 499 996 540 iustum
1028 499 1084 540 sit
1114 513 1250 542 necne
1281 503 1449 555 poema,

1126 641 1295 683 Sulcius
1328 656 1425 683 acer
1623 642 1683 682 65

283 712 489 755 Ambulat
521 716 563 755 et
596 712 791 769 CapriUS,
824 713 941 754 rauci
972 713 1083 754 male
1116 727 1296 768 cumque
1326 712 1502 765 libellis,

282 783 465 839 Magnus
496 788 676 839 uterque
707 784 835 825 timor
862 783 1123 837 latronibus3
1157 788 1201 826 at
1234 784 1342 826 bene
1374 784 1410 825 si
1443 783 1537 839 quis

1626 996 1683 1037 70

282 996 380 1038 Non
402 1011 482 1052 ego
505 1011 599 1038 sum
623 997 751 1052 Capri
774 1010 913 1052 neque
937 996 1075 1038 Sulci:
1111 1011 1183 1038 cur
1205 1001 1371 1039 metuas
1394 997 1494 1039 me?

280 1067 409 1110 Nulla
439 1068 619 1110 taberna
649 1082 766 1110 meos
799 1067 957 1109 habeat
988 1082 1127 1123 neque
1159 1068 1247 1123 pila
1279 1067 1472 1120 libellos,

257 1205 312 1238 70.
337 1208 417 1237 sum
444 1203 557 1237 Codd.
585 1203 672 1248 aliq.
702 1203 912 1237 Torrentii:
938 1204 1006 1236 sim
1031 1201 1343 1247 BSodp‚LOtFM‚
1369 1203 1510 1243 Bentl.‚
1536 1202 1570 1236 J.

163 1308 300 1343 seriem
333 1309 578 1354 rhythmicam
612 1320 696 1343 cum
731 1309 898 1343 caesuris

164 1356 375 1401 legitimis.“
420 1356 495 1390 Cfr.
522 1368 554 1390 V.
581 1359 624 1391 7:
652 1358 806 1399 pedibus
832 1366 899 1389 nu-

162 1405 339 1444 merisque
357 1406 516 1437 mutatis.
532 1424 574 1427 —
590 1407 786 1445 Postquam
812 1404 897 1446 cet.]

163 1450 307 1485 Versus
321 1450 435 1483 Ennii
449 1451 608 1485 testibus
624 1451 747 1484 Schol.
763 1454 800 1485 et
814 1450 897 1484 Ser-

163 1498 222 1532 vio
249 1498 296 1531 ad
321 1499 414 1531 Aen.
443 1500 475 1540 7,
502 1500 580 1532 622.
601 1518 642 1521 —
662 1500 760 1532 Belli
783 1500 808 1539 s.
832 1507 897 1539 po-

161 1547 232 1578 stes
254 1545 469 1588 portasque]
501 1545 627 1590 Imago
655 1546 852 1589 desumpta
876 1556 898 1578 a

162 1591 253 1626 Iano
287 1594 429 1636 aperto.
480 1592 584 1637 Virg.
611 1592 704 1626 Aen.
735 1595 772 1634 1,
805 1594 896 1625 294:

164 1640 388 1673 claudentur
421 1640 518 1673 Belli
552 1642 693 1681 portae.
743 1639 836 1672 Aen.
864 1642 896 1681 6,

163 1689 255 1721 2⁷9:
280 1688 580 1728 mortiferumque
607 1689 761 1720 adverso
786 1687 827 1719 in
855 1687 896 1718 li-

162 1735 257 1767 mine
290 1735 447 1767 Bellum.
496 1733 590 1767 Aen.
618 1735 650 1776 7,
676 1736 763 1768 622;
802 1734 898 1766 Belli

161 1783 320 1822 serratos
344 1783 481 1823 rumpit
505 1783 686 1816 Saturnia
708 1782 832 1823 postis.
852 1800 894 1804 —

162 1830 272 1862 eliam
285 1829 437 1872 disiecti]
450 1829 551 1863 Haec
565 1831 666 1862 arcte
685 1827 895 1873 iungenda:

164 1876 245 1918 „vel
271 1876 419 1910 soluti.“
460 1875 654 1910 Sententia
681 1878 755 1910 est:
785 1874 895 1918 „Non

161 1923 201 1956 in
226 1923 320 1956 meis
346 1923 519 1958 versibus
554 1923 688 1957 solutis
722 1923 894 1956 invenias
922 1959 927 1963 ,

160 1970 328 2004 membra
359 1973 493 2014 poetae
526 1971 695 2014 quamvis
733 1970 894 2012 disiecti,

162 2020 203 2050 ut
228 2017 399 2051 invenies
425 2018 466 2051 in
483 2018 654 2052 versibus
680 2018 738 2051 his
756 2017 895 2051 Ennia-

161 2064 220 2098 nis
259 2065 374 2099 verba
410 2068 447 2099 et
490 2065 673 2110 imagines
715 2065 895 2109 poeticas,

162 2112 250 2145 licet
288 2112 343 2146 sic
378 2115 625 2157 transponas:
665 2113 896 2154 „Postquam

162 2161 283 2192 taetra
319 2160 502 2193 discordia
543 2161 696 2201 refregit
737 2161 895 2201 serratos

158 2209 277 2247 postes
300 2209 498 2247 portasque
524 2208 655 2240 Belli.“

208 2255 327 2287 63-70.
354 2255 449 2286 alias
476 2254 559 2297 cet]
593 2254 699 2296 „Alio
727 2256 894 2298 tempore

160 2300 387 2344 disquiram,
419 2304 543 2334 utrum
571 2302 687 2335 satira
709 2312 778 2345 pro
805 2312 893 2335 vero

159 2349 329 2391 poemate
376 2348 505 2381 haberi
555 2348 689 2382 debeat
738 2349 892 2382 necne.“

159 2394 287 2428 Dilata
303 2397 427 2428 autem
445 2395 514 2428 hac
533 2396 764 2439 quaestione,
785 2406 894 2439 quam

161 2441 349 2486 explicare
376 2442 415 2474 in
442 2442 566 2475 animo
591 2453 680 2476 sane
699 2453 894 2487 nunquam

159 2489 310 2526 habuit,
345 2488 478 2522 callide
512 2490 663 2533 quaerit
694 2491 893 2524 transitum

159 2536 206 2570 ad
233 2537 290 2570 rei
317 2538 441 2580 caput.
468 2555 510 2559 -
537 2537 709 2570 Sulcius-
726 2540 790 2569 -et
827 2539 894 2570 Ca-

156 2583 327 2626 priusJ„
339 2583 388 2616 Hi
413 2583 586 2617 acerrimi
611 2583 796 2617 delatores
832 2584 893 2626 (id

161 2632 235 2673 est,
262 2629 597 2675 quadruplatores)
638 2633 673 2663 et
711 2630 892 2680 caQidici

159 2677 276 2711 fuisse
318 2678 536 2721 traduntur,
585 2679 622 2712 et
661 2676 746 2711 ideo
786 2679 892 2721 male,

947 1308 1072 1351 valde,
1095 1310 1217 1352 rauci,
1245 1308 1346 1353 quod
1372 1309 1411 1342 in
1440 1308 1684 1342 contentione

947 1356 1175 1390 iudiciorum
1209 1356 1394 1390 altissima
1418 1366 1510 1390 voce
1547 1356 1685 1389 clama-

947 1407 1033 1437 rent
1082 1404 1335 1448 (assidueque
1385 1405 1612 1437 accusarent
1623 1402 1682 1445 ).“

948 1452 1090 1484 Sor-101„
1134 1470 1176 1474 -
1222 1450 1375 1494 libellis]
1425 1450 1683 1484 accusatoriis.

946 1498 1120 1531 Menand.
1154 1497 1266 1531 Mein.
1299 1509 1335 1542 p.
1373 1500 1462 1531 115:
1502 1493 1606 1530 ἕλκει
1641 1496 1686 1530 δὲ

947 1544 1226 1625 {ffississ‘z‘gffgssss
1245 1542 1417 1626 {ittig
1441 1543 1680 1626 ῗῐῖἷρὲἔὸῖ

950 1642 979 1681 1,
998 1642 1054 1673 40.
1074 1639 1166 1672 dicit
1187 1641 1344 1672 erectum
1369 1642 1402 1672 el
1427 1640 1573 1681 celsum,
1600 1639 1681 1672 ala—

947 1687 1000 1719 cri
1034 1690 1066 1719 el
1098 1689 1266 1728 prompto
1300 1695 1363 1719 ore
1397 1695 1442 1719 ac
1475 1687 1578 1719 voltu
1613 1687 1682 1719 huc

946 1737 1053 1774 atque
1077 1734 1166 1767 illuc
1189 1735 1408 1774 intuentem,
1444 1734 1577 1775 vaqari
1600 1741 1683 1767 cum

946 1789 1082 1822 maana
1116 1783 1265 1814 caterva
1299 1783 1372 1814 tolo
1406 1782 1500 1823 soro.
1527 1800 1571 1804 —
1598 1788 1681 1814 con-

945 1828 1095 1870 temnat]
1125 1828 1298 1869 „minime
1326 1828 1500 1862 metuat.“
1519 1847 1565 1852 —-
1581 1828 1681 1862 caeli

946 1876 1133 1918 Birrique}
1168 1875 1341 1917 „Caelius
1367 1877 1405 1909 et
1428 1875 1576 1909 Birrius
1600 1874 1681 1908 fue-

945 1926 1035 1956 runt
1059 1922 1318 1956 adolescentes
1343 1922 1493 1967 perditi.
1499 1922 1516 1940 “
1551 1921 1678 1956 Com(-

946 1969 1067 2008 CRUQ.
1093 1970 1252 2014 Propter
1285 1972 1509 2014 egestatem,
1542 1972 1585 2003 ut
1610 1968 1679 2003 Oa-

944 2017 1102 2051 tilinarii
1128 2018 1184 2051 illi
1210 2017 1322 2061 primi
1366 2016 1463 2059 (Sal.
1489 2016 1568 2050 Cat.
1596 2017 1680 2059 14.)‚

944 2065 983 2097 hi
985 2075 1146 2119 ‘quoque
1157 2064 1347 2098 interdum
1363 2056 1567 2098 latrocinia
1580 2074 1678 2098 com-

945 2112 1092 2146 misisse
1130 2112 1325 2153 videntur,
1367 2111 1438 2145 etsi
1479 2111 1563 2145 loco
1600 2121 1678 2145 non

944 2159 1103 2204 ignobili
1131 2160 1213 2193 orti.
1230 2178 1277 2183 —
1294 2160 1377 2193 Non
1396 2167 1459 2200 eqo
1483 2157 1578 2201 sum]
1603 2157 1680 2192 Pro

946 2209 1047 2240 certo
1087 2207 1219 2251 utique
1257 2206 1328 2240 scit
1363 2216 1404 2239 se
1446 2205 1560 2240 talem
1600 2215 1677 2239 non

945 2265 1047 2297 esse3
1085 2254 1174 2287 hinc
1212 2253 1439 2287 indicativus
1472 2253 1585 2286 unice
1618 2263 1676 2286 re-

945 2304 1047 2335 ctus:
1072 2303 1140 2334 sim
1158 2301 1335 2334 Codicum
1362 2311 1473 2344 quam
1497 2299 1679 2344 plurimo-

944 2360 1027 2382 rum
1063 2348 1334 2382 conformatum
1360 2349 1416 2381 est
1445 2347 1492 2381 ad
1523 2357 1677 2391 praece-

944 2396 1036 2430 dens
1063 2407 1095 2428 v.
1121 2397 1180 2429 sis.

992 2445 1074 2477 71-7
1080 2446 1112 2476 3.
1130 2442 1273 2485 habeat]
1293 2441 1508 2486 Optativus3
1527 2443 1585 2475 est
1601 2452 1675 2484 res,

944 2501 1054 2534 quam
1081 2490 1162 2535 ipse
1188 2490 1262 2523 iam
1287 2499 1362 2523 non
1388 2488 1571 2533 impedire
1594 2491 1676 2532 pot-

945 2541 1010 2580 est,
1030 2537 1144 2571 semel
1163 2537 1272 2570 editis
1291 2535 1437 2578 Satiris,
1455 2546 1531 2570 non
1549 2538 1676 2569 tamen

942 2585 1111 2628 profecto
1138 2595 1181 2618 eo
1216 2584 1392 2626 consilio,
1425 2585 1467 2616 ut
1498 2583 1545 2617 iis
1575 2583 1676 2615 insu-

942 2633 1040 2673 dent,
1067 2631 1241 2665 sordibus
1268 2631 1346 2664 suis
1373 2641 1435 2664 eas
1451 2630 1567 2663 veluti
1585 2639 1675 2663 con·

942 2679 1135 2720 taminent,
1160 2679 1332 2712 homines
1354 2673 1544 2717 βάναυσοι
1561 2679 1674 2721 atque
