1786 2912
694 129 789 165 mn.
812 115 844 165 1‘.
894 128 997 164 sAr.
1021 128 1089 164 111.

1593 128 1647 169 31

251 234 390 288 Voce,
421 232 547 276 modo
577 231 678 285 hac,
709 234 882 273 resonat
911 243 1022 286 quae
1053 227 1223 271 chordis
1253 231 1456 284 quattuor
1485 227 1583 270 ima.

253 304 328 348 Nil
357 303 538 360 aequale
568 301 732 344 homini
763 300 843 342 fuit
873 299 960 353 illi;
993 313 1123 355 saepe
1153 298 1272 341 velut
1302 298 1376 354 qui

254 374 466 418 Currebat
496 373 668 429 fugiens
697 371 887 424 hostem,
918 383 1126 426 persaepe
1156 369 1275 412 velut
1305 369 1378 424 qui

1598 369 1652 409 10

250 445 429 489 Iunonis
460 457 582 486 sacra
610 442 764 496 ferret3
796 441 983 484 habebat
1014 453 1145 496 saepe
1176 439 1402 492 ducentos,

253 515 396 572 Saepe
426 514 575 557 decem
605 526 779 566 servos3
811 510 937 553 modo
967 524 1093 566 reges
1125 515 1254 566 atque
1283 508 1541 562 tetrarchas,

255 586 415 629 Omnia
433 599 603 640 magna,
624 584 818 639 loquens,
839 581 990 623 modo:
1013 579 1080 622 Sit
1099 580 1206 622 mihi
1226 594 1376 623 mensa
1394 579 1528 635 tripes
1551 583 1594 621 et

255 655 433 699 Concha
461 655 564 697 salis
594 654 692 710 puri
725 656 769 696 et
797 657 917 708 toga,
950 665 1060 707 quae
1090 650 1323 693 defendere
1353 649 1489 706 frigus

258 726 462 776 Quamvis
494 738 637 768 crassa
666 726 808 780 queat.
852 722 1011 765 Decies
1042 724 1225 764 centena
1254 720 1449 763 dedisses

237 827 293 860 11.
327 826 450 859 alebat
474 823 671 858 Bentleius
704 833 750 856 ex
775 821 865 856 Cod.
890 821 1000 856 Voss.
1026 830 1179 855 errore:
1205 821 1366 854 ualebat.

188 872 311 907 firmat
334 871 479 907 Seneca
500 870 570 915 Ep.
597 871 691 912 120.)

137 948 208 983 ille
224 949 407 983 cantitare
421 947 557 981 solitus
571 947 631 988 sit,
649 956 763 991 quam
781 955 873 989 qua-

140 996 342 1040 liscunque
352 994 541 1030 cantilena
550 992 769 1033 convivalis,
782 1003 874 1045 qna-

141 1053 227 1078 rum
244 1052 365 1088 genus
383 1041 520 1076 Graeci
535 1041 721 1075 vocabant
738 1018 875 1078 32)de-

142 1100 247 1131 κους.
279 1089 417 1123 Pollux
447 1090 482 1131 4,
513 1090 547 1130 7,
581 1089 645 1121 53:
683 1088 874 1140 παροίνια,

141 1132 336 1177 ῑόβακχοι.
382 1135 575 1170 Posterior
606 1133 749 1179 syllaba
772 1133 814 1166 in
839 1144 873 1167 v.

143 1185 287 1218 Bacche
318 1182 544 1228 producitur
577 1183 733 1226 propter
770 1180 873 1214 arsin

142 1230 185 1264 in
210 1240 379 1265 caesura.
402 1247 451 1254 —·
474 1230 580 1262 modo
603 1227 761 1270 samma]
789 1227 874 1269 „Ti-

142 1277 282 1323 gellius
318 1276 428 1311 modo
469 1275 646 1309 utebatur
688 1285 732 1309 ea
772 1284 875 1315 voce,

170 1335 243 1358 uae
275 1324 420 1358 summa
451 1322 592 1356 chorda
621 1321 874 1356 tetrachordi“

143 1335 248 1425 ¹§lquo
283 1381 395 1404 sonos
426 1369 737 1410 modulabantur,
770 1372 812 1401 ut
836 1367 878 1400 fit

145 1417 188 1450 in
213 1419 343 1451 nostro
366 1417 518 1458 victine)
546 1415 614 1460 ,τῇ
633 1412 758 1460 ὑπάτη
775 1425 878 1448 reso·

146 1466 231 1506 nat,
254 1463 296 1497 id
321 1466 396 1505 est,
419 1463 660 1507 gravissima,
685 1461 732 1507 τῇ
757 1460 878 1508 βαρυ-

146 1507 269 1565 airy,
279 1510 391 1544 modo
416 1520 479 1551 ea,
505 1519 601 1553 quae
626 1509 702 1542 ima
726 1508 878 1562 chorda³

145 1556 196 1612 τῇ
219 1553 329 1612 νήτη,
354 1534 560 1600 eademque
577 1555 806 1596 acutissima,
831 1555 878 1600 τῇ

147 1591 327 1646 οξυτάτη,
338 1603 524 1637 resonat.“
540 1602 762 1635 0381111111.-
772 1580 878 1635 niodo

146 1649 237 1693 Me]
328 1660 491 1684 onomen
532 1650 600 1682 hac
639 1659 719 1683 rem
759 1649 877 1693 magis

147 1697 269 1732 oculis
306 1697 416 1742 quasi
452 1696 729 1741 appropinquat
766 1706 878 1740 quam

149 1753 206 1786 ea,
229 1754 253 1778 a
277 1755 352 1788 quo
377 1743 601 1788 pronomine
625 1753 744 1787 prope
762 1743 879 1776 encli-

146 1791 223 1825 fico
241 1793 424 1836 quantum
446 1792 569 1834 potest
585 1790 751 1824 abstinet
766 1790 879 1823 etiam

147 1838 221 1872 1100
244 1838 443 1872 satirarum
467 1847 599 1882 genus.
617 1855 661 1860 —-
686 1839 880 1870 resonat--

148 1884 314 1927 chordis]
360 1895 402 1927 „e
440 1884 590 1918 chordis
626 1883 771 1927 prodit,
812 1894 880 1927 per

146 1931 308 1966 chordas
357 1934 467 1965 sonat
476 1931 507 1973 ,⁴⁶
557 1930 668 1965 ablat.
717 1930 880 1964 causalis

149 1977 211 2012 vel
234 1977 549 2012 instrumentalis.

197 2027 294 2059 9-19.
318 2025 402 2067 Nil]
429 2023 552 2068 „Nihil
577 2026 659 2057 erat
682 2024 880 2068 aequabile

147 2071 191 2105 in
221 2071 288 2106 illo
319 2071 491 2114 homine;
523 2071 565 2104 in
598 2071 704 2104 nulla
735 2081 777 2104 re
809 2070 882 2105 sibi

145 2118 358 2152 constabat.
363 2118 381 2136 ‘⁴
431 2097 612 2162 Syhesius
644 2116 751 2151 Narr.
788 2117 880 2162 Aeg.

149 2174 193 2219 p.
213 2165 248 2198 8.
260 2163 386 2220 ςΚη1).
411 2164 458 2198 de
482 2164 682 2216 Typhone·
707 2162 787 2196 οὐδ’
812 2164 883 2197 αῦ-

150 2207 219 2252 τός
249 2203 300 2253 ἦν
331 2208 434 2256 αὐτῷ
466 2207 749 2263 παραπλήσιος,
786 2208 884 2243 αλλὰ

152 2253 399 2290 παντοδαπόν
423 2267 460 2290 τι
475 2253 611 2289 κακόν
629 2275 673 2280 -
689 2258 788 2290 velut
805 2258 882 2300 qm]

151 2302 392 2359 βραχυλογία
414 2314 503 2348 pro:
529 2302 670 2347 „Saepe
695 2304 882 2346 currebat,

146 2350 258 2384 ‘velut
292 2351 360 2395 qui
394 2350 546 2396 fugiens
578 2351 722 2384 hostem
754 2361 883 2384 curre-

152 2399 231 2440 ret,
264 2408 375 2442 saepe
401 2398 503 2431 lente
527 2397 747 2439 incedebat,
780 2398 884 2431 velut

154 2444 223 2486 qui
237 2443 398 2478 Iunonis
415 2454 523 2478 sacra
538 2444 687 2478 ferret.“
708 2463 753 2468 —
771 2446 884 2477 111πο-

154 2491 212 2523 nis
227 2491 351 2533 saera]
365 2490 552 2534 Loquitur
568 2490 615 2524 de
631 2487 884 2538 κανηφόροις,

157 2547 277 2580 „quae
290 2537 465 2571 manibus
478 2537 635 2571 sublatis
650 2548 758 2572 sacra
770 2548 885 2582 quae-

154 2582 242 2617 dam
252 2584 442 2628 reposita
431 2595 473 2617 111
482 2584 668 2628 capitibus
676 2584 883 2619 ferebantf‘

155 2629 259 2672 (010.
282 2630 417 2665 Aecus.
442 2633 482 2673 4,
507 2632 562 2673 3.)
587 2631 635 2664 Η.
660 2631 686 2664 1.
710 2634 801 2665 sunt
824 2631 885 2664 Iu-

136 2676 288 2719 raonis,
321 2688 407 2712 cum
432 2676 524 2711 alibi
547 2681 802 2712 memorentur
827 2689 887 2712 ca-

1600 719 1653 760 15

1416 819 1607 861 (Habebat

921 945 1113 989 nephorae
1139 943 1211 986 (sic
1235 943 1330 985 010.)
1356 942 1561 985 Minervae,
1587 942 1657 976 Ce-

921 992 1017 1025 reris
1043 991 1185 1033 (Attica
1209 992 1312 1032 vir-ao
1340 991 1429 1023 Cum
1451 991 1569 1023 sacris
1594 990 1657 1023 Ce-

920 1040 1028 1080 reris,
1054 1038 1129 1072 Sat.
1156 1040 1190 1079 2,
1215 1039 1248 1079 8,
1275 1038 1359 1079 14.),
1383 1037 1545 1079 Bacchi,
1569 1036 1658 1071 Dia-

922 1096 1005 1119 nae.
1038 1105 1084 1110 —
1120 1087 1237 1126 Saepe
1278 1084 1421 1127 decem]
1459 1083 1657 1117 minimum

922 1133 1002 1166 fere
1020 1142 1215 1166 servorum
1238 1142 1449 1165 numerum.
1474 1130 1568 1165 Octo
1592 1131 1659 1165 ha·

922 1179 1036 1214 bebat
1059 1178 1239 1213 Horatius
1264 1178 1305 1212 in
1331 1178 1476 1212 familia
1500 1188 1571 1212 sua
1595 1188 1659 1211 ru-

923 1227 1035 1268 stica,
1068 1226 1144 1260 Sat.
1179 1227 1219 1267 2,
1252 1227 1292 1266 7,
1329 1227 1426 1268 118.;
1463 1225 1588 1259 tribus
1621 1224 1658 1258 ei

924 1284 1017 1307 cena
1041 1272 1337 1314 ministrabatur,
1363 1271 1438 1306 Sat.
1466 1275 1498 1314 1,
1523 1274 1557 1314 6,
1577 1274 1657 1305 116.

926 1319 1076 1361 (Sordes
1102 1319 1379 1353 obiiciebantur
1397 1319 1522 1360 Tillio,
1547 1328 1659 1363 quem

924 1370 1137 1411 praetorem
1163 1366 1335 1410 quinque
1353 1368 1500 1399 tantum
1525 1376 1661 1410 seque-

927 1414 1063 1447 bantur
1088 1413 1220 1457 pueri,
1253 1411 1327 1446 Sat.
1355 1416 1396 1454 l,
1421 1415 1463 1454 6,
1490 1413 1587 1454 107.)
1614 1431 1658 1436 -

926 1460 1147 1502 tetrarchas]
1165 1470 1303 1493 nomen
1319 1459 1536 1503 principum
1552 1469 1662 1503 prae-

927 1508 1039 1551 cipue
1056 1506 1339 1551 Gallograeciae
1362 1510 1400 1540 et
1421 1505 1598 1540 Iudaeae.
1614 1524 1658 1530 —-

929 1554 1099 1596 loquens]
1127 1554 1189 1596 „in
1214 1563 1279 1587 ore
1303 1553 1468 1595 habens,
1492 1553 1661 1587 intimam

927 1611 1012 1635 cum
1028 1600 1268 1645 principibus
1281 1600 1586 1642 familiaritatem,
1604 1600 1661 1633 nil

926 1648 1003 1682 nisi
1027 1658 1179 1692 magnas
1205 1658 1279 1688 res,
1303 1647 1483 1681 iactans.“
1511 1646 1589 1683 010.
1613 1647 1662 1681 ad

926 1695 1003 1728 Att.
1038 1697 1077 1736 9,
1111 1696 1174 1734 2a,
1209 1696 1253 1727 3:
1290 1695 1385 1727 nim
1420 1695 1491 1726 κε’-π’
1527 1695 1661 1728 classes

929 1743 1077 1782 loquens
1104 1744 1137 1775 et
1163 1742 1354 1775 exercilus.
1374 1759 1417 1764 —
1442 1750 1569 1774 mensa
1594 1743 1661 1774 tri-

924 1789 1003 1831 pes]
1031 1788 1227 1832 „delphica
1251 1788 1423 1832 simplex,
1449 1788 1573 1832 qualis
1596 1788 1662 1822 de-

930 1838 990 1869 cet
1013 1835 1203 1869 hominem
1219 1836 1352 1879 paucis
1379 1838 1599 1869 contentum
1625 1838 1664 1869 et

927 1883 1152 1927 plerumque
1200 1882 1323 1916 solum
1364 1882 1447 1915 sine
1494 1882 1663 1916 convivis

929 1930 1162 1963 cenantem.“
1223 1929 1419 1972 Delphicis
1460 1939 1660 1973 opponun-

928 1980 991 2010 tur
1024 1976 1250 2020 monopodia
1282 1986 1493 2009 marmorea
1522 1978 1588 2009 aut
1612 1976 1665 2009 ci-

929 2027 1012 2057 trea
1043 2034 1128 2056 cum
1161 2022 1257 2066 pede
1293 2033 1369 2056 uno
1403 2022 1572 2056 eburneo
1603 2022 1664 2056 vel

930 2081 1053 2104 aereo.
1081 2089 1124 2094 -—
1152 2071 1295 2103 concha
1324 2070 1413 2103 salis
1442 2069 1555 2112 pari]
1589 2069 1665 2113 Op-

929 2117 1087 2162 ponitur
1104 2117 1269 2151 salinum
1286 2119 1520 2161 argenteum.
1545 2116 1665 2158 „Pau-

930 2165 1099 2207 periotes
1132 2164 1172 2196 in
1198 2164 1345 2197 marina
1377 2163 1523 2197 concha
1547 2163 1664 2197 salem

931 2211 1061 2244 tritum
1098 2210 1238 2243 habere
1277 2211 1419 2251 solent,
1462 2220 1536 2254 quo
1578 2220 1665 2244 cum

930 2267 1029 2301 pane
1053 2258 1289 2291 vescantur.“
1315 2256 1465 2290 PORPH.
1492 2256 1569 2291 Cfr.
1588 2256 1663 2291 Sat.

932 2306 966 2345 2,
992 2306 1026 2346 2,
1051 2305 1119 2337 1-7:
1158 2312 1239 2337 cum
1262 2305 1341 2337 sale
1371 2305 1480 2345 panis
1506 2305 1664 2337 Lau-an-

931 2353 1003 2384 tem
1033 2352 1261 2384 stomachum
1294 2352 1382 2384 bene
1415 2352 1534 2384 leniet.
1583 2351 1665 2384 Hoc

932 2399 1079 2431 tantum
1103 2398 1192 2439 volt,
1217 2400 1260 2431 ut
1285 2397 1334 2431 sit
1358 2397 1562 2439 candidus,
1586 2399 1665 2430 sine

931 2446 1111 2487 faecibus,
1161 2444 1385 2478 defaecatus.
1428 2463 1471 2467 —
1514 2444 1665 2486 crassa]

929 2493 1104 2532 pinouem
1128 2494 1252 2533 loaam
1268 2491 1441 2525 similiter
1459 2491 1555 2525 dixit
1573 2490 1665 2524 Sue-

933 2541 1012 2571 ton.
1049 2537 1175 2572 Octav.
1214 2540 1290 2580 82.,
1328 2540 1485 2580 pinques
1521 2539 1666 2570 tunicas

933 2583 1092 2619 Μαι-11111.
1118 2588 1174 2627 14,
1202 2587 1293 2627 143.,
1315 2587 1471 2626 pinques
1498 2585 1666 2617 lacernas

932 2631 1062 2665 Iuven.
1095 2634 1137 2674 9,
1171 2633 1228 2666 28.
1251 2649 1300 2656 —-
1331 2633 1457 2664 Decies
1490 2631 1664 2673 centena]

934 2678 1040 2713 milia
1054 2678 1102 2712 E.
1120 2678 1156 2712 S.
1183 2678 1347 2720 (Floren.
1365 2677 1488 2711 Bhen.
1513 2677 1665 2712 circiter
