1774 2930
179 148 265 190 532

832 148 1040 183 HORATII
1081 167 1083 170 ⁴

294 248 582 306 Indoctusque
614 250 728 306 pilae
760 250 921 292 discive
952 249 1144 293 trochive
1176 251 1369 307 quiescit,
1446 296 1451 299 ,
1609 253 1710 294 380.

293 319 359 362 Ne
390 321 556 377 spissae
586 320 722 362 risum
742 320 905 362 tollant
933 321 1108 377 impune
1140 335 1343 364 coronae:

294 390 379 439 Qui
409 391 547 434 nescit
576 405 726 434 versus
757 394 903 433 tamen
934 391 1062 434 audet
1092 392 1269 447 fingere.
1313 392 1503 441 Quidni?

290 461 425 504 Liber
458 465 501 504 et
532 462 760 517 ingenuus,
792 463 1047 518 praesertim
1079 477 1232 505 census
1263 468 1504 519 equestrem

292 531 513 574 Summam
544 547 816 574 nummorum
846 533 1037 589 vitioque
1067 537 1256 576 remotus
1290 534 1343 576 ab
1375 535 1503 576 omni.

292 602 360 645 Tu
390 602 500 645 nihil
530 603 666 646 invita
696 603 812 646 dices
845 603 1033 646 faciesve
1063 604 1276 659 Minerva3

1606 606 1693 647 385

289 673 338 715 Id
369 674 448 716 tibi
479 673 684 716 iudicium
716 678 802 728 est,
834 688 887 716 ea
916 689 1052 717 mens.
1096 673 1144 716 Si
1175 674 1277 731 quid
1306 678 1451 718 tamen
1482 676 1584 718 olim

290 744 537 801 Scripseris,
570 745 616 786 in
646 744 785 787 Maeci
816 745 1048 787 descendat
1078 745 1231 787 iudicis
1263 759 1389 789 aures

288 814 347 857 Et
376 816 511 872 patris
545 819 590 858 et
620 819 802 869 nostras,
834 830 1080 872 nonumque
1109 820 1328 873 prematur
1359 817 1405 858 in
1435 831 1611 871 annum,

263 970 344 1003 386.
369 970 545 1003 iudicium
571 971 634 1011 est,
661 977 703 1002 ea
729 967 867 1002 bRTcd
895 969 1117 1011 (iudiciumst
1135 978 1180 1003 ea
1196 969 1254 1012 B),
1280 969 1360 1003 LOt
1376 972 1414 1004 et
1425 969 1644 1004 Bentleius:

216 1017 392 1050 iudicium
419 1019 503 1058 esto,
531 1025 577 1049 ea
602 1016 680 1049 Fea
704 1016 802 1050 coni.
830 1018 867 1049 et
891 1015 939 1049 M.
966 1035 1008 1039 —
1037 1018 1117 1050 387.
1143 1018 1266 1052 Maeci
1289 1017 1505 1051 Bentleius:
1530 1019 1645 1052 Maeli

214 1063 256 1106 B,
281 1065 392 1098 Mecii
417 1063 481 1106 Tc,
506 1062 596 1105 Lot,
621 1064 713 1098 Meti
737 1062 800 1105 bS,
825 1062 873 1105 M,
898 1065 1004 1097 Metii
1029 1063 1064 1106 d,
1089 1063 1130 1097 F.

161 1205 262 1245 pilae
288 1204 434 1247 discive]
462 1204 537 1238 Cfr.
557 1203 631 1238 Sat.
655 1205 689 1246 2,
707 1205 740 1246 2,
761 1206 800 1237 11
823 1214 904 1248 sqq.

166 1270 209 1274 —
236 1251 410 1294 trochive]
437 1250 511 1285 Cfr.
538 1250 606 1285 Od.
633 1252 664 1293 3,
692 1253 749 1293 24,
775 1252 832 1285 57.
859 1269 902 1275 —-

165 1298 336 1342 coronae]
376 1301 661 1343 „spectatorum
687 1299 902 1339 catervae,“

164 1349 206 1379 ut
237 1346 331 1391 Epp.
361 1348 399 1388 1,
422 1347 496 1388 ·18,
528 1348 584 1379 53.
612 1365 654 1369 -
684 1347 756 1387 Qui
791 1347 903 1379 ‘nescit

164 1393 250 1436 cet.]
285 1393 391 1436 „Alii
417 1393 657 1438 distinguunt
683 1394 754 1434 Qui
777 1394 900 1435 nescit,

162 1448 287 1474 versus
314 1443 434 1474 lamen
459 1443 548 1482 cet„
587 1440 652 1474 alii
679 1442 811 1474 contra
844 1440 902 1482 (ut

161 1486 374 1530 Bentleius)
402 1488 474 1529 Qui
490 1488 600 1520 nescit
615 1496 751 1529 versus,
779 1489 902 1521 tamen

161 1536 230 1569 cet.
260 1533 416 1569 Rectius
451 1534 553 1569 omni
583 1534 802 1568 interductu
835 1535 900 1568 ab·

162 1581 341 1623 stinebis,
379 1582 559 1626 quoniam
597 1582 787 1616 sententia
820 1588 899 1615 est:

162 1628 235 1668 Qui
269 1628 394 1663 nescit
416 1639 548 1664 versus
579 1629 741 1674 fingere,
775 1632 899 1662 tamen

161 1676 275 1709 audet
305 1687 438 1710 versus
473 1675 657 1721 fingere.“
708 1676 898 1709 DILLENB.

161 1742 204 1746 —
234 1723 415 1766 Quidni?]
465 1723 671 1768 respondet
711 1734 812 1757 unus
854 1734 900 1757 ex

159 1770 255 1804 isto·
281 1770 465 1804 malorum
513 1772 710 1815 poetarum
757 1781 897 1815 grege:

159 1816 277 1859 „Quis
302 1818 395 1851 mihi
420 1818 624 1851 interdicet
647 1827 779 1851 versus
804 1827 897 1861 pan-

156 1874 258 1908 gere,
296 1874 381 1898 cum
415 1864 485 1898 sim
518 1864 627 1906 liber,
666 1863 797 1897 liberis
831 1875 896 1907 pa-

156 1911 329 1945 rentibus
370 1914 482 1946 natus
525 1913 581 1953 et,
631 1910 731 1955 quod
772 1910 893 1944 maius

156 1957 269 1992 etiam
302 1960 377 2000 est,
415 1968 532 2003 eques
560 1957 772 2001 Romanus,
810 1958 893 1991 sine

155 2005 234 2039 ullo
261 2006 416 2039 crimine
443 2005 549 2049 (Epp.
579 2008 611 2047 1,
636 2007 669 2046 7,
686 2005 772 2048 56.)‚
797 2016 894 2038 nun-

156 2063 269 2096 quam
318 2053 504 2086 censoriae
551 2053 755 2086 severilatis
804 2055 893 2085 nota

153 2100 350 2133 inustus?“
396 2099 495 2142 (Cic.
538 2099 686 2133 Cluent.
727 2099 812 2141 46.)
847 2118 891 2123 —

152 2147 353 2190 inqenuus]
403 2147 627 2192 „generosis
668 2146 892 2191 parentibus

153 2194 294 2227 ortus.“
337 2193 526 2228 Videlicet
552 2194 662 2227 etiam
688 2193 891 2228 libertinus

153 2242 210 2274 est
244 2242 343 2283 liber,
381 2251 458 2274 non
496 2241 585 2274 item
618 2242 810 2282 inqenuus.
846 2259 888 2264 —

153 2296 278 2320 census
306 2290 507 2328 equestrem
539 2287 623 2330 cet.]
663 2298 778 2330 „cum
804 2298 891 2322 cen-

153 2344 216 2367 sus
230 2335 299 2368 sim
310 2334 622 2380 quadringenties
637 2334 887 2376 sestertium,“

152 2382 331 2415 senatorii
351 2392 487 2416 census
514 2382 707 2415 dimidiam
732 2384 888 2425 partem.

151 2427 257 2461 Conf.
283 2427 375 2472 Epp.
406 2432 436 2471 1,
465 2432 496 2471 1,
522 2430 578 2462 58.
627 2429 684 2463 De
717 2431 889 2463 constru-

150 2475 275 2509 ctione
308 2476 414 2509 verbi
451 2477 588 2509 censeri
632 2476 698 2509 cfr.
737 2475 814 2509 Cic.
852 2487 887 2520 p.

149 2522 284 2556 Flacco
318 2524 381 2565 32,
417 2524 485 2555 80:
528 2523 679 2556 Voluisti
713 2531 888 2564 maumam

149 2571 233 2610 aori
256 2571 404 2603 modum
437 2571 586 2603 censeri.
612 2589 626 2595 -
648 2587 662 2594 -
685 2571 818 2603 Census
852 2579 887 2603 es

144 2619 339 2657 praeterea
364 2619 578 2650 numeratae
600 2618 779 2658 pecuniae
804 2625 884 2650 cen-

148 2666 224 2696 tum
262 2665 414 2705 triainta
446 2665 518 2697 HS.
552 2664 668 2697 milia.
718 2664 884 2697 Externa

147 2709 245 2744 bona
269 2710 358 2744 dum
380 2711 452 2744 iste
469 2713 676 2753 enumerat,
701 2721 749 2744 ne
767 2711 882 2744 verbo

954 1203 1104 1248 quidem
1130 1205 1250 1250 tangit
1273 1204 1469 1250 ingenium
1495 1208 1532 1239 et
1547 1205 1690 1241 littera-

952 1262 1047 1284 rum·
1062 1251 1203 1294 studia,
1228 1255 1381 1296 propter
1407 1263 1503 1296 quae
1528 1253 1576 1287 ad
1600 1255 1692 1297 poe-

951 1300 1052 1332 mata
1077 1298 1336 1343 componenda
1359 1302 1469 1344 aptus
1496 1300 1556 1333 sit.
1587 1301 1692 1340 Quo·

953 1346 1054 1379 circa
1085 1346 1266 1380 Horatius
1299 1347 1443 1380 homini
1476 1357 1572 1382 vano
1610 1358 1687 1382 non

951 1393 1173 1437 respondet,
1221 1393 1287 1427 sed
1334 1404 1468 1428 rursus
1511 1394 1689 1430 Pisonem

950 1440 1167 1484 alloquitur.

998 1489 1198 1521 385—390.
1248 1489 1302 1521 Tu
1339 1487 1430 1531 cet.]
1474 1487 1560 1530 „Tu
1597 1500 1688 1524 vero

950 1535 1028 1568 noli
1054 1534 1213 1568 istorum
1240 1534 1374 1568 similis
1398 1545 1499 1578 esse3
1523 1536 1686 1580 primum

950 1582 1104 1626 explora
1128 1584 1165 1615 te
1190 1581 1326 1626 ipsum,
1350 1583 1478 1616 utrum
1499 1583 1687 1626 poeticam

948 1629 1114 1662 indolem
1161 1628 1231 1662 tibi
1277 1628 1415 1674 largita
1455 1629 1505 1663 sit
1550 1633 1689 1665 natura

948 1686 1088 1719 necne3
1126 1678 1204 1709 tum
1241 1676 1397 1710 consule
1431 1676 1611 1711 amicos.“
1638 1697 1684 1702 -

946 1723 1317 1765 invita--Minerva]
1343 1722 1419 1756 Cic.
1445 1722 1492 1756 de
1518 1722 1624 1757 Offic.
1651 1727 1684 1767 1,

947 1771 1005 1812 31,
1033 1772 1118 1803 110:
1143 1771 1272 1812 invita,
1297 1772 1337 1802 ut
1361 1771 1477 1812 aiunt,
1501 1771 1682 1814 Minerva,

945 1817 983 1849 id
1020 1819 1089 1858 est,
1127 1818 1345 1849 adversante
1383 1818 1416 1849 et
1452 1821 1684 1858 repuaname

945 1866 1094 1897 natura.
1133 1862 1237 1902 Quae
1255 1863 1288 1897 si
1305 1873 1383 1897 non
1400 1863 1500 1897 favet
1523 1865 1682 1908 scripto-

942 1910 995 1944 ris
1022 1910 1184 1954 incepto,
1222 1910 1437 1944 necessario
1462 1911 1565 1944 omni
1597 1922 1682 1946 suc-

943 1967 1053 1991 cessu
1088 1960 1201 1991 caret.
1228 1976 1271 1981 —
1299 1958 1394 1991 dices
1426 1958 1602 2001 faciesve]
1634 1958 1681 1993 V.

942 2005 1036 2037 dices
1061 2004 1224 2038 refertur
1247 2004 1484 2049 potissimum
1501 2005 1548 2038 ad
1565 2006 1681 2040 verba

943 2061 1149 2095 eorumque
1191 2051 1520 2095 compositionem,
1563 2053 1680 2093 saciet

941 2098 987 2132 ad
1013 2101 1133 2133 totum
1158 2109 1265 2143 opus,
1291 2098 1394 2143 quod
1409 2099 1565 2132 molitur
1583 2100 1678 2133 scri-

940 2148 1037 2189 ptor.
1065 2147 1108 2170 —‘—
1132 2147 1179 2179 Id
1209 2147 1273 2179 tibi
1303 2146 1387 2189 cet.]
1423 2145 1679 2190 Frequentius

940 2203 1007 2236 per
1025 2193 1199 2227 relativa:
1217 2193 1341 2237 „quod
1358 2195 1464 2226 tuum
1481 2193 1678 2237 iudicium,

941 2251 1038 2284 quae
1055 2242 1121 2274 tua
1137 2250 1242 2274 mens
1257 2242 1330 2283 est3
1354 2251 1423 2284 pro
1437 2242 1502 2273 tuo
1520 2240 1676 2284 iudicio,

939 2287 1057 2330 probe
1082 2287 1174 2320 mihi
1199 2287 1324 2321 noto.“
1352 2305 1395 2310 —
1421 2287 1522 2329 olim]
1553 2286 1678 2332 Signi-

938 2333 1027 2368 ficat
1072 2333 1329 2368 festinandum
1378 2344 1455 2368 non
1505 2344 1599 2368 esse.
1627 2352 1676 2360 —-

937 2381 1080 2424 Maeci]
1114 2381 1268 2415 Rectam
1301 2381 1526 2425 scripturam
1551 2391 1676 2416 serva-

937 2428 991 2461 vit
1015 2428 1225 2473 Porphyrio
1250 2427 1396 2462 Monac.
1422 2430 1460 2462 et
1490 2438 1535 2461 ex
1566 2430 1674 2472 parte

938 2474 1028 2508 Cod.
1065 2475 1108 2509 B.
1164 2475 1232 2509 Est
1269 2475 1369 2509 enim
1408 2473 1470 2519 Sp.
1505 2474 1674 2509 Maecius

938 2521 1080 2566 Tarpa3
1122 2522 1168 2556 de
1207 2533 1281 2566 quo
1320 2522 1403 2556 vide
1441 2521 1517 2556 Sat.
1553 2525 1583 2563 1,
1617 2524 1672 2564 10,

936 2571 992 2603 38.
1016 2588 1063 2593 --
1090 2572 1122 2603 et
1156 2568 1323 2611 nostras]
1364 2569 1460 2613 „qui
1485 2579 1573 2602 vere
1602 2568 1671 2602 tibi

934 2627 1017 2649 sum
1042 2616 1236 2658 amicus;“
1275 2616 1314 2649 id
1341 2615 1442 2660 quod
1476 2615 1558 2649 sine
1591 2615 1674 2650 ulla·

932 2664 1147 2708 arrogantia
1178 2662 1320 2696 dictum
1351 2665 1420 2696 est.
1446 2681 1490 2686 —
1516 2671 1671 2695 nonum-

932 2719 999 2751 que
1025 2711 1109 2753 cet.]
1150 2709 1263 2752 „Noli
1294 2710 1476 2754 poematis
1509 2710 1565 2742 tui
1591 2708 1671 2743 edi-
