1786 2912
699 130 794 166 [2113.
817 130 848 165 L
899 129 1001 164 SAT.
1024 128 1090 164 IV.

1590 130 1643 173 51

254 233 481 289 Ingenium
512 232 580 274 cui
611 232 680 285 sit,
713 231 781 274 cui
812 245 934 273 mens
965 229 1147 273 divinior
1178 233 1306 286 atque
1337 243 1384 271 os

255 303 413 360 Magna
442 306 702 355 sanaturum,
734 301 809 345 des
841 301 1026 344 nominis
1057 300 1184 342 huius
1214 299 1433 343 honorem.

256 374 418 416 Idcirco
449 372 633 430 quidam,
665 372 886 415 comoedia
914 385 1050 415 necne
1080 374 1235 428 poema

1589 371 1647 412 45

256 443 400 499 Esset,
432 443 696 500 quaesivere,
729 442 842 499 quod
873 457 970 485 acer
1001 442 1176 499 spiritus
1208 455 1257 484 ac
1287 442 1352 483 vis

256 515 348 558 Nec
376 514 518 558 verbis
549 528 628 557 nec
658 514 786 557 rebus
818 514 944 566 inest,
975 513 1059 555 nisi
1091 512 1203 568 quod
1234 511 1343 568 pede
1376 516 1491 554 certo

256 585 414 628 Differt
444 585 643 638 sermoni,
675 598 815 627 sermo
845 597 1001 626 merus.
1043 582 1102 625 At
1132 587 1254 639 pater
1284 582 1438 627 ardens

259 655 419 709 Saevit,
451 655 566 711 quod
594 655 818 698 meretrice
847 668 981 710 nepos
1011 654 1187 696 insanus
1219 653 1356 696 amica

258 726 396 769 Filius
427 740 605 768 uxorem
635 725 785 781 grandi
817 739 913 767 cum
944 724 1042 766 dote
1072 728 1260 778 recuset,

1593 723 1650 766 50

258 797 416 839 Ebrius
447 800 491 839 et
508 821 563 826 —
579 809 780 851 magnum
811 794 925 851 quod
954 794 1138 838 dedecus
1157 819 1211 825 -
1230 794 1419 837 ambulet
1449 797 1548 837 ante

259 863 438 910 Noctem
468 881 563 909 cum
594 866 772 908 facibus.
814 865 1033 922 Numquid
1061 865 1326 922 Pomponius
1357 865 1453 907 istis

258 937 440 980 Audiret
468 938 643 990 leviora,
675 941 797 993 pater
829 937 866 978 si
896 936 1090 978 viveret?
1119 935 1237 992 Ergo

258 1007 356 1050 Non
386 1008 489 1050 satis
522 1012 588 1050 est
617 1008 735 1064 puris
767 1021 939 1050 versum
969 1007 1234 1063 perscribere
1264 1007 1427 1060 verbis,
1451 1059 1455 1064 Ι

262 1078 399 1126 Quem
431 1079 468 1120 si
499 1078 723 1131 dissolvas,
756 1078 894 1134 quivis
927 1077 1215 1120 stomachetur
1246 1077 1396 1120 eodem

1595 1076 1651 1118 55

262 1149 356 1197 Quo
389 1153 641 1205 personatus
673 1155 797 1205 pacto
830 1152 963 1206 pater.
1004 1148 1101 1201 His,
1135 1163 1214 1203 ego
1248 1139 1357 1204 quae
1388 1161 1538 1201 nunc„

263 1219 377 1262 Olim
408 1234 517 1276 quae
549 1220 719 1276 scripsit
747 1219 955 1272 Lucilius,
989 1219 1145 1275 eripias
1177 1219 1214 1260 si

263 1290 477 1346 Tempora
493 1294 609 1333 certa
623 1289 858 1345 modosque
876 1294 931 1342 et,
954 1289 1067 1345 quod
1081 1290 1200 1345 prius
1217 1283 1364 1339 ordine
1379 1289 1557 1335 verbum
1573 1293 1651 1341 est,

142 1421 182 1446 os
205 1414 346 1454 Manna
369 1413 607 1455 sanaturum]
645 1412 690 1445 de
724 1414 873 1445 senten-

144 1459 282 1493 tiarum
323 1459 550 1493 sublimitate
591 1462 704 1503 atque
742 1458 874 1493 verbo-

143 1516 227 1540 rum
251 1505 329 1540 illis
353 1505 663 1550 respondentium
691 1506 785 1539 scito
811 1505 875 1539 de·

143 1553 258 1587 lectu.
306 1551 412 1598 Virg.
449 1552 516 1586 Ge.
554 1555 586 1594 3,
624 1554 715 1586 294:
756 1554 874 1593 Nunc,

143 1601 355 1633 veneranda
379 1600 503 1640 Pales,
532 1608 666 1641 maqno
690 1608 786 1632 nunc
810 1607 874 1632 ore

141 1647 372 1681 sonandum!
408 1645 514 1679 Ovid.
540 1657 587 1680 ex
610 1646 731 1680 Ponto
757 1649 790 1687 4,
818 1649 873 1687 16

145 1696 186 1727 5:
209 1694 358 1728 Marsus
374 1693 570 1735 martique
585 1695 760 1727 Rabirius
786 1694 872 1726 oris.

146 1759 190 1764 —
215 1741 388 1783 quidam]
433 1740 671 1775 Grammatici
712 1740 874 1774 Alexan-

143 1787 259 1821 drini.
291 1806 335 1811 ——
368 1789 554 1820 comoedia
594 1797 704 1822 necne
741 1789 875 1829 poema

143 1834 262 1878 Esset]
303 1834 379 1868 Cic.
416 1833 518 1868 Orat.
556 1836 620 1876 20,
659 1836 726 1868 67:
767 1836 875 1868 Video

143 1882 263 1914 visum
302 1890 375 1915 esse
413 1883 598 1914 nonnullis
634 1883 800 1915 Platonis
841 1883 875 1914 el

145 1929 346 1962 Democriti
371 1929 602 1971 locutionem,
635 1930 702 1962 elsi
734 1930 826 1962 absit
851 1937 876 1961 a

145 1983 271 2018 versu,
299 1978 421 2008 lamen
446 1977 543 2016 quod
564 1976 752 2008 incitatius
776 1977 875 2016 sera-

146 2024 209 2055 tur
245 2024 278 2055 el
310 2023 519 2055 clarissimfs
543 2024 737 2056 verborum
771 2023 877 2055 lumi-

147 2070 251 2102 nibus
274 2071 416 2112 ulatur,
441 2070 565 2110 polius
587 2072 719 2111 poema
740 2072 876 2110 pulan-

148 2116 235 2148 dam
271 2125 383 2156 quam
419 2117 638 2149 comicorum
671 2118 877 2158 poetarum,

148 2161 249 2203 apua
266 2171 365 2204 quos,
391 2164 461 2195 nisi
482 2165 579 2203 quod
594 2164 765 2196 versiculi
780 2165 877 2205 sunl,

149 2210 242 2241 mail
267 2212 318 2242 σεε
343 2210 447 2242 aliud
471 2211 675 2250 quotidiani
704 2211 877 2243 dissimile

147 2257 336 2289 sennam.
385 2255 687 2290 Construendum
713 2259 796 2289 est:
822 2265 878 2289 co-

148 2304 294 2336 moedia
322 2305 455 2344 poema
488 2307 594 2345 esset,
631 2312 752 2336 necne.
803 2303 879 2336 Cfr.

149 2360 185 2384 Υ.
210 2351 278 2383 63:
312 2351 408 2383 alias
431 2352 567 2383 inslum
590 2351 636 2383 sil
661 2359 771 2383 necne
792 2351 880 2390 poe-

149 2404 456 2438 manquaeram.
505 2397 567 2430 Sic
591 2396 669 2431 Cic.
692 2407 760 2441 pro
785 2395 880 2429 Mur.

154 2445 221 2476 11:
250 2446 370 2485 posset
404 2446 467 2485 aqi
501 2445 577 2485 leae
606 2453 735 2485 necne,
768 2445 882 2485 pauci

151 2491 511 2533 quondamsciebanl,
528 2491 678 2535 aequali
691 2491 732 2524 in
744 2494 882 2524 utram-

153 2547 238 2581 que.
266 2539 410 2581 partem
456 2538 700 2571 dubitatione.
726 2556 770 2561 ——
796 2546 882 2570 acer

150 2584 314 2626 spiritus]
342 2586 548 2626 [συνίασι
574 2586 881 2626 Ausschwuno.

152 2629 310 2664 Kimhn.
329 2650 371 2654 —
390 2633 461 2664 nisi
478 2633 573 2672 quod
593 2631 677 2673 cet.]
705 2631 882 2671 „Comoe-

153 2676 217 2710 dia
248 2688 368 2711 sermo
402 2688 527 2711 merus
560 2682 635 2719 est,
674 2678 748 2712 nisi
781 2677 884 2722 quod

921 1414 1038 1445 metro
1071 1412 1118 1445 ab
1152 1412 1222 1445 hoc
1254 1411 1418 1444 differtst‘
1447 1430 1490 1435 —
1516 1411 1653 1454 merw]

924 1459 1013 1499 „oui
1045 1458 1142 1492 nihil
1167 1460 1322 1493 ornatus
1346 1458 1488 1502 poetici
1513 1458 1654 1493 admix-

922 1500 1008 1538 tum
1026 1506 1115 1539 est.“

968 1554 1088 1586 48-62.
1110 1553 1159 1586 At
1177 1552 1261 1595 cet]
1285 1552 1414 1596 Fingit
1431 1552 1504 1586 sibi
1521 1551 1654 1586 adver-

922 1594 1083 1641 sariuni,
1121 1609 1233 1644 quem
1273 1599 1415 1633 refutat
1454 1610 1488 1633 Υ.
1526 1601 1583 1633 52.
1610 1619 1653 1623 -

922 1646 1069 1689 ardens]
1095 1646 1170 1687 ira,
1207 1649 1249 1679 ut
1275 1645 1380 1690 Virg.
1404 1645 1500 1680 Aen.
1526 1649 1560 1688 2,
1586 1649 1654 1680 41:

921 1695 1088 1726 Laocoon
1112 1695 1255 1726 ardens.
1275 1712 1319 1717 —
1336 1693 1470 1737 Saevit]
1497 1704 1655 1739 „magna

923 1751 1007 1773 cum
1024 1740 1082 1774 ira
1098 1740 1376 1784 reprehendit.“
1403 1740 1526 1774 Plaut.
1547 1740 1656 1785 Epid.

922 1789 964 1829 5,
992 1790 1031 1829 1,
1057 1789 1125 1821 51:
1161 1789 1231 1821 Sed
1263 1790 1459 1830 memento,
1495 1789 1529 1820 si
1567 1790 1657 1829 quid

921 1836 1092 1867 saeviunt
1112 1843 1225 1877 senes,
1247 1836 1440 1876 suppetias
1462 1836 1551 1867 mihi
1575 1843 1657 1868 cum

922 1890 1047 1914 sorore
1084 1883 1195 1923 serre.
1237 1901 1282 1905 —
1323 1881 1452 1924 nepos]
1493 1878 1655 1923 ἄσωτος,

923 1926 1106 1972 ἀσελγής,
1151 1928 1428 1971 „dissolutus.“
1484 1929 1571 1963 Vid.
1608 1929 1656 1963 ad

923 1975 1040 2019 Epod.
1068 1978 1100 2018 1,
1118 1977 1174 2009 34.
1201 1994 1244 1999 -
1271 1979 1356 2008 ante
1382 1976 1547 2018 Noctem]
1573 1987 1656 2018 „co-

923 2023 1101 2056 missatur
1118 2023 1192 2056 iam
1208 2033 1276 2066 per
1294 2023 1573 2066 crepusculum.
1579 2025 1595 2041 ‘⁶
1612 2043 1655 2046 —

925 2070 1160 2112 Pomponius]
1185 2069 1408 2104 adolescens
1426 2070 1657 2111 luxuriosus,

925 2117 1095 2170 alioquin
1120 2117 1286 2161 ignotus,
1312 2127 1423 2161 quem
1448 2117 1502 2151 sic
1527 2116 1569 2150 ἐν
1586 2128 1659 2150 πα-

928 2160 1029 2210 οόὸῳ
1061 2163 1199 2197 acriter
1234 2163 1395 2197 vellicat.
1447 2163 1637 2205 „Patres“

926 2195 1070 2254 inquit,
1118 2210 1315 2253 „quotidie
1360 2211 1413 2243 ita
1449 2210 1538 2244 filiis
1580 2212 1658 2245 suis

926 2256 1096 2301 prodigis
1122 2260 1348 2290 succensent
1373 2267 1513 2301 eosque
1537 2258 1660 2292 incre-

926 2307 1036 2347 pant3
1089 2314 1212 2347 neque
1253 2304 1370 2348 igitur
1410 2307 1565 2349 propter
1606 2308 1660 2339 ta-

927 2351 979 2384 lia
1015 2350 1205 2384 dumtaxat
1241 2350 1433 2385 comoedia
1466 2362 1535 2395 pro
1573 2363 1661 2406 poe-

927 2400 1024 2430 mate
1037 2397 1168 2431 haberi
1181 2398 1339 2442 potestf‘
1357 2417 1400 2422 —
1410 2399 1569 2441 purifi„
1575 2399 1661 2433 sim

929 2443 1090 2488 plicibus
1109 2447 1146 2478 et
1162 2444 1396 2487 inaffectatis,
1421 2446 1503 2479 sine
1529 2446 1660 2491 figuris

930 2493 968 2524 et
991 2502 1124 2535 magno
1150 2491 1276 2525 sono.⁴‘
1316 2491 1393 2525 Cfr.
1410 2492 1533 2526 Bentl.
1552 2492 1599 2526 ad
1616 2493 1661 2525 A.

930 2538 971 2570 P.
1005 2540 1062 2572 99.
1112 2537 1269 2577 Quintil.
1307 2540 1347 2580 8,
1374 2541 1415 2579 3,
1441 2542 1508 2572 14:
1543 2548 1661 2580 purus

930 2593 1048 2618 sermo
1081 2588 1114 2618 el
1148 2587 1331 2619 dissimilis
1360 2595 1483 2619 curae.
1511 2605 1553 2610 —
1578 2594 1661 2627 per-

929 2631 1093 2674 sonatus]
1118 2633 1158 2665 in
1177 2643 1300 2674 scena,
1318 2633 1496 2666 comicus.
1508 2634 1661 2666 —Tem-

929 2679 1265 2722 pora-modosque]
1294 2679 1437 2723 „pedes
1463 2683 1500 2714 et
1524 2679 1662 2725 pedum
