1774 2930
638 155 732 190 LIB.
755 155 805 190 11.
853 154 1006 190 EPIST.
1027 154 1060 189 1.

1517 154 1603 196 427

210 256 348 306 Quem
377 257 476 299 tulit
505 256 559 299 ad
590 270 761 299 scenam
790 259 969 299 ventoso
1001 254 1150 298 Gloria
1179 269 1324 309 curru,

206 327 440 370 Exanimat
467 328 611 370 lentus
642 330 869 383 spectator,
900 326 1073 369 sedulus
1105 326 1248 368 inflat:

209 397 282 441 Sic
299 398 416 452 leve,
448 398 511 440 sic
529 412 708 454 parvum
729 402 814 451 est,
836 397 1026 445 animum
1046 396 1160 452 quod
1179 395 1318 438 laudis
1340 410 1514 439 avarum

210 467 387 511 Subruit
415 473 490 511 aut
518 468 666 512 reficit.

726 468 880 510 Valeat
909 481 978 510 res
1007 467 1190 520 ludicra,
1223 467 1259 508 si
1289 481 1358 510 me

1522 467 1606 509 180

207 538 360 582 Palma
388 543 546 596 negata
574 553 783 592 macrum,
815 538 972 581 donata
1000 538 1166 580 reducit
1194 538 1396 594 opimum.

210 609 349 666 Saepe
380 610 510 652 etiam
541 609 744 652 audacem
774 609 893 665 fugat
923 609 1004 651 hoc
1033 612 1249 665 terretque
1278 613 1470 665 poetam,

210 679 334 728 Quod
362 694 540 723 numero
570 681 734 736 plure8‚
765 680 923 722 virtute
957 684 1000 722 et
1030 679 1191 722 honore
1221 679 1426 733 minores,

207 750 371 793 Indocti
403 751 632 807 stolidique
664 754 706 793 et
736 750 981 807 depugnare
1011 751 1169 806 parati,

210 820 256 862 Si
288 821 501 864 discordet
531 835 681 877 eques,
714 821 856 864 media
885 821 998 863 inter
1028 821 1216 863 carmina
1245 825 1428 877 poscunt

1521 820 1605 861 185

189 951 265 984 178.
301 951 412 984 instat
438 949 629 984 Gesnerus
655 959 676 983 e
702 947 912 984 Collatione
939 948 1109 984 Saxiana.
1149 968 1192 973 —
1233 951 1312 983 180.
1347 949 1434 992 aul]
1468 958 1512 983 ac
1537 960 1556 983 e

140 995 254 1030 Codd.
277 996 486 1031 Benfleius.
511 1015 558 1021 —
585 998 663 1030 185.
688 996 871 1029 discordat
898 995 933 1030 S.
1174 1007 1178 1009 ’
1260 994 1269 1004 ”

140 1114 304 1147 177-181.
341 1114 455 1156 Quem
478 1114 561 1147 cum
587 1112 672 1156 cet]
701 1112 821 1155 „Con-

90 1161 149 1194 tra
180 1159 236 1202 ei,
270 1161 337 1205 qui
369 1160 435 1194 vili
468 1161 702 1205 quaesticulo
733 1170 820 1194 con-

90 1208 228 1250 tempto
254 1218 364 1242 verae
397 1207 521 1242 laudis
553 1211 733 1252 appetens
765 1207 819 1241 fa-

90 1252 191 1287 bulis
242 1255 510 1299 componendis
555 1265 705 1299 operam
747 1255 820 1296 dat,

90 1300 210 1334 multa
240 1301 507 1345 impedimenta
540 1301 639 1345 apud
665 1312 733 1335 nos
760 1312 821 1335 su-

90 1346 259 1390 peranda
291 1351 398 1389 sunt,
435 1358 533 1392 quae
567 1349 741 1381 oriuntur
775 1359 821 1382 ex

92 1396 344 1437 spectatorum
404 1395 573 1439 ipsorum
631 1395 820 1439 perversis

91 1439 243 1475 iudiciis
276 1451 320 1475 ac
353 1441 508 1485 studiis3
542 1442 721 1486 quocirca
752 1442 821 1475 mi-

92 1487 251 1521 randum
283 1499 360 1522 non
393 1491 468 1530 est,
505 1488 538 1522 si
563 1490 621 1522 his
647 1489 822 1532 tempori-

92 1533 164 1568 bus
186 1535 299 1578 pauci
324 1538 414 1568 sunt
438 1536 495 1578 (ut
510 1535 646 1578 Pollio,
671 1535 821 1577 Varius,

91 1579 344 1624 Fundanius),
368 1582 434 1626 qui
451 1582 655 1627 tragoediis
676 1592 821 1617 comoe-

91 1626 241 1672 diisque
281 1628 492 1663 scribendis
534 1630 671 1663 multas
708 1630 822 1664 mole-

91 1674 183 1708 stias
215 1675 413 1710 incurrere
444 1677 580 1719 velint3
616 1687 685 1721 ego
720 1679 821 1711 certe

90 1730 286 1766 nunquam
316 1722 501 1766 adducar,
533 1726 576 1756 ut
599 1724 669 1757 hoc
700 1734 820 1768 genus

90 1770 278 1803 tractem!
306 1788 350 1793 ——
377 1767 521 1812 Gloria]
553 1770 640 1804 Noli
666 1771 820 1805 credere

89 1824 174 1848 cum
206 1816 400 1850 nonnullis
432 1817 479 1851 ab
504 1817 660 1851 Horatio
692 1829 819 1862 repre-

89 1861 203 1896 hendi
240 1873 324 1905 eos,
366 1864 431 1907 qui
470 1865 589 1897 laudis
627 1866 736 1898 avari
773 1865 818 1898 ad

90 1917 240 1943 scenam
263 1910 461 1952 acoedant3
486 1911 597 1944 immo
623 1922 819 1956 opponun-

28 1954 41 1987 2
89 1956 152 1988 tur
183 1955 223 1988 hi
257 1957 350 1990 lucri
381 1959 532 1998 cupidis.
583 1958 712 1992 Gloria
748 1959 817 2003 igi-

89 2004 151 2034 tur
176 2001 246 2035 dea
267 2005 415 2046 poetam
439 2014 548 2037 verae
582 2004 704 2038 laudis
738 2006 817 2038 avi-

70 2047 178 2091 ‚dum
211 2048 259 2082 ad
291 2059 441 2083 scenam
474 2050 566 2091 fert,
600 2051 639 2083 id
666 2054 739 2093 est,
772 2052 819 2085 ad

90 2093 238 2128 fabulas
264 2096 553 2130 conscribendas
571 2098 728 2139 excitat,
755 2098 820 2132 sed

92 2149 178 2174 cum
202 2141 286 2186 ipsa
309 2143 359 2176 sit
378 2146 526 2176 ventosa
543 2154 572 2177 s.
588 2144 820 2187 inconstans,

90 2187 200 2230 levis,
231 2188 374 2233 quippe
399 2200 495 2234 quae
520 2201 543 2223 a
566 2191 819 2226 multitudinis

91 2244 203 2278 saepe
235 2235 430 2280 imperitae
461 2236 617 2270 arbitrio
647 2238 820 2281 pendeat,

90 2281 163 2314 hoc
186 2282 362 2316 ἐπίθετον
379 2284 461 2317 eius
479 2284 607 2317 currui
627 2285 819 2319 tribuitur.

91 2327 241 2362 alonae
265 2338 415 2363 currum
438 2331 635 2372 sulqemem
659 2331 819 2366 vidimus

89 2374 163 2408 iam
188 2374 261 2410 Sat.
290 2380 331 2418 1,
365 2379 406 2419 6,
440 2378 496 2411 23.
523 2396 566 2401 -
595 2379 710 2411 lentus
739 2388 819 2420 spe-

90 2423 224 2465 emtor}
270 2423 534 2468 „Spectatores
571 2425 748 2470 languide
783 2428 820 2460 et

89 2468 241 2503 minime
265 2471 398 2504 attenti
422 2473 569 2515 poetam
596 2473 820 2506 contristant

90 2517 128 2549 et
175 2519 340 2561 angunt,
389 2518 702 2562 quemadmodum
752 2520 817 2564 qui

89 2561 223 2596 intenti
249 2572 337 2598 sunt
362 2567 400 2598 et
423 2565 566 2599 alacres
592 2566 756 2600 animum
783 2567 818 2600 ei

91 2607 233 2643 addunt
265 2613 379 2655 'atque
411 2612 574 2654 faciunt,
611 2616 653 2646 ut
686 2624 817 2657 supcr-

91 2653 202 2688 biat.“
230 2676 274 2682 -
298 2659 461 2701 Subruit]
489 2660 695 2704 „percellit‚
720 2671 818 2694 mae-

92 2710 178 2735 rore
213 2703 328 2738 afficit
363 2708 400 2739 et
423 2706 573 2751 affligit3
615 2707 818 2751 opponitur

868 1115 1002 1155 reficit,
1039 1117 1206 1157 „recreat
1238 1117 1353 1159 atque
1385 1114 1531 1159 erigit.“
1557 1133 1606 1139 —

873 1161 1013 1204 Valeat]
1055 1164 1097 1194 ut
1138 1164 1301 1208 χαιρέτω
1341 1172 1411 1206 pro
1452 1158 1604 1208 ἐρᾆτω.

871 1208 1028 1249 (Fahr
1057 1210 1143 1241 hin
1174 1210 1605 1250 nichtsni'llzioes

869 1256 893 1288 S
904 1256 987 1296 pie
1003 1256 1036 1287 1!
1075 1255 1253 1297 Passow.)
1296 1255 1372 1289 Cic.
1398 1255 1444 1289 ad
1469 1257 1544 1289 Att.
1569 1258 1604 1299 8,

870 1303 912 1343 8,
947 1303 986 1334 2:
1027 1303 1075 1335 At
1109 1303 1171 1336 ille
1204 1304 1268 1336 tibi
1299 1300 1421 1336 πολλὰ
1457 1304 1606 1350 χαίρειν

871 1347 922 1393 τῴ
954 1348 1058 1394 καλῷ
1090 1350 1229 1391 dicem,
1264 1351 1383 1391 per-ait
1413 1351 1605 1383 Brundisi-

871 1404 944 1428 um.
970 1415 1013 1419 —
1039 1405 1098 1429 res
1125 1397 1289 1439 ludicra]
1326 1397 1496 1439 „fabulae
1522 1408 1605 1432 sce-

871 1442 992 1485 nicae,
1021 1454 1116 1487 opus
1143 1454 1279 1477 vanum
1305 1448 1342 1478 et
1367 1444 1537 1478 inutile.“
1558 1463 1602 1469 —

870 1490 1059 1532 macrum]
1097 1490 1308 1531 „afflictum
1344 1495 1382 1525 et
1418 1492 1602 1526 tristem.“

870 1555 918 1560 —-
925 1537 1078 1580 reducit]
1088 1537 1249 1579 domum,
1264 1541 1307 1572 ut
1315 1538 1605 1583 olympionicen

872 1582 939 1617 Od.
964 1587 998 1625 4,
1025 1586 1058 1626 2,
1085 1586 1139 1617 17.
1167 1604 1209 1608 —-
1236 1585 1410 1628 opimum]
1442 1587 1604 1628 „laetum

870 1641 914 1664 ac
939 1631 1123 1665 beatum.“
1176 1631 1318 1666 Senon.

920 1726 1087 1758 182-186.
1111 1727 1224 1767 Saepe
1249 1727 1359 1759 eliam
1381 1727 1466 1770 cet]
1493 1727 1607 1769 „Per-

872 1782 1020 1805 versum
1046 1772 1087 1805 in
1113 1773 1307 1817 plerisque
1341 1783 1425 1807 cum
1459 1775 1508 1808 sit
1536 1786 1606 1819 po·

867 1819 948 1862 puli
980 1819 1183 1861 iudicium,
1221 1820 1307 1854 ideo
1341 1822 1457 1855 etiam
1491 1832 1604 1855 excu-

868 1865 975 1899 sandi
1011 1870 1099 1900 sunt
1123 1869 1276 1911 poetae,
1310 1869 1396 1911 qui,
1430 1869 1605 1913 quamvis

867 1913 1026 1956 possint,
1050 1917 1117 1947 aut
1135 1915 1277 1948 nullam
1295 1925 1430 1949 scenae
1449 1926 1602 1960 operam

865 1959 973 2001 dant,
999 1963 1080 2001 aut,
1107 1961 1138 1994 si
1165 1961 1277 2003 dant,
1302 1973 1380 1995 non
1406 1963 1497 1997 satis
1523 1963 1600 1997 ela-

866 2006 1016 2040 boratas
1048 2004 1264 2052 politasque
1298 2009 1446 2043 fabulas
1484 2011 1606 2054 impe-

868 2053 941 2086 rito
966 2054 1116 2097 popello
1144 2055 1337 2093 exhibent,
1372 2057 1511 2100 quippe
1539 2057 1600 2090 cui

868 2099 944 2132 alia
981 2101 1105 2134 omnia
1140 2101 1243 2134 cordi
1282 2102 1376 2144 sint,
1414 2114 1526 2147 quam
1560 2106 1604 2138 ut

869 2146 941 2179 rite
983 2150 1178 2189 poetarum
1220 2149 1354 2182 merita
1394 2151 1600 2184 aestimet-‘⁴

870 2194 1120 2236 —audacemJ
1147 2196 1235 2238 „qui
1261 2195 1474 2239 despiciens
1500 2198 1602 2243 volgi

868 2239 1075 2282 levitatem,
1110 2242 1226 2275 semel
1258 2253 1372 2276 ausus
1404 2247 1460 2278 est
1493 2244 1600 2278 fabu-

868 2286 941 2320 lam
974 2286 1121 2321 deferre
1154 2289 1193 2321 in
1228 2299 1397 2331 scenam,
1431 2291 1497 2325 sed
1521 2292 1601 2336 ple-

868 2333 1024 2368 beculae
1081 2336 1278 2369 stultitiam
1333 2345 1510 2382 expertus
1559 2339 1599 2372 in

867 2383 1059 2423 posterum
1096 2393 1118 2415 a
1154 2383 1293 2417 fabulis
1328 2386 1597 2429 componendis

867 2438 1022 2471 prorsus
1038 2429 1303 2464 absterretur.“
1317 2449 1360 2454 —
1371 2433 1601 2476 demanare]

869 2484 1022 2515 „manus
1066 2477 1296 2519 intentare;“
1338 2480 1509 2512 Feiuue
1545 2489 1599 2512 zu

866 2523 1038 2555 moisen
1061 2523 1223 2557 Passow.
1250 2543 1292 2548 —
1321 2526 1441 2568 eques]
1469 2526 1599 2570 „equi-

867 2570 922 2602 tes
947 2569 1007 2602 vel
1037 2573 1192 2614 propter
1225 2571 1446 2606 domesticas
1480 2573 1599 2606 facul-

867 2617 961 2649 tates
978 2616 1115 2650 litteris
1136 2617 1313 2652 instructi
1339 2622 1452 2662 atque
1479 2619 1600 2653 omni-

867 2672 915 2696 no
954 2663 1062 2706 plebe
1105 2664 1218 2708 longe
1260 2665 1471 2699 cultiores.“
1523 2665 1597 2701 Sat.

869 2711 908 2751 1,
945 2712 1006 2751 10,
1040 2713 1103 2744 76:
1136 2713 1224 2744 satis
1251 2715 1300 2745 est
1327 2714 1480 2753 equitem
1511 2715 1604 2747 mihi
