1774 2930
641 158 734 193 LIB.
757 157 805 192 11.
851 155 1004 190 EPIST.
1027 155 1059 189 Ι.

219 264 438 307 Caelestes
469 261 668 317 implorat
698 272 830 314 aquas
861 257 986 299 docta
1014 269 1141 312 prece
1171 253 1364 309 blandus,

1513 153 1597 195 421

1518 253 1599 295 133

218 334 387 377 Avertit
416 332 600 384 morbos,
631 328 860 372 metuenda
886 327 1077 384 pericula
1105 326 1243 382 pellit,

217 405 423 462 Impetrat
452 407 495 446 et
523 415 673 458 pacem
704 404 747 443 et
775 399 1031 454 locupletem
1061 396 1254 453 frugibus
1285 409 1454 438 annum.

220 475 419 519 Carmine
449 474 492 516 di
524 473 666 529 superi
697 471 931 527 placantur,
963 468 1149 511 carmine
1178 466 1341 509 Manes.

218 545 444 602 Agricolae
474 544 623 600 prisci,
655 542 786 584 fortes
817 553 1032 596 parvoque
1061 538 1196 591 beati,

220 616 403 660 Condita
432 619 528 671 post
558 613 770 655 frumenta
797 612 989 653 levantes
1020 613 1211 665 tempore
1242 607 1352 651 festo

1521 607 1602 648 140

218 688 383 743 Corpus
415 690 457 728 et
486 686 628 741 ipsum
658 684 864 735 animum,
898 695 974 736 spe
1005 680 1100 721 finis
1133 679 1239 721 dura
1269 678 1492 732 ferentem,

219 758 329 800 Cum
359 757 485 798 sociis
519 769 711 811 operum,
742 753 885 809 pueris
918 755 961 794 et
994 751 1172 806 coniuge
1202 749 1303 803 fida,

219 829 435 871 Tellurem
465 840 607 882 porco,
641 824 861 866 Silvanum
890 823 998 864 lacte
1028 821 1224 877 piabant,

196 959 275 991 142.
300 965 449 999 operum
474 957 506 989 et
528 955 653 996 pueris
678 965 709 995 c,
735 956 817 987 octo
839 950 1023 992 Pottierii,
1048 949 1203 994 quintus
1221 948 1415 990 Schmidii,
1439 947 1558 982 LctF.

148 1024 194 1030 -
214 1006 291 1038 143.
313 1012 426 1046 porca
442 1001 614 1036 Lambini
640 1000 817 1044 suspicio,
844 1009 954 1043 quam
978 997 1103 1031 firmat
1126 996 1259 1031 tertius
1286 994 1477 1038 Schmidii,
1501 1005 1558 1029 re-

147 1052 248 1096 cepit
271 1049 582 1095 Guninghamius.

97 1167 248 1214 pedalia
276 1167 501 1213 agebantur,
531 1166 570 1200 id
603 1167 678 1207 est,
709 1174 830 1209 popu-

98 1216 160 1250 lns
186 1215 298 1249 nudis
329 1214 490 1259 pedibus
520 1223 692 1258 pompam
718 1212 830 1245 duce—

99 1262 164 1296 bat
186 1273 254 1306 per
278 1261 429 1295 Urbem.
463 1260 537 1294 cfr.
554 1260 705 1293 Festum
731 1259 770 1291 in
795 1269 829 1290 v.

100 1310 330 1349 Aquilicium.
344 1327 387 1331 —
401 1309 507 1340 docta
529 1315 635 1348 prece
658 1305 827 1346 blandus]

102 1355 268 1398 „blande
305 1354 520 1399 supplicans
558 1354 616 1387 dis
654 1353 830 1393 carmine,

101 1402 202 1446 quod
238 1404 348 1446 poeta
383 1412 469 1434 eum
506 1400 685 1441 docuit;“
724 1401 830 1432 docta

102 1451 159 1483 est
189 1449 445 1492 participium,
484 1458 560 1481 non
593 1446 830 1480 adiectivum.

101 1514 145 1519 -—
170 1497 311 1529 Avertit
340 1493 503 1536 nwrbos]
538 1494 694 1527 maxime
717 1492 831 1536 Apol—

100 1542 179 1576 line
203 1543 396 1583 invocato3
434 1542 500 1575 cfr.
525 1540 594 1574 od.
623 1544 660 1582 1,
686 1541 748 1581 21,
776 1542 830 1572 13.

101 1608 146 1613 -—
170 1588 383 1631 metuenda]
434 1588 606 1632 „quippe
646 1586 829 1630 portentis

100 1635 412 1681 significataw—
437 1634 581 1676 Manes]
609 1634 673 1676 „di
706 1633 830 1675 inferi,

99 1682 167 1716 Dis
202 1687 321 1726 pater,
358 1681 603 1726 Proserpina,
640 1681 829 1722 Hecate,“

98 1731 143 1762 ut
178 1729 283 1774 Virg.
318 1730 414 1763 Aen.
452 1731 516 1770 12,
555 1730 648 1762 646:
702 1729 766 1761 Vos
810 1736 831 1760 ο

98 1778 188 1810 mihi
224 1778 354 1811 Manes
393 1778 477 1809 Este
518 1777 618 1816 boni,
660 1776 832 1815 quoniam

99 1825 246 1864 Superis
287 1831 417 1858 aversa
465 1823 645 1856 voluntas.
701 1821 830 1855 Manes

100 1869 217 1915 igitur
272 1871 308 1903 h.
357 1870 381 1904 l.
437 1871 493 1903 die
540 1870 830 1902 unterirdischen

101 1917 257 1951 Μᾶοὴεο.

151 2011 340 2043 139-144.
364 2009 569 2051 Aqricolae]
598 2009 676 2043 Iam
700 2011 832 2052 poeta-

73 2091 77 2094 ,
102 2066 187 2088 rum
218 2059 254 2089 et
284 2056 410 2100 poesis
442 2056 483 2088 in
509 2058 680 2089 cunctam
706 2055 832 2088 civita-

103 2103 179 2135 tem
194 2112 237 2136 ac
254 2102 410 2136 deorum
434 2102 574 2136 cultum
600 2101 744 2135 meritis
771 2112 832 2135 ex-

103 2149 236 2192 positis
269 2149 453 2193 originem
489 2151 601 2192 atque
638 2148 832 2182 historiam

103 2196 230 2239 poesis
260 2195 449 2229 Romanae
482 2206 668 2239 exponere
705 2206 834 2239 aggre-

104 2241 218 2284 ditur,
256 2253 335 2284 rem
375 2242 564 2276 scenicam
598 2242 833 2286 potissimum

104 2291 289 2332 spectans,
315 2308 358 2312 ——
383 2289 508 2332 sortes]
552 2289 628 2331 „ad
667 2289 832 2322 laborem

105 2335 218 2369 validi
245 2338 283 2370 et
306 2336 460 2370 seduli.“
497 2336 638 2369 Senon.
673 2335 732 2370 Sic
758 2335 833 2369 Sat.

106 2383 139 2424 2,
165 2384 198 2425 2,
225 2385 308 2416 115:
333 2385 464 2424 sortem
489 2384 663 2416 colonum.
682 2401 729 2406 —
746 2385 834 2416 Con-

105 2430 182 2462 dila
207 2429 290 2472 eet.]
321 2430 435 2463 Arist.
458 2429 541 2463 Eth.
566 2430 646 2463 Nic.
672 2433 704 2471 8,
730 2432 763 2471 9,
789 2432 833 2463 6:

105 2477 147 2508 αἱ
193 2474 350 2521 ἀρχαῖαι
389 2477 521 2510 θυσίαι
568 2478 634 2510 καὶ
679 2474 835 2510 σύνοδοι

105 2524 310 2564 φαίνονται
333 2524 533 2568 γίγνεσθαι
548 2521 644 2567 μετὰ
670 2522 737 2564 τὰς
760 2523 834 2557 τῶν

105 2580 156 2602 κα
181 2563 260 2603 mliv
284 2565 523 2614 συγκομιδὰς’
545 2569 629 2604 οἷον
652 2568 833 2618 ἀπαρχαί·

106 2581 273 2657 μαᾶιστοί
292 2616 364 2664 γὰρ
387 2618 427 2651 ἐν
451 2616 602 2660 τούτοις
624 2615 834 2660 ἐσχόλαζον

107 2667 187 2704 τοῖς
214 2669 371 2712 καιροῖς.
397 2684 439 2688 -
465 2675 526 2707 spe
559 2666 661 2708 finis]
712 2664 832 2708 „Sen-

109 2709 226 2744 tentia
249 2714 325 2754 est,
355 2712 588 2747 tolerabilem
620 2712 701 2746 fieri
734 2712 834 2746 labo-

877 1174 954 1197 rem
972 1163 1112 1196 laboris
1125 1161 1199 1195 fine
1213 1160 1438 1205 proposito.“
1456 1160 1605 1194 Pomm.

878 1230 922 1234 -—
941 1212 1028 1244 Cum
1051 1210 1155 1242 sociis
1180 1208 1264 1251 eet]
1294 1207 1466 1252 Explica:
1493 1217 1606 1249 „cum

879 1258 990 1290 sociis
1031 1266 1204 1300 operum,
1252 1255 1435 1299 imprimis
1476 1254 1606 1288 liberis

879 1304 1079 1347 utriusque
1105 1313 1215 1337 sexus
1239 1305 1277 1336 et
1292 1304 1394 1336 casta
1410 1301 1604 1346 coniuge.“

878 1351 975 1385 Raro
1018 1350 1117 1384 enim
1159 1350 1274 1394 prisci
1317 1349 1375 1382 illi
1421 1349 1607 1394 agricolae

879 1408 1005 1431 servos
1041 1396 1286 1441 possidebant
1321 1398 1386 1429 aut
1417 1396 1607 1440 operarios

879 1444 1115 1479 adhibebant.
1150 1463 1194 1467 —
1233 1443 1436 1485 Tellurem]
1485 1442 1605 1476 Varro

877 1491 921 1525 R.
948 1492 991 1525 R.
1020 1495 1059 1533 1,
1085 1494 1124 1534 1,
1150 1493 1183 1525 4.
1214 1491 1400 1524 duodecim
1432 1491 1516 1523 deos
1548 1489 1607 1523 in-

878 1541 1002 1581 vocat,
1051 1540 1114 1579 qui
1157 1539 1314 1572 maxime
1359 1537 1608 1579 ayricolarum

879 1587 984 1619 duces
1024 1588 1118 1618 sunt.
1167 1587 1348 1627 Primum,
1390 1586 1452 1625 qui
1488 1592 1608 1617 omnes

878 1635 1018 1674 fructus
1044 1633 1294 1673 ayricuuurae
1319 1633 1420 1665 caelo
1446 1634 1479 1664 el
1508 1634 1608 1664 len-a

879 1681 1078 1721 continent,
1111 1682 1233 1712 Iovem
1266 1682 1298 1712 el
1330 1679 1527 1718 Tellurem,·
1551 1696 1567 1702 -
1591 1696 1607 1703 -

877 1729 1033 1760 secundo
1056 1728 1175 1760 Solem
1201 1729 1234 1760 et
1257 1727 1418 1766 Lunam3
1443 1743 1458 1750 -
1474 1726 1608 1758 -tertio

881 1775 1042 1807 Cererem
1068 1776 1101 1807 et
1126 1775 1313 1814 libertum
1337 1775 1518 1813 --quaraeo
1535 1774 1608 1805 Ro-

879 1822 1001 1862 biqum
1026 1830 1070 1854 ac
1093 1822 1261 1861 Floram;
1285 1840 1300 1846 -
1316 1821 1550 1855 -Minervam
1575 1821 1609 1853 et

881 1869 1068 1907 ἤπια-επις
1096 1887 1111 1893 -
1136 1886 1151 1892 -
1175 1869 1372 1909 Lympham
1396 1876 1441 1900 ac
1464 1869 1608 1900 Bonum

876 1917 1068 1948 Evenlum.
1096 1934 1138 1939 —-
1162 1914 1298 1957 porco]
1331 1914 1479 1948 Genere
1504 1914 1608 1947 femi-

878 1963 967 1995 nino
1002 1963 1120 1997 utitur
1152 1962 1364 2007 Oraculum
1383 1961 1608 2006 Sibyllinum

878 2009 977 2052 apud
1009 2009 1142 2042 Zosim.
1168 2011 1208 2050 2,
1234 2011 1273 2043 6:
1295 2007 1480 2056 Ἀὐθιρδὲ
1511 2008 1608 2053 Γαίῃ

878 2055 1112 2100 Πληθομένῃ
1130 2052 1263 2101 χοῖρός
1275 2066 1314 2087 τε
1331 2056 1396 2088 καὶ
1412 2054 1456 2096 ὑς
1468 2056 1609 2101 ἱεροῖτο

878 2102 1051 2144 μέλαινα.
1106 2102 1284 2135 Similiter
1323 2104 1409 2136 ante
1448 2111 1609 2136 messem

882 2149 1028 2191 Cereri,
1065 2151 1107 2182 ut
1142 2149 1195 2182 ait
1232 2148 1322 2182 Cato
1358 2147 1404 2181 R.
1436 2147 1481 2182 R.
1516 2150 1607 2191 134.,
1659 2179 1661 2185 ,,

877 2204 993 2236 porca
1026 2197 1291 2238 praecidanea,
1323 2203 1435 2237 porco
1472 2196 1609 2237 semina

881 2242 963 2276 fieri
1000 2244 1157 2286 oportet.
1206 2242 1289 2276 Uno
1326 2243 1428 2285 loco,
1469 2241 1537 2275 od.
1575 2244 1608 2283 3,

881 2291 946 2331 23,
970 2292 1024 2332 4.,
1059 2289 1239 2323 feminino
1272 2289 1390 2323 utitur
1418 2289 1608 2332 Horatius,

882 2336 1016 2370 ceteris
1065 2337 1285 2370 masculino.
1321 2356 1368 2361 —
1406 2336 1607 2379 Silvanum]

880 2383 925 2416 In
948 2384 1195 2428 inscriptione
1220 2383 1418 2418 admodum
1434 2386 1609 2427 suspecta

882 2430 1022 2472 (Inscr.
1046 2442 1094 2464 m.
1119 2431 1201 2465 Lat.
1231 2430 1276 2465 N.
1303 2431 1419 2474 1604.)
1452 2433 1607 2464 vocatur

881 2478 955 2510 Lar
978 2479 1148 2520 agrestis,
1181 2478 1221 2511 in
1254 2488 1430 2523 germana
1463 2477 1539 2520 (ΙΙ).
1563 2477 1606 2511 Ν.

884 2525 1006 2567 1589.)
1068 2527 1304 2559 conservator
1356 2527 1494 2558 Larum
1542 2525 1608 2556 Pe-

880 2573 1030 2605 natium.
1061 2571 1223 2606 Omnino
1242 2573 1383 2606 cultum
1407 2572 1521 2605 huius
1546 2571 1607 2605 dei

881 2619 1087 2662 priscorum
1104 2619 1352 2664 agricolarum
1373 2618 1506 2663 perdiu
1530 2628 1607 2651 ser—

881 2668 1005 2699 vatum
1036 2677 1120 2700 esse
1153 2666 1364 2710 complures
1396 2666 1608 2709 inscriptio-

882 2723 949 2746 nes
986 2712 1251 2747 demonstrant.
1308 2713 1383 2746 Ofr.
1420 2712 1536 2756 Epod.
1574 2714 1607 2755 2,
