1774 2930
166 171 251 212 204

670 170 878 205 nomm
901 169 1186 216 SATmARuM

284 271 437 314 Nonne
466 271 588 314 vides
612 296 666 301 —
690 273 844 328 aliquis
875 271 1017 314 cubito
1049 275 1233 315 stantem
1264 286 1398 329 prope
1427 276 1609 328 tangens

283 343 455 399 Inquiet
475 367 553 397 —-‚
586 346 634 384 ut
663 343 852 399 patiens,
884 346 932 384 ut
963 343 1109 385 amicis
1141 347 1287 400 aptus,
1318 347 1368 385 ut
1397 344 1527 386 acer?

282 413 437 456 Plures
469 413 687 456 adnabunt
717 414 870 455 thunni
902 417 945 456 et
977 415 1136 457 cetaria
1166 418 1372 457 crescent.

285 484 332 527 Si
365 486 432 528 cui
463 488 689 542 praeterea
718 485 885 527 validus
917 485 1029 528 male
1059 485 1172 527 filius
1204 486 1250 527 in
1280 498 1348 528 re·

1625 486 1681 527 45

282 556 512 599 Praeclara
543 556 736 598 sublatus
769 556 924 610 aletur,
956 570 1011 599 ne
1043 557 1320 600 manifestum

284 627 472 670 anlibis
505 627 757 684 obsequium
786 627 920 670 nudet
950 630 1012 681 te,
1043 628 1200 670 leniter
1228 628 1274 670 in
1305 642 1427 684 spem

282 698 456 755 Adrepe
489 698 723 752 officiosus,
755 702 803 740 ut
834 702 877 741 et
908 699 1095 741 scribare
1127 699 1338 742 secundus

259 818 315 850 48.

162 906 418 950 metaphoram
452 907 617 948 conspuit
626 917 635 948 3
670 917 755 940 nam
785 915 898 939 canas

159 954 316 994 pruinas
346 953 427 998 ipse
453 953 548 987 dixit
573 953 642 987 Od.
671 957 709 996 1,
736 956 776 995 4,
803 956 836 987 4.
863 956 900 987 et

161 1000 333 1034 hibernas
359 1001 466 1042 Alpes
492 1001 611 1035 Tacit.
643 1000 739 1034 Hist.
769 1003 807 1043 1,
841 1003 898 1035 70.

161 1047 218 1081 De
256 1048 328 1082 hoc
366 1048 483 1093 igitur
522 1051 685 1082 constat:
727 1048 802 1082 iam
839 1049 899 1082 vel

162 1094 265 1139 ipsae
298 1096 507 1139 particulae
533 1105 694 1129 seu-seu
719 1096 809 1130 satis
835 1095 899 1129 de-

160 1145 374 1177 monstrant
397 1143 504 1177 Furii
537 1143 654 1177 fuisse
687 1143 798 1177 etiam
831 1143 899 1176 illa

161 1200 282 1234 aeque
309 1191 439 1235 inepta
455 1192 570 1224 rubra
589 1191 764 1224 Canicula
788 1192 899 1233 findet

161 1239 329 1279 Infantes
369 1241 523 1271 statuas.
573 1238 774 1272 Praeterea
814 1249 899 1282 per-

160 1295 274 1329 quam
316 1285 546 1319 inconcinne
587 1285 737 1319 Horatii
778 1285 898 1329 ipsius

161 1331 324 1377 imagine
357 1333 415 1376 (ut
446 1332 623 1377 plerique
649 1333 897 1375 arbitrantur)

159 1381 279 1413 rubra
296 1382 367 1414 cet.
386 1382 641 1425 opponeretur
657 1380 814 1425 parodia
826 1380 899 1414 Fu-

159 1427 288 1460 riana:
306 1429 443 1461 Furius
456 1430 626 1469 conspuet
640 1429 761 1469 Alpes.
786 1427 899 1462 Ridet

159 1473 278 1519 igitur
305 1474 379 1509 duo
404 1475 471 1509 illa
486 1475 583 1509 mira
608 1475 767 1509 ἐπίθετα
782 1477 899 1509 ‘rubra

159 1532 229 1565 pro
252 1524 416 1564 flagrans
435 1521 717 1566 (Od.3‚13‚9.),
742 1525 896 1565 fervens,

156 1570 270 1611 ionea
309 1571 346 1603 et
383 1572 524 1603 statuas
565 1572 725 1612 infantes
767 1570 897 1614 dictas,

159 1627 250 1661 quo,
277 1617 351 1651 nisi
368 1628 595 1662 magnopere
613 1617 734 1660 fallor,
759 1618 898 1652 Furius

160 1664 371 1708 exprimere
409 1665 581 1699 voluerat
619 1665 785 1701 omnium
824 1667 897 1699 sta-

160 1713 310 1745 tuarum
335 1708 524 1756 ποιότητα
550 1715 605 1754 et,
633 1723 715 1746 cum
743 1713 783 1745 in
809 1724 897 1756 pro-

157 1759 292 1793 verbio
308 1762 407 1793 esset
419 1762 543 1793 statua
557 1739 775 1793 taciturnius
787 1760 896 1804 (Epp.

159 1808 194 1848 2,
221 1809 253 1848 2,
281 1807 366 1850 83η)
391 1807 549 1841 mirifice
576 1818 615 1841 se
642 1807 748 1851 loqui
765 1807 898 1861 opina-

158 1855 221 1887 tus
247 1857 348 1897 erat,
375 1854 440 1887 ubi
464 1856 644 1896 infantes,
669 1850 896 1898 ἀγλώττους

157 1879 366 1943 αναύδους,
400 1904 523 1935 mutas
548 1901 633 1935 illas
660 1901 896 1935 denominas-

158 1950 229 1982 set.
280 1948 464 1982 Cumulus
498 1951 623 1982 autem
657 1948 810 1983 accedet
833 1959 897 1993 pa-

159 1995 301 2038 rodiae,
327 1996 393 2030 ubi
420 1996 663 2030 statuerimus
683 1997 795 2030 etiam
821 1998 896 2029 ter-

158 2044 255 2077 tium
305 2043 401 2077 illud
441 2045 572 2085 pingui
613 2046 731 2077 tentus
773 2052 896 2077 omaso

159 2090 277 2133 (volt
301 2099 389 2124 von
404 2092 583 2133 feisten
599 2092 896 2137 Katdaunen.

158 2138 283 2180 Voss.)
313 2138 419 2172 Furii
446 2138 575 2180 fuisse,
602 2141 655 2181 ut,
681 2138 785 2183 pu'ta,
811 2148 896 2172 cum

157 2185 206 2219 de
231 2185 421 2220 Ariovisto
455 2186 577 2220 aliove
610 2186 775 2220 hostium
802 2186 896 2219 duce

156 2236 289 2278 ageret
314 2244 487 2277 eumque,
519 2245 593 2278 quo
619 2233 897 2279 gratificaretur

160 2280 330 2323 Caesari,
362 2283 516 2326 propter
544 2281 784 2315 voracitatem
811 2280 896 2314 bar-

158 2327 250 2361 baro
277 2328 428 2373 dignam
456 2328 696 2372 deprimeret.
736 2328 896 2362 Cacoze-

158 2374 211 2408 lia
237 2378 363 2408 autem
389 2386 473 2409 cum
499 2376 591 2409 insit
615 2376 653 2409 in
680 2377 758 2409 toto
782 2386 895 2409 mem-

157 2421 240 2464 bro,
266 2425 424 2467 augetur
452 2423 617 2467 epitheto
635 2433 753 2467 prope
777 2423 894 2456 otioso

155 2470 305 2511 pinam,
355 2480 424 2513 pro
475 2481 548 2513 quo
591 2471 656 2503 vili
705 2471 895 2503 dicturum

157 2516 277 2550 fuisse
295 2516 494 2551 Horatium
513 2518 683 2561 suspicor
703 2517 786 2560 (cfr.
800 2517 893 2561 Epp.

160 2566 193 2606 1,
222 2565 277 2606 15,
303 2566 368 2597 34:
404 2565 554 2605 patinas
588 2566 741 2598 cenabat
767 2566 893 2607 omasi,

161 2612 248 2645 Vilis
275 2614 306 2644 et
332 2611 539 2655 aquinae.);
577 2623 709 2645 verum
740 2615 894 2656 propter

157 2659 262 2691 hunc
289 2659 413 2703 ipsum
446 2659 673 2702 ineptiarum
701 2661 894 2693 cumulum

158 2706 295 2739 melius
322 2705 482 2740 inservit
498 2705 610 2739 Furio
637 2709 790 2750 propter
808 2706 894 2740 eda-

156 2752 308 2786 citatem
328 2764 479 2798 quoque
501 2753 716 2796 irridendo;
743 2754 774 2787 is
793 2754 892 2787 enim

341 819 397 851 uti
419 819 581 851 scribare
606 817 768 851 malebat
792 816 1050 852 Heindorfius.

948 907 1148 939 Bibaculus
1198 909 1230 939 et
1280 909 1361 940 erat
1404 908 1436 939 et
1483 907 1685 939 vocabatur

949 953 1063 996 (Plin.
1090 953 1135 986 H.
1160 952 1204 987 N.
1230 952 1429 996 Praefat.)‚
1463 952 1599 998 quidni
1631 952 1684 985 al-

949 1003 1029 1034 tero
1064 1000 1175 1035 etiam
1209 1000 1302 1035 vitio
1340 1000 1547 1035 laborarit?
1584 999 1684 1033 Plin.

947 1047 1087 1093 Paneg.
1129 1050 1186 1082 49.
1229 1048 1275 1081 de
1314 1047 1548 1082 Domitiano:
1598 1048 1682 1080 ante

947 1097 1105 1128 medium
1130 1097 1226 1129 diem
1251 1096 1486 1129 distentus
1511 1095 1683 1128 solitaria

948 1151 1048 1176 cena.

996 1191 1117 1224 42-44.
1145 1191 1263 1223 cubito
1286 1192 1441 1223 stantem
1461 1198 1575 1231 prope
1602 1192 1683 1222 tan-

948 1237 1049 1281 oens]
1063 1237 1166 1271 Pers.
1182 1239 1216 1279 4,
1231 1239 1296 1271 34:
1321 1239 1384 1270 Est
1395 1246 1510 1279 prope
1528 1238 1561 1269 te
1578 1238 1682 1278 iano-

948 1287 1024 1328 tus,
1059 1286 1177 1318 cubito
1207 1286 1270 1325 qui
1303 1287 1512 1326 tanqat.—-
1538 1283 1682 1327 thunm‘]

949 1332 1165 1366 catervatim
1182 1333 1324 1366 natant.
1343 1331 1503 1386 Oppian.
1515 1330 1683 1365 Halieut.

948 1381 980 1422 3,
1005 1381 1090 1413 631:
1116 1377 1248 1423 Πολλὴ
1273 1378 1305 1411 δ’
1330 1375 1428 1412 {una
1429 1374 1522 1436 γλός
1544 1389 1585 1411 τε
1611 1387 1685 1411 πα-

948 1428 1122 1483 ρίσταται
1161 1391 1452 1467 ἰχθυβόλοισινγ
1456 1422 1588 1482 Αγρη
1626 1420 1683 1459 ὅτ’

946 1472 1114 1522 εἰαρινὸς
1126 1471 1274 1508 θύννων
1295 1471 1460 1521 στρατὸς
1476 1470 1554 1521 ὁρμ
1556 1470 1684 1517 η’σων-

947 1533 1020 1555 ται.
1070 1522 1139 1556 His
1181 1522 1299 1577 igitur
1340 1524 1531 1566 comparat
1571 1532 1680 1555 senes

948 1570 1102 1612 stultos,
1136 1571 1202 1614 qui
1231 1569 1539 1614 heredipetarum
1564 1569 1682 1603 veluti

947 1617 1067 1651 hamis
1082 1617 1305 1662 capiuntur.
1324 1627 1400 1661 qua
1412 1617 1575 1662 imagine
1590 1626 1682 1650 usus

947 1667 1005 1698 est
1029 1665 1141 1698 etiam
1167 1664 1324 1698 Lucian.
1363 1664 1456 1697 Tim.
1496 1665 1559 1697 22:
1599 1661 1682 1705 οἶος

947 1709 1086 1753 αὐτοὺς
1120 1711 1376 1764 (captatores)
1412 1707 1435 1744 ὁ
1468 1707 1610 1752 θύννος
1638 1710 1681 1743 ἑκ

945 1759 1073 1801 αυχοῦ
1098 1759 1166 1801 τῆς
1192 1754 1365 1802 σαγήνης
1393 1756 1583 1813 διέφυγεν,
1609 1755 1683 1791 οὐκ

946 1803 1077 1849 ὀλίγον
1103 1803 1147 1838 τὸ
1173 1804 1305 1852 δέλεαρ
1330 1802 1538 1838 καταπιών.
1559 1825 1601 1829 —-
1626 1814 1681 1839 ce-

947 1853 1066 1896 taria]
1108 1853 1370 1897 „receptacula
1410 1863 1527 1897 prope
1565 1853 1679 1887 maris

947 1901 1056 1942 litus,
1095 1900 1160 1934 ubi
1199 1901 1335 1934 thunni
1372 1911 1458 1934 vere
1495 1899 1679 1956 (Oppian.

946 1948 1051 1981 l.1.:
1101 1947 1270 2002 εἰαρινοῦ
1305 1945 1403 1991 μετὰ
1439 1943 1587 1981 λύσσαν
1623 1943 1680 1980 ὅτ’

946 1992 1183 2042 οἰστρήσωσι
1219 1991 1396 2040 γάμοιο.)
1436 1994 1536 2039 capti
1570 1995 1682 2028 salie-

946 2043 1098 2077 bantur.

993 2092 1056 2123 45-
1058 2092 1115 2124 50.
1140 2090 1321 2133 sublatus]
1342 2089 1507 2133 „Patres,
1532 2090 1563 2123 si
1581 2088 1679 2123 filios

946 2137 1018 2171 sibi
1045 2141 1152 2172 natos
1179 2137 1280 2172 alere
1306 2137 1460 2180 vellent,
1485 2147 1549 2171 eos
1574 2137 1680 2170 humi

946 2185 1112 2219 iacentes
1131 2186 1186 2228 (in
1212 2185 1350 2230 genua)
1369 2185 1502 2219 tollere
1521 2186 1558 2218 et
1582 2194 1680 2218 com-

945 2233 1062 2277 plecti
1086 2232 1276 2274 solebant3
1303 2233 1334 2266 si
1360 2232 1517 2274 nollent,
1543 2231 1680 2276 exponi

945 2280 1137 2314 iubebant.
1164 2299 1207 2305 --
1232 2280 1338 2324 Virg.
1380 2278 1475 2313 Aen.
1512 2282 1552 2321 9,
1591 2281 1680 2313 201:

945 2329 1028 2361 Non
1075 2330 1128 2361 ita
1169 2336 1224 2360 me
1265 2327 1679 2368 ueniter--Sublatum

947 2376 1112 2408 erudiit.“
1163 2374 1288 2407 LAMB.
1323 2393 1367 2397 -—
1403 2372 1576 2415 caelibis]
1615 2373 1678 2406 Sic

944 2425 1100 2456 vocatur
1143 2422 1272 2463 etiam,
1314 2421 1380 2465 qui
1422 2430 1577 2454 uxorem
1618 2420 1678 2454 vel

945 2472 1063 2503 morte
1090 2468 1215 2502 amisit
1232 2469 1290 2502 vel
1309 2467 1512 2501 divortium
1530 2477 1616 2500 cum
1634 2478 1679 2502 ea

944 2517 1046 2550 fecit.
1066 2536 1108 2540 -
1127 2516 1251 2558 nudet]
1279 2515 1457 2557 „astutias
1483 2518 1566 2549 tuas
1591 2525 1678 2559 ape-

944 2564 1029 2606 riat,
1057 2566 1173 2607 tuque
1193 2562 1430 2596 excludare.“
1446 2581 1489 2586 -—
1507 2563 1548 2595 in
1563 2561 1676 2605 spem]

946 2610 1222 2653 „hereditatis.“
1263 2610 1349 2644 Tac.
1382 2609 1480 2643 Ann.
1509 2611 1548 2651 1,
1573 2611 1614 2642 8:
1638 2610 1678 2642 in

942 2667 1039 2700 spem
1063 2659 1260 2691 secundam
1279 2656 1504 2702 (Augustus)
1531 2659 1675 2698 nepotes

939 2707 1238 2747 pronepotesque,
1266 2706 1371 2738 tertio
1397 2705 1518 2745 arada
1538 2704 1677 2745 primo-

942 2762 999 2786 res
1031 2753 1186 2786 civitatis
1217 2753 1422 2793 scripserat.
1449 2770 1492 2774 —
1519 2750 1675 2794 Δάν-αρε]
