1774 2930
194 176 282 217 276

665 177 875 212 HORATH
898 178 1247 214 EPISTOLARUM

310 276 368 319 Ut
397 278 562 335 lippum
592 279 734 334 pictae
764 278 951 332 tabulae,
984 279 1174 323 fomenta
1203 281 1450 338 podagram,
1491 342 1495 343 ⁷

310 347 537 391 Auriculas
571 349 760 391 citharae
793 350 971 392 collecta
1002 351 1126 394 sorde
1158 351 1366 395 dolentes.

311 418 535 462 Sincerum
568 423 635 462 est
666 420 751 461 nisi
782 435 872 474 vas,
905 421 1187 478 quodcunque
1218 423 1424 478 infundis,
1457 425 1627 467 acescit.

256 546 258 548 Ι
310 489 474 547 Sperne-
507 491 774 547 voluptates3
808 496 935 534 nocet
966 496 1110 549 empta
1141 493 1287 537 dolore
1317 495 1528 552 voluptas,

1656 496 1712 537 55

308 560 488 617 Semper
520 576 673 604 avarus
706 566 827 618 eget3
861 567 1024 605 certum
1054 567 1154 606 voto
1186 568 1286 621 pete
1315 565 1457 608 finem.

305 632 480 674 Invidus
513 634 687 675 alterius
719 634 944 676 macrescit
974 635 1103 677 rebus
1135 635 1312 692 opimis3

306 703 472 746 Invidia
503 703 635 746 Siculi
666 718 753 746 non
784 705 988 747 invenere
1019 707 1189 761 tyranni

281 835 338 867 52.
365 837 524 867 tomenta
553 834 732 869 Bouhier.
760 853 802 857 ——
827 836 1032 876 podaqrum
1058 847 1078 869 e
1105 835 1220 870 Godd.
1246 836 1442 871 Bentleius
1469 840 1506 871 et
1530 837 1573 872 Ο.

184 952 268 994 cet]
308 951 388 995 „Ut
420 962 531 987 sanos
569 953 698 987 oculos
731 953 922 987 delectant

182 999 334 1034 tabulae
370 999 512 1044 pictae,
548 1000 715 1045 lippum,
753 1000 819 1044 qui
857 1011 920 1034 eas

183 1047 429 1091 contemplari
454 1048 598 1092 nequit,
624 1048 677 1081 nil
703 1048 852 1090 iuvant3
879 1050 922 1081 ut

180 1093 347 1128 fomenta
359 1095 505 1128 homini
522 1095 701 1137 molliori,
718 1094 918 1129 dummodo

181 1141 281 1176 bona
318 1142 368 1176 sit
403 1142 638 1185 valetudine,
675 1145 783 1188 grata
820 1145 919 1185 sunt,

180 1189 333 1223 minime
352 1200 441 1223 vero
459 1189 626 1234 podagra
643 1189 773 1224 affecto
793 1190 918 1232 (cuius

180 1235 351 1278 dolores,
377 1236 491 1278 addo,
525 1236 715 1270 interdum
743 1238 918 1282 augent);

179 1286 222 1317 ut
246 1294 359 1318 aures
385 1284 548 1318 hominis
575 1284 657 1318 sani
685 1285 918 1330 symphoniis

182 1330 430 1374 oblectantur,
457 1342 533 1365 non
551 1331 641 1365 item
661 1332 755 1375 eius,
773 1332 835 1366 cui
853 1332 918 1366 do-

177 1378 273 1421 lent,
307 1379 359 1413 ita
383 1379 573 1412 hominem
599 1379 733 1424 paucis
760 1382 916 1413 conten-

178 1427 257 1459 tum
296 1426 400 1460 iuvat
436 1426 569 1460 domus
608 1429 646 1460 et
681 1438 742 1461 res
781 1427 916 1470 (etiam

176 1473 351 1516 modica),
368 1473 620 1508 insatiabilem
639 1475 914 1519 nequaquam.“

176 1520 358 1555 Fomenta
383 1524 507 1556 autem
534 1522 645 1556 etiam
677 1533 698 1555 a
724 1522 827 1556 sanis
853 1522 916 1556 ad—

175 1568 300 1602 hiberi
332 1569 443 1602 solita
474 1580 576 1611 esse,
613 1579 688 1613 qua
714 1569 759 1603 de
785 1581 826 1603 re
853 1569 916 1603 ad-

174 1615 251 1649 huc
265 1615 520 1658 dubitabatur,
539 1616 819 1651 demonstratur
831 1618 914 1651 loco

177 1661 344 1697 Senecae
382 1663 427 1697 de
465 1663 608 1708 provid.
642 1667 684 1706 4,
717 1666 761 1697 9:
802 1666 914 1707 Quem

174 1712 388 1751 specularia
418 1719 562 1752 semper
597 1713 643 1744 ab
676 1713 810 1756 amatu
834 1713 914 1744 vin-

175 1758 407 1801 dicaverunt,
447 1761 548 1792 cuius
578 1760 687 1800 pedes
724 1760 821 1792 inter
857 1760 912 1800 so-

173 1808 297 1838 menla
333 1806 485 1838 subinde
520 1808 664 1838 mutata
705 1807 911 1848 tepuerunt,

173 1854 277 1884 cuius
304 1853 508 1885 cenationes
532 1854 697 1885 subditus
724 1855 756 1885 et
787 1854 912 1894 parie-

174 1900 268 1932 libus
309 1901 550 1941 circumfusus
592 1900 693 1932 calor
734 1903 911 1941 tempera-

171 1948 234 1989 vit,
260 1948 355 1980 hunc
382 1948 467 1980 levis
492 1955 590 1980 aura
619 1955 693 1979 non
716 1948 792 1979 sine
813 1948 911 1988 peri-

173 1995 255 2027 culo
288 1996 453 2035 strinqet.
510 1993 617 2028 Conf.
644 1993 730 2027 Sen.
758 1994 803 2027 de
835 1994 911 2029 vita

171 2041 281 2075 beata
309 2043 364 2084 11,
391 2044 423 2075 3.
457 2040 642 2075 Nonnulli
668 2052 752 2075 cum
777 2042 910 2085 paucis

173 2087 289 2122 Codd.
311 2090 541 2131 poturorum,
579 2089 651 2122 hoc
685 2089 910 2123 concinnius

171 2137 241 2170 rati
260 2135 307 2170 ad
324 2147 358 2170 v.
379 2137 535 2178 lippum:
561 2136 663 2180 quod
687 2139 817 2170 contra
835 2140 909 2180 est3

170 2194 257 2217 nam
274 2184 433 2218 variatio
450 2183 568 2229 magis
590 2184 734 2228 placet3
761 2195 831 2218 nec
848 2195 910 2218 ve-

170 2241 212 2264 ro
246 2233 337 2275 puto
364 2231 560 2265 Horatium
589 2230 802 2265 Ennianam
835 2231 910 2265 for-

170 2289 266 2311 mam
295 2280 521 2320 (Numquam
543 2280 674 2319 poiilor
699 2280 770 2311 nisi
791 2280 908 2320 poda-

169 2334 250 2365 ρει-ι
291 2336 386 2370 quae
424 2325 699 2370 posterioribus
734 2327 910 2370 tempori-

169 2372 239 2406 bus
266 2373 366 2416 apud
399 2373 601 2417 scriptores
627 2373 724 2407 Hist.
750 2372 845 2418 Aug.
872 2376 909 2407 et

170 2418 419 2453 Claudianum
435 2430 567 2454 rursus
577 2420 781 2464 reperitur)
796 2420 907 2454 facile

169 2469 442 2511 usurpaturum
469 2467 597 2500 fuisse.

216 2515 273 2547 54.
306 2515 362 2548 55.
404 2514 613 2556 sincerum]
658 2514 904 2557 „mundum.“

170 2561 314 2595 Senon.
326 2561 458 2603 —vas]
479 2561 714 2606 „Allegorice
733 2561 824 2595 dicit
839 2571 906 2595 vas

167 2620 235 2653 pro
263 2608 428 2643 hominis
453 2611 618 2652 pectore.
644 2609 794 2642 Aenon.
830 2608 904 2642 Cfr.

166 2655 318 2689 Lucret.
345 2657 378 2698 6,
399 2657 459 2688 17:
486 2657 674 2689 Intelleaeit
699 2658 750 2689 ibi
773 2657 905 2689 vilium

166 2712 233 2736 vas
259 2704 400 2745 efficere
420 2704 551 2745 ipsum,
580 2705 781 2744 omniaque
803 2704 905 2736 illius

167 2752 255 2783 vitio
293 2751 519 2791 corrumpier
555 2751 663 2783 inl-us.
691 2769 732 2773 w
768 2752 903 2792 Sperne

971 953 1056 996 cet.]
1084 953 1303 998 Sequuntur
1328 955 1478 999 γνῶμαι
1502 956 1708 998 breviores,

969 1001 1016 1034 ad
1035 1012 1128 1045 quas
1152 1002 1399 1046 proferendas
1417 1003 1451 1037 ei
1470 1004 1706 1038 occasionem

969 1048 1074 1082 dedit
1099 1049 1209 1083 lectio
1235 1060 1279 1083 ac
1312 1050 1506 1084 meditatio
1541 1051 1626 1093 illa,
1664 1054 1709 1085 ut

968 1094 1021 1128 ita
1054 1095 1195 1139 dicam,
1233 1098 1386 1131 moralis
1419 1098 1585 1132 Homeri.
1633 1098 1706 1132 Ae-

968 1143 1103 1176 mulari
1128 1146 1265 1187 autem,
1291 1144 1332 1177 ni
1357 1144 1481 1187 fallor,
1508 1145 1543 1179 ei
1564 1145 1706 1189 placuit

969 1190 1160 1234 elegantes
1197 1191 1238 1224 P.
1274 1191 1358 1236 Syri
1401 1193 1438 1225 et
1472 1192 1518 1226 D.
1551 1192 1704 1226 Laberii

969 1237 1176 1272 sententias
1193 1240 1453 1282 μονοστίχους
1477 1250 1546 1284 per
1571 1240 1704 1274 mimos

967 1294 1128 1328 sparsas.
1178 1285 1280 1319 Fieri
1308 1286 1459 1331 quidem
1484 1289 1705 1331 potest‚jut

967 1342 1043 1365 una
1068 1332 1231 1366 alterave
1258 1343 1304 1367 ex
1328 1332 1483 1368 Graecis
1507 1333 1630 1378 poetis
1656 1334 1706 1368 sit

966 1378 1203 1424 deprompta3
1249 1381 1423 1425 plerique
1463 1383 1589 1416 tamen
1630 1381 1705 1416 loci

966 1436 1186 1461 communes
1209 1430 1309 1470 sunt,
1334 1429 1374 1462 in
1393 1428 1532 1473 quibus
1550 1428 1597 1462 de
1620 1428 1704 1462 imi-

965 1473 1107 1508 tatione
1157 1475 1321 1520 cogitare
1374 1476 1438 1509 vix
1489 1485 1701 1519 possumus.

967 1521 1187 1566 „Voluptas,
1210 1522 1346 1567 inquit,
1363 1523 1530 1565 avaritia,
1547 1523 1703 1566 invidia,

965 1569 1164 1603 iracundia
1187 1581 1253 1604 eae
1277 1570 1462 1615 imprimis
1481 1572 1570 1604 sunt
1586 1570 1701 1604 animi

963 1617 1288 1660 perturbationes,
1323 1628 1420 1662 quae
1447 1628 1578 1652 verum
1604 1618 1700 1651 vitae

963 1663 1128 1697 fructum
1171 1665 1279 1698 nobis
1322 1666 1627 1709 corrumpunt;“'
1661 1665 1699 1698 id

964 1711 1065 1754 quod
1107 1722 1175 1755 per
1221 1711 1421 1756 imaginem
1463 1711 1700 1756 significatur

962 1768 1074 1791 versu
1101 1760 1157 1791 54.

1009 1806 1130 1838 56-61.
1156 1807 1302 1846 Semper
1326 1813 1463 1839 avarus
1490 1806 1579 1849 θοοὶ]
1608 1805 1698 1840 Hie-

960 1861 1041 1884 ron.
1075 1852 1194 1896 Epist.
1229 1854 1293 1886 53:
1330 1854 1530 1894 Antiquam
1563 1855 1699 1887 dictum

961 1901 1036 1931 est.-
1059 1900 1181 1932 Avaro
1207 1902 1284 1933 lam
1309 1901 1424 1942 deest,
1460 1901 1555 1941 quod
1579 1902 1695 1944 habet,

961 1954 1073 1986 quam
1110 1948 1206 1988 quod
1237 1955 1312 1980 ‘non
1345 1949 1463 1981 habet.
1490 1966 1533 1971 —
1559 1950 1699 1981 certum

959 1995 1043 2026 voto
1058 1997 1141 2035 pete
1160 1993 1280 2037 finem]
1309 1994 1481 2038 „modum
1506 2005 1605 2040 pone
1632 2006 1696 2029 cu-

959 2041 1109 2084 piditati
1150 2041 1207 2075 rei
1249 2041 1447 2076 familiaris
1487 2041 1696 2085 faciendae,

960 2088 1006 2121 ad
1048 2099 1160 2133 quem
1198 2088 1264 2122 ubi
1302 2089 1544 2134 perveneris,
1585 2089 1697 2134 plura

959 2146 1144 2179 quaerere
1183 2136 1314 2170 desine
1352 2137 1537 2181 bonisque
1576 2137 1694 2180 partis

958 2182 1086 2217 fruere
1112 2194 1155 2217 ac
1180 2183 1315 2217 vive!“
1353 2183 1430 2218 Cfr.
1447 2195 1482 2217 v.
1499 2185 1563 2217 46:
1592 2185 1696 2225 Quod

957 2232 1046 2263 satis
1084 2233 1133 2264 est
1171 2232 1231 2264 cui
1265 2232 1456 2274 continuit,
1494 2231 1587 2264 nihil
1617 2239 1694 2264 anz-

954 2278 1053 2318 plius
1086 2280 1193 2320 optet.
1244 2278 1318 2311 Sat.
1356 2280 1393 2320 1,
1421 2281 1460 2321 1,
1485 2279 1550 2312 92:
1583 2280 1694 2311 Deni-

958 2333 1027 2365 que
1067 2327 1113 2358 sic
1154 2326 1235 2366 finis
1276 2326 1485 2366 quaerendi.
1524 2336 1558 2358 v.
1602 2327 1692 2358 106:

956 2373 1021 2405 Est
1046 2374 1172 2405 modus
1195 2373 1237 2404 in
1259 2373 1378 2414 rebus,
1407 2374 1491 2404 sunt
1517 2373 1608 2405 certi
1631 2373 1692 2405 de·

957 2420 1065 2459 nique
1082 2420 1171 2461 fines
1190 2421 1259 2452 cet.
1293 2419 1368 2461 (Gl.
1387 2418 1476 2452 Cod.
1494 2418 1543 2451 E:
1572 2429 1692 2463 „pone

955 2477 1167 2500 mensuram
1194 2468 1258 2499 tuo
1284 2466 1508 2500 desiderio-‘⁴
1518 2466 1532 2508 )
1559 2485 1603 2490 —
1629 2468 1692 2499 In-

954 2514 1055 2547 vidia
1072 2514 1156 2555 cet.]
1177 2512 1383 2547 Menander
1400 2525 1436 2558 p.
1457 2515 1535 2546 198.
1557 2512 1691 2546 Mein..

941 2555 988 2593 (Ο
1012 2559 1052 2592 δὲ
1078 2571 1121 2593 ‘CO
1147 2556 1334 2593 κάκιστον
1351 2571 1426 2594 ‘cmv
1441 2570 1572 2592 κακῶν
1596 2570 1691 2592 παν·-

955 2618 1047 2647 των
1082 2606 1245 2666 φθόιοέ.
1293 2607 1408 2642 Isocr.
1433 2607 1552 2660 Euag.
1587 2606 1618 2650 ἓ.
1645 2609 1689 2640 6:

954 2651 976 2688 ὁ
1003 2652 1110 2695 ‹p1901
1113 2667 1166 2696 ος
1198 2657 1228 2688 ὠ
1253 2654 1367 2688 τοῦτο
1390 2650 1514 2698 μόνον
1539 2651 1691 2710 ἀγαθὸν

953 2699 1171 2759 πρόσεστιν,
1192 2693 1255 2735 ὅτι
1270 2703 1453 2745 μέγιστον
1470 2698 1593 2734 κακὸν
1609 2703 1690 2743 τοῖς

953 2745 1109 2790 ’ἔχουσίν
1134 2760 1249 2782 εστιν.
1294 2748 1450 2782 Hieron.
1475 2747 1593 2793 Epist.
1618 2748 1687 2781 45:
