1774 2930
722 155 815 190 Ans
839 153 1063 189 romeli.

1561 153 1648 194 539

254 258 429 302 Nullum
458 257 570 299 ultra
598 256 776 299 verbum
807 259 881 297 aut
911 268 1084 310 operam
1113 252 1356 295 insumebat
1384 253 1575 306 inanem,

256 328 370 377 Quin
400 328 494 370 sine
522 327 647 369 rivali
675 330 805 382 teque
836 329 880 368 et
908 328 984 367 tua
1014 324 1130 374 solus
1161 337 1341 366 amares.

254 399 335 440 Vir
363 398 500 441 bonus
530 401 575 440 et
604 396 791 452 prudens
820 409 971 438 versus
1000 393 1286 450 reprehendet
1313 394 1493 446 inertes,

1560 394 1647 434 445

257 468 458 525 Culpabit
486 467 634 520 duros,
666 466 893 522 incomptis
923 465 1083 507 adlinet
1113 469 1252 507 atrum

139 644 266 688 natos]
298 643 400 678 Duas
438 642 619 688 imagines
652 642 715 675 hic
754 652 868 686 agno-

139 701 288 726 scamus
312 700 469 725 necesse
493 692 551 724 est
572 689 740 723 diversas
766 699 868 730 sane,

139 737 205 772 sed
223 739 361 771 callida
376 739 550 770 iunctura
575 736 762 770 artissime
781 745 868 768 con-

140 784 312 825 sociatas,
326 795 402 818 non
415 786 556 818 temere
566 782 754 824 confusas,
767 782 867 816 torni

138 832 306 874 alteram,
330 831 484 865 alteram
508 829 678 871 incudis3
703 829 796 863 haec
820 828 867 862 ad

139 879 301 922 primum
325 888 502 912 versuum
526 876 867 920 componendorum

140 927 315 959 conatum
352 925 535 969 pertinet,
571 923 638 957 illa
670 923 716 957 ad
748 926 867 957 artem

138 971 290 1006 eosdem
322 971 561 1010 elaborandi,
592 981 690 1015 quae
717 970 866 1014 quidem

139 1028 231 1052 cura
253 1018 494 1063 frequentius
511 1028 596 1052 cnm
613 1017 702 1051 lima
718 1027 867 1061 compa-

139 1068 257 1099 ratur.
304 1065 383 1100 Iam
407 1064 440 1099 si
473 1075 604 1099 versus
637 1066 794 1105 tornati,
828 1064 867 1097 id

139 1114 208 1154 est,
232 1122 309 1146 non
334 1112 417 1146 sine
434 1112 551 1146 multa
573 1121 687 1156 opera
711 1122 754 1145 ac
779 1110 866 1144 dili-

138 1159 267 1204 gentia
283 1159 475 1200 elaborati,
500 1158 625 1192 iudice
641 1158 764 1202 perito
783 1169 867 1192 sua-

139 1205 252 1240 dente
277 1205 523 1240 nihilominus
541 1205 742 1239 reiiciendi
767 1209 867 1247 sunt,

139 1253 235 1286 nihil
258 1255 393 1295 restat,
417 1252 491 1286 nisi
517 1256 558 1286 ut
581 1253 707 1285 deletis
731 1252 867 1296 priori-

139 1299 211 1333 bus
236 1300 290 1342 (v.
315 1299 411 1341 440.)
442 1310 573 1334 versus
597 1309 753 1343 prorsus
778 1299 865 1332 novi

138 1349 430 1390 componantur,
456 1357 549 1391 qnos
577 1346 707 1389 utique
733 1349 866 1379 tornus

139 1393 199 1427 vel
233 1393 324 1427 lima
354 1404 504 1427 rursum
537 1397 681 1434 manet;
718 1403 793 1436 qua
826 1393 866 1425 in

140 1440 327 1474 sententia
350 1451 443 1474 usus
476 1443 535 1474 est
564 1440 727 1483 imagine
760 1439 867 1472 incu-

139 1485 211 1529 dis,
235 1487 298 1520 cui
322 1488 422 1520 alia
446 1486 588 1520 metalli
613 1496 734 1520 massa
750 1485 867 1529 impo-

140 1536 274 1575 natur3
297 1534 454 1567 verbum
471 1535 625 1567 reddere
650 1536 772 1566 autem
798 1543 866 1566 suo

140 1580 224 1614 iure
256 1591 439 1624 usurpare
471 1582 636 1623 poterat,
670 1590 755 1613 cum
781 1580 867 1613 novi

140 1626 181 1660 hi
205 1637 337 1660 versus
361 1627 553 1670 prioribus
579 1626 868 1660 substituantur.

142 1672 228 1716 (Sic
259 1673 373 1707 tertia
404 1674 513 1718 quasi
546 1674 640 1707 haec
664 1676 723 1706 est
746 1674 867 1718 imago

141 1730 226 1753 eum
242 1720 435 1764 prioribus
452 1720 598 1765 duabus
616 1720 772 1761 iuncta.)
799 1719 867 1754 Ce-

141 1770 264 1800 terum
289 1769 449 1811 utraque
465 1767 534 1801 illa
557 1767 774 1810 metaphora
795 1767 869 1800 fre—

141 1813 869 1858 quensesuversumnumerosumAnti-

140 1863 247 1904 pater
289 1860 456 1894 Thessal.
496 1861 647 1894 Anthol.
683 1861 801 1894 Palat.
838 1860 867 1894 Ι.

141 1918 177 1962 p.
202 1909 283 1960 427.
307 1909 442 1947 στίχον
457 1907 642 1953 Πιερίδων
659 1905 869 1947 χαλκευτὸν

141 1953 200 1986 ἐπ’
216 1949 384 1997 ἅκμοσιν
400 1954 506 1988 dixit.
530 1954 686 1988 Ovidius
704 1954 816 1988 Trist
838 1957 867 1995 l,

143 2003 177 2042 7,
201 2002 258 2034 29.
290 2000 337 2035 de
360 2001 709 2044 Metamorphoseon
736 2011 868 2044 opere:

89 2070 92 2071 γ
141 2026 316 2081 A’blalum
338 2049 464 2081 mediis
489 2056 580 2088 opus
605 2050 655 2080 est
679 2048 870 2080 incudibus

142 2095 247 2136 illua,
271 2096 396 2136 Defuit
415 2097 447 2127 et
470 2095 615 2135 scriptis
632 2095 764 2127 ultima
782 2095 870 2127 lima

142 2142 240 2174 meis.
265 2141 370 2175 Plato
388 2140 547 2174 Phaedr.
573 2152 607 2184 p.
628 2142 706 2173 234.
723 2141 773 2173 E:
799 2151 870 2173 σα-

143 2187 202 2230 φῆ
213 2189 280 2220 καὶ
293 2184 508 2241 στρογγύλα
519 2189 585 2219 καὶ
596 2182 799 2241 ἀκριβῶς’
780 2198 870 2220 εκα-

143 2245 218 2267 σῐα
253 2234 327 2267 τῶν
362 2244 565 2276 Ονοααΐων
597 2232 870 2281 ἀπθϊέἴθρνέυ-

142 2291 216 2314 ται.
241 2281 409 2324 Propert.
427 2265 460 2322 3,
483 2282 540 2323 32,
564 2283 630 2314 43.
656 2283 871 2323 Incipeiam

145 2330 435 2369 anausim-ersus
441 2329 628 2372 includere
642 2330 758 2361 torno.
774 2328 869 2362 Gell.

145 2377 179 2416 9,
196 2376 230 2416 8,
247 2377 287 2407 4:
312 2375 492 2407 sementia
515 2376 720 2408 decernam.
746 2374 870 2420 Guye-

146 2423 206 2454 tus
231 2424 269 2454 et
292 2420 506 2462 Bentleius,
536 2421 648 2455 falsas
675 2431 758 2455 cnm
784 2432 871 2456 con-

144 2468 309 2502 iecturas
349 2467 623 2512 excogitarent,
663 2479 739 2502 non
781 2469 872 2503 satis

145 2514 389 2548 attenderunt
412 2515 460 2547 ad
491 2525 524 2548 v.
548 2515 646 2548 illud
675 2515 871 2559 proprium

146 2562 283 2603 delere,
298 2571 384 2605 ,quo
408 2563 537 2604 poeta,
568 2572 615 2595 ne
640 2561 872 2595 diversarum

146 2608 350 2652 imaginum
391 2608 554 2642 oriretur
594 2608 786 2650 confusio,
826 2608 872 2642 de

147 2665 223 2699 qua
246 2655 304 2688 illi
330 2655 527 2699 conquesti
546 2658 645 2695 sunt,
671 2655 762 2689 satis
786 2666 872 2699 pro-

147 2701 252 2735 vidit.
276 2701 354 2735 Iam
370 2701 543 2736 Britanni
569 2702 787 2736 coniectura
808 2711 875 2735 na-

918 644 972 674 los
998 640 1229 686 significaret
1245 651 1322 674 rem
1339 649 1495 684 prorsus
1512 639 1648 673 fortui-

917 691 1004 730 tam,
1028 691 1066 721 et
1090 690 1146 721 ter
1169 689 1276 720 natos
1301 687 1391 721 satis
1416 686 1647 720 inconcinne

918 734 1059 768 dictum
1076 734 1235 767 videtur.
1254 734 1440 778 Perquam
1458 744 1546 767 vero
1565 734 1646 767 lan-

917 785 1006 827 guet
1038 781 1324 825 pedestremque
1356 780 1563 814 orationem
1589 781 1646 814 ni·

916 828 986 863 mis
1012 828 1157 862 redolet
1182 827 1318 872 Guyeti
1343 828 1537 869 formatos,
1570 838 1647 872 quo

916 876 1030 909 verbo
1049 876 1080 909 si
1097 875 1277 909 Horatius
1295 885 1388 908 usus
1406 877 1517 915 esset,
1535 885 1647 909 nemo

917 933 1083 967 unquam
1101 922 1140 955 in
1160 924 1323 955 tornatos
1339 924 1532 955 mutasset.
1559 921 1646 964 (Co-

915 970 1021 1013 piose
1058 972 1183 1002 autem
1216 968 1292 1002 Fea
1325 968 1502 1002 refutavit
1532 968 1648 1002 Bent-

916 1017 1028 1050 leium
1055 1015 1344 1050 contendentem
1367 1018 1513 1048 tornum
1537 1019 1574 1049 et
1588 1017 1649 1048 in·

915 1065 1041 1096 eudem
1058 1073 1140 1097 esse
1158 1073 1218 1096 res
1235 1062 1414 1104 diversas,
1439 1073 1536 1106 quae
1555 1073 1646 1097 con-

915 1110 1020 1155 iungi
1046 1120 1122 1144 non
1140 1110 1305 1154 possint3
1331 1120 1455 1154 neque
1480 1120 1568 1143 vero
1586 1110 1648 1144 vel

915 1168 1034 1190 unum
1059 1157 1159 1201 apud
1184 1160 1331 1190 veteres
1362 1157 1565 1200 scriptores
1589 1157 1645 1191 lo-

917 1214 999 1237 cum
1027 1208 1193 1245 exstare,
1219 1214 1295 1247 quo
1329 1207 1455 1236 toruus
1483 1204 1647 1238 metallis

916 1250 1155 1284 elaborandis
1180 1250 1413 1284 adhibeatur.
1438 1250 1514 1284 Fea
1538 1251 1650 1292 affert

915 1298 1137 1338 Vitruv.10,
1165 1299 1226 1331 12:
1252 1299 1396 1330 Emboli
1418 1299 1575 1330 masculi
1599 1306 1649 1331 ex

914 1354 1019 1386 aere,
1045 1347 1151 1377 torno
1173 1345 1298 1386 politi,
1332 1347 1370 1377 et
1393 1344 1647 1378 instrumenta

915 1391 1092 1437 antiqua,
1118 1391 1165 1425 ab
1189 1392 1271 1435 ipso
1296 1391 1437 1425 Romae
1462 1391 1569 1433 visa.)
1596 1410 1639 1416 -

914 1436 1073 1481 versere]
1098 1439 1144 1472 ab
1172 1449 1233 1480 eo,
1258 1437 1360 1482 quod
1384 1438 1560 1473 dicebant
1582 1440 1645 1472 su·-

917 1487 992 1518 lum
1016 1486 1177 1528 vertere]
1212 1488 1380 1527 „mutare
1413 1488 1451 1519 et
1479 1485 1644 1530 corrige-

915 1534 992 1566 re.“
1020 1551 1064 1555 —
1092 1534 1190 1573 Quin
1206 1551 1221 1558 ·
1240 1551 1255 1558 -
1274 1532 1441 1574 amares]
1474 1532 1647 1566 Pendent

915 1579 1008 1612 haec
1033 1590 1079 1613 ex
1105 1580 1257 1612 notione
1281 1579 1522 1623 prohibendi,
1548 1590 1645 1624 quae

915 1626 1015 1660 inest
1038 1626 1079 1659 in
1112 1626 1236 1659 verbis
1261 1627 1415 1660 Nullum
1438 1627 1540 1659 ultra
1564 1635 1647 1660 ver-

917 1675 1000 1706 bum
1016 1676 1081 1706 aut
1099 1676 1169 1706 cet.
1188 1672 1262 1706 Sat-
1276 1675 1309 1714 2,
1328 1675 1361 1715 3,
1378 1675 1443 1706 42:
1461 1674 1514 1706 nil
1531 1674 1644 1715 verbi,

914 1729 1045 1760 pereas
1061 1722 1151 1760 quin
1167 1722 1322 1761 sortiter,
1340 1722 1487 1754 addam.
1507 1739 1550 1743 —-
1566 1722 1652 1754 sine

916 1767 1049 1809 rivali]
1083 1766 1210 1808 „Sane
1243 1767 1332 1811 quia
1362 1768 1481 1801 malos
1514 1777 1652 1802 versus

918 1814 1173 1858 composuisti,
1187 1824 1294 1847 nemo
1308 1814 1436 1848 rivalis
1450 1817 1538 1848 tuus
1553 1824 1652 1857 esse,

915 1863 1040 1894 tecum
1067 1860 1297 1895 contendere
1314 1861 1431 1902 volet3
1457 1861 1564 1895 vanis
1581 1872 1654 1895 au·-

917 1910 991 1941 tem
1015 1908 1230 1941 hominibus
1262 1908 1387 1951 placet
1411 1909 1494 1942 sine
1519 1918 1647 1942 aemu-

917 1955 964 1988 lis
990 1956 1106 1988 esse.“
1143 1955 1220 1988 Cfr.
1248 1954 1324 1988 Cic.
1349 1955 1396 1989 ad
1421 1955 1464 1994 Q.
1489 1955 1645 1989 fratrem

918 2003 951 2042 3,
969 2003 1003 2042 8,
1019 2004 1060 2034 4:
1089 2003 1119 2034 O
1141 2003 1204 2043 dii,
1228 2010 1339 2041 quam
1354 2003 1509 2043 ineptus,
1536 2011 1654 2041 quam*

916 2057 954 2080 se
978 2049 1055 2088 ipse
1079 2057 1208 2081 amans
1232 2050 1310 2081 sinc
1333 2050 1456 2081 mali.

965 2097 1163 2128 445—452.
1195 2095 1347 2137 inertes]
1376 2096 1481 2135 „sine
1506 2098 1585 2128 arte
1610 2099 1649 2130 et

917 2141 1097 2185 gravitate
1113 2141 1264 2175 factos.“
1290 2141 1419 2174 Coun.
1437 2141 1558 2180 CRUQ.
1574 2142 1647 2176 Im-

917 2188 1048 2232 primis
1075 2188 1263 2233 significat
1288 2189 1447 2229 otiosos,
1472 2189 1568 2222 nihil
1593 2189 1647 2223 di-

919 2238 1067 2276 centes,
1100 2235 1201 2279 quod
1233 2238 1459 2280 magnopere
1491 2235 1539 2269 ad
1569 2246 1647 2270 rem

917 2282 1043 2323 faciat,
1068 2284 1136 2315 die
1161 2283 1378 2315 Leerheit.
1403 2282 1511 2316 Voss.
1530 2285 1650 2316 —in-

918 2329 1089 2371 comptis]
1125 2329 1272 2370 „minus
1301 2329 1534 2384 elegantibus
1561 2340 1649 2374 pro-

918 2379 1001 2420 pter
1026 2376 1140 2410 verba
1172 2376 1330 2409 humilia
1355 2378 1392 2410 et
1415 2372 1557 2423 ἄκυρα,
1589 2378 1649 2410 in-

918 2422 1064 2456 terdum
1090 2423 1149 2456 vel
1182 2425 1335 2467 propter
1367 2434 1499 2456 sonum
1524 2425 1649 2468 ingra»

919 2472 1010 2502 tum.
1016 2470 1033 2487 ‘⁶
1049 2489 1093 2492 —
1106 2471 1296 2511 incomptis
1315 2470 1435 2512 cet.]„
1441 2470 1549 2503 obelo
1567 2481 1649 2503 ver-

920 2526 986 2550 sus
1010 2516 1119 2550 initio
1145 2517 1315 2560 apposito
1343 2517 1397 2558 (id
1424 2517 1523 2560 quod
1549 2517 1650 2550 inest

920 2561 959 2595 in
986 2573 1019 2595 v.
1038 2563 1175 2596 adlinet
1201 2564 1507 2604 anstreichen)
1534 2563 1652 2607 signi-

920 2609 1048 2643 ficabit
1061 2620 1208 2643 versum
1229 2620 1312 2643 esse
1330 2609 1565 2643 delendum.“
1585 2609 1649 2643 Di·

922 2656 974 2689 cit
1010 2660 1134 2690 autem
1167 2659 1290 2689 atrum
1322 2656 1457 2689 festiva
1489 2656 1649 2701 dilogia3

922 2713 1008 2736 nam
1033 2706 1071 2736 et
1095 2703 1221 2736 colore
1246 2705 1369 2735 aarum
1395 2706 1475 2736 erat
1500 2703 1651 2747 signum
