1786 2912
189 148 244 189 70

685 147 893 184 HORATII
919 149 1204 184 SATIRARUM

305 247 409 291 Bari
438 250 609 292 moenia
638 250 820 306 piscosi3
853 250 953 292 dein
985 249 1143 292 Gnatia
1171 250 1382 308 Lymphis

305 320 432 362 hatis
465 325 684 363 exstructa
714 321 833 363 dedit
863 321 1062 377 risusque
1091 322 1313 378 iocosque,

305 390 422 433 Dum
451 392 624 434 flamma
654 392 748 434 sine
779 391 907 434 thura
936 392 1175 448 liquescere
1206 393 1354 436 limine
1386 408 1506 436 sacro

304 461 573 521 Persuadere
606 463 735 519 cupit.
770 462 929 505 Credat
958 463 1142 505 Iudaeus
1174 463 1351 520 Apella,

1625 466 1713 507 100

305 532 403 576 Non
434 548 533 590 ego:
566 548 751 590 namque
783 533 886 576 deos
919 534 1047 576 didici
1081 548 1279 577 securum
1310 550 1438 591 agere
1470 550 1643 590 aevum,

305 604 418 659 Nec,
453 605 489 646 si
521 605 622 661 quid
653 605 751 646 miri
783 605 912 647 faciat
941 609 1112 659 natura,
1145 606 1247 648 deos
1279 606 1323 648 id

308 675 474 718 Tristes
508 690 563 718 ex
595 676 681 718 alto
714 676 821 718 caeli
853 675 1078 718 demittere
1109 681 1236 719 tecto.

303 745 583 789 Brundisium
613 747 768 802 longae
799 747 896 788 finis
928 747 1187 804 chartaeque
1219 748 1400 804 viaeque
1433 752 1511 790 est.

285 872 363 905 100.
389 872 516 913 apella
538 871 577 905 F.
603 891 648 895 --
677 873 755 905 103.
783 863 916 912 lempld
943 870 1151 905 Wakefield
1177 872 1259 906 sine
1286 872 1365 906 ulla
1390 882 1512 906 causa.

191 973 229 1013 1,
264 973 321 1005 97.
371 971 434 1005 Sic
468 972 579 1005 etiam
614 971 705 1005 Stat.
742 971 857 1004 Theb.
896 974 924 1013 1,

191 1019 271 1052 185.
299 1038 341 1042 —
370 1019 639 1062 Bari-piscosi]
664 1019 832 1060 Barium,
858 1018 924 1052 ho-

189 1065 251 1099 die
284 1067 396 1108 Bari,
431 1066 612 1110 oppidum
642 1066 804 1110 Apuliae
829 1066 926 1098 Peu-

189 1113 322 1156 cetiae,
347 1113 394 1147 ad
420 1124 521 1147 mare
541 1114 666 1155 situm,
693 1124 714 1147 a
730 1113 851 1146 Rubis
870 1113 925 1146 di-

189 1160 312 1194 stabat
351 1160 470 1194 XXII.
508 1160 557 1194 M.
595 1161 637 1194 P.
700 1160 926 1194 Etiamnunc

188 1208 304 1242 huius
330 1208 460 1252 oppidi
494 1208 646 1242 incolae
670 1209 844 1252 plerique
870 1208 926 1251 pi-

190 1258 354 1289 scatores
379 1258 479 1289 sunt.
506 1255 682 1298 (Walck.)
703 1275 745 1279 —
773 1254 925 1297 Gnatia]

188 1302 310 1336 forma
346 1303 542 1347 popularis
579 1314 649 1346 pro
687 1304 866 1344 Eqnalia,
905 1313 926 1336 a

189 1349 302 1383 Bario
350 1350 494 1384 distans
544 1349 734 1383 XXXVII.
783 1349 831 1382 M.
872 1349 926 1389 P..

191 1397 301 1431 hodie
326 1399 536 1439 Monopoli,
571 1401 614 1431 ut
648 1397 702 1431 ait
724 1397 927 1430 Romanel-

192 1444 286 1486 lius,
338 1448 379 1478 ut
419 1444 691 1486 Walckenaer,
742 1446 850 1477 Torre
891 1445 925 1477 α’

190 1493 346 1525 Anazzo.
405 1492 622 1525 Secundum
671 1492 765 1525 alios
815 1491 926 1525 hodie

191 1539 407 1583 appellatur
432 1541 590 1572 Fasano.
619 1538 795 1572 Ceterum
814 1539 926 1572 GNA-

191 1588 271 1620 TIA
306 1588 462 1620 vocatur
497 1586 610 1620 etiam
643 1586 682 1619 in
708 1585 847 1619 lusci-r.
874 1586 925 1619 ibi

192 1633 348 1668 effossis.
381 1633 527 1668 Mansio
554 1634 646 1667 haec
672 1634 770 1666 inter
797 1643 925 1666 omnes

190 1692 259 1725 per
285 1683 356 1715 hoc
389 1682 465 1715 iter
498 1683 721 1715 memoratas
754 1690 776 1713 a
800 1680 924 1724 profe-

192 1728 328 1762 ctionis
369 1729 451 1762 loco
499 1728 657 1762 maxime
698 1727 831 1769 distat3
877 1727 924 1761 ad

193 1787 273 1809 eam
308 1779 431 1810 tamen
470 1771 692 1810 accbleratis
729 1774 924 1818 aliquanto

194 1823 298 1857 cisiis
324 1834 400 1857 uno
427 1823 488 1856 die
506 1822 706 1868 pervenire
731 1824 924 1866 poterant,

193 1871 267 1904 nisi
301 1870 399 1905 forte
433 1871 544 1904 aliam
578 1870 676 1903 inter
701 1869 853 1903 Barium
888 1871 926 1902 et

192 1917 388 1963 Egnatiam
453 1917 606 1952 silentio
672 1915 927 1964 praetermisit

192 1967 321 2009 poeta,
360 1967 488 2009 utpote
528 1976 624 2010 quae
660 1964 756 1997 nihil
789 1974 926 1997 memo-

193 2015 277 2046 ratu
304 2012 409 2057 digni
442 2012 647 2046 habuisset.
699 2011 778 2053 (Ab
804 2011 926 2055 Egna-

193 2061 246 2093 tia
271 2062 396 2093 autem
431 2059 638 2104 incipiebat
669 2059 729 2092 via
754 2058 925 2103 Egnatia.

193 2106 354 2150 Walck.)
375 2127 419 2131 ——
438 2106 621 2149 Lymphis]
647 2106 767 2140 forma
791 2105 927 2139 Latina

192 2165 261 2198 pro
294 2154 495 2199 Nymphis3
533 2155 603 2188 hae
636 2153 797 2187 fontium
834 2152 925 2186 deae

192 2205 449 2235 memorantur
475 2202 585 2236 etiam
612 2201 651 2234 in
668 2200 860 2244 Inscriptt.
877 2211 925 2233 m.

194 2248 275 2282 Lat.
314 2249 356 2282 N.
399 2251 500 2282 1637.
542 2251 643 2282 1639.
682 2268 722 2272 —
758 2249 926 2288 risusque

194 2296 375 2338 iocosque]
396 2296 469 2330 Cfr.
488 2296 630 2329 Lucilii
646 2295 706 2329 Fr.
724 2296 765 2328 in
783 2294 925 2328 Excur-

195 2353 258 2376 su:
300 2344 398 2375 ludu’
431 2345 614 2383 ineasque.
664 2343 773 2376 Iocus
808 2343 846 2375 in
882 2352 926 2375 eo

194 2390 430 2430 vertebatur,
469 2390 590 2434 quod,
629 2400 713 2423 cum
749 2389 925 2434 oppidum

194 2437 413 2471 detestabile
439 2448 537 2481 aqua
561 2437 641 2482 iugi
668 2440 833 2479 careret,
865 2447 926 2470 va-

195 2495 245 2519 no
270 2488 394 2519 tamen
420 2484 603 2518 miraculo
630 2484 818 2528 gaudebat
850 2484 927 2529 glo-

196 2531 452 2576 riabaturque.
472 2551 515 2554 —
542 2533 690 2572 flamma
714 2532 804 2574 sine]
830 2532 927 2564 Plin.

174 2579 240 2613 .H.
266 2578 309 2612 N.
336 2581 369 2622 2,
396 2581 482 2612 111:
517 2581 564 2611 In
586 2579 773 2612 salentino
798 2580 928 2620 oppido

196 2628 357 2667 Eqnatia
393 2627 558 2667 imposito
595 2627 693 2666 liquo
726 2627 766 2657 iu
796 2634 930 2660 samum

198 2675 382 2713 quoddam
407 2675 459 2706 ibi
473 2681 622 2706 sacrum
637 2674 807 2713 protinus
826 2674 929 2714 llam-

195 2728 295 2752 mam
322 2722 491 2754 exsistere
518 2720 723 2764 (reperitur
747 2719 847 2763 apud
866 2731 929 2754 au-

976 972 1133 1014 ctores).
1167 971 1334 1006 Oriolius
1359 975 1477 1016 putat,
1501 973 1572 1006 hoc
1597 973 1711 1006 mira-

975 1020 1102 1052 culum
1130 1018 1230 1052 effici
1257 1019 1426 1063 potuisse
1452 1019 1615 1054 umbone
1640 1020 1710 1053 ali·
1765 1055 1775 1063 .

975 1077 1049 1110 quo
1075 1066 1200 1100 ferreo
1219 1077 1335 1111 supra
1360 1077 1490 1100 saxum
1513 1077 1713 1111 suspenso,

977 1113 1042 1157 qui
1070 1116 1172 1146 certa
1197 1114 1292 1147 hora
1324 1114 1416 1148 solis
1442 1113 1558 1148 radiis
1584 1116 1713 1148 taetus<

975 1161 1117 1204 speculi
1153 1161 1312 1194 caustici
1345 1161 1426 1195 vice
1461 1162 1615 1195 functus
1647 1161 1708 1195 sit.

974 1208 1097 1241 Aliam
1153 1208 1442 1252 explicationem
1498 1209 1709 1243 naturalem

975 1255 1059 1288 vide
1092 1255 1191 1299 apud
1224 1255 1479 1289 wielandum.
1530 1255 1709 1289 Ceterum

975 1302 1136 1336 similem
1158 1303 1323 1337 fabulam
1348 1306 1479 1337 narrat
1494 1303 1656 1337 Pausan.
1675 1305 1709 1345 1,

979 1352 1032 1390 16,
1053 1352 1084 1382 1.
1102 1349 1159 1383 De
1175 1349 1457 1394 praepositione
1475 1350 1619 1384 nomini
1638 1360 1708 1387 suo

975 1397 1184 1441 postposita
1208 1397 1305 1431 conf.
1333 1397 1406 1431 Sat.
1434 1400 1466 1439 1,
1491 1399 1525 1439 3,
1551 1398 1607 1430 68.

1027 1446 1193 1478 100-104.
1219 1446 1379 1478 Iudaeus
1395 1444 1540 1487 Apella]
1557 1455 1635 1478 non
1653 1447 1710 1478 est

978 1502 1135 1533 „nomen
1170 1492 1299 1526 fictum
1324 1502 1346 1525 a
1371 1491 1522 1526 defectu
1546 1501 1708 1536 praepu-

976 1539 1054 1580 tii“,
1079 1542 1122 1572 ut
1147 1541 1280 1573 volunt
1305 1538 1551 1572 Scholiastae.
1591 1538 1709 1573 Recte

975 1586 1190 1619 Bentleius:
1207 1585 1358 1628 „Iudaei
1372 1585 1592 1620 habitabant
1604 1589 1708 1620 trans

977 1633 1162 1675 Tiberim,
1197 1636 1235 1666 et
1258 1633 1376 1666 multo
1401 1633 1599 1666 maximam
1622 1644 1708 1677 par-

975 1682 1049 1713 tem
1068 1682 1176 1713 erant
1188 1680 1372 1722 libertini,
1390 1682 1434 1713 ut
1445 1680 1585 1714 fatetur
1597 1679 1708 1715 Philo

974 1727 1011 1760 in
1039 1727 1227 1771 legatione
1251 1727 1298 1761 ad
1316 1726 1464 1761 Gaium.
1490 1728 1625 1768 Apella
1641 1738 1709 1762 au-

973 1777 1047 1808 tem
1074 1774 1337 1808 libertinorum
1363 1776 1420 1808 est
1443 1785 1592 1816 nomen,
1617 1775 1708 1808 satis

973 1821 1154 1865 frequens
1173 1822 1211 1855 in
1230 1822 1423 1866 Inscriptt.
1441 1821 1611 1856 vetustis.
1630 1821 1708 1856 Cic.

973 1869 1020 1902 ad
1044 1869 1145 1902 Fam.
1170 1871 1203 1911 7,
1220 1870 1284 1902 25:
1310 1870 1365 1903 Ne
1390 1869 1544 1910 Apellae
1561 1870 1710 1910 ,quidem

977 1917 1103 1949 liberto
1130 1919 1191 1949 luo
1217 1917 1368 1950 disceris.
1418 1916 1550 1961 Itaque
1577 1917 1709 1950 credat

975 1965 1135 1997 Iudaeus
1169 1965 1319 2006 Apella,
1359 1963 1467 2007 quasi
1500 1966 1542 1997 tu
1580 1963 1707 1997 dicas:

975 2011 1103 2044 credat
1145 2010 1429 2054 superstitiosus
1471 2010 1610 2055 aliquis
1646 2010 1709 2044 Iu-

975 2058 1091 2092 daeus
1127 2058 1469 2092 Transtiberinus.“
1497 2077 1541 2081 —
1574 2057 1708 2100 didici]

975 2105 1021 2139 ab
1040 2106 1219 2150 Epicuro.
1245 2105 1416 2149 Respicit
1436 2104 1709 2139 Lucretianum

976 2153 1071 2186 illud
1089 2155 1122 2195 5,
1141 2155 1196 2186 83.
1223 2156 1260 2186 et
1278 2155 1311 2195 6,
1337 2154 1402 2186 58:
1428 2153 1524 2186 Nam
1541 2154 1627 2186 bene
1645 2154 1709 2193 qui

975 2202 1130 2234 didicere
1147 2202 1231 2233 deos
1247 2208 1414 2233 securum
1439 2208 1549 2241 aqere
1566 2208 1707 2233 aevum.

974 2266 1021 2272 »α
1039 2248 1186 2290 Tristes]
1214 2247 1351 2289 „iratos
1369 2249 1482 2291 atque
1506 2246 1706 2281 minaces.“

976 2295 1168 2328 Tristitiae
1195 2297 1320 2328 autem
1343 2293 1500 2327 deorum
1524 2293 1709 2327 miracula

975 2342 1091 2376 tribui
1107 2342 1261 2376 minime
1278 2343 1447 2385 possunt,
1466 2341 1644 2385 quoniam
1661 2351 1709 2374 ex
1777 2339 1786 2342 ”

976 2389 1132 2433 Epicuri
1151 2388 1322 2422 doctrina
1339 2387 1448 2421 nulla
1463 2398 1591 2421 rerum
1608 2399 1708 2422 mor-

977 2437 1107 2470 talium
1134 2447 1198 2470 eos
1225 2446 1316 2469 cura
1340 2434 1471 2480 tangit.
1497 2434 1648 2469 Lucret.
1674 2438 1709 2477 6,

977 2486 1040 2518 71:
1067 2493 1152 2526 non,
1177 2492 1246 2524 quo
1271 2483 1407 2515 violari
1430 2490 1576 2516 summa
1600 2483 1708 2515 deum

975 2532 1027 2564 vis
1054 2532 1186 2571 Possit,
1211 2533 1251 2563 ut
1276 2538 1322 2563 ex
1343 2530 1404 2562 ‘ira
1426 2538 1564 2570 poenas
1585 2531 1708 2571 petere

976 2580 1126 2611 imbibat
1143 2586 1256 2611 acres.
1271 2596 1314 2600 —
1333 2576 1546 2619 caeli-tecto]
1563 2579 1606 2609 ut
1622 2575 1707 2610 Val.

977 2625 1098 2659 Flacc.
1118 2627 1152 2667 5,
1175 2627 1262 2658 623:
1289 2625 1379 2658 citus
1403 2625 1452 2657 ad
1474 2624 1608 2657 summi
1622 2624 1709 2656 stel-

981 2674 1097 2706 lantia
1119 2674 1240 2713 patris
1258 2672 1365 2705 Tecta
1434 2671 1467 2704 'l.
1486 2689 1528 2694 —
1547 2670 1710 2704 Brundi-

978 2719 1087 2761 sium]
1112 2719 1223 2753 hodie
1248 2719 1422 2760 Brindisi,
1447 2717 1626 2762 oppidum
1644 2716 1709 2750 Sa-
