1774 2930
676 133 772 168 m.
793 133 844 168 Π.
893 132 996 168 ΒΑΤ.
1019 131 1089 166 m.

235 231 320 275 Dic
348 230 511 288 aliquid
540 230 716 286 dignum
745 228 990 285 promissis:
1022 227 1179 284 incipe.

1519 142 1525 148 ·
1551 132 1634 174 157

1237 226 1312 269 Nil
1342 230 1423 270 est.

237 302 478 359 culpantur
506 301 665 343 frustra
693 299 865 353 calami,
895 298 1219 354 immeritusque
1247 297 1415 340 laborat

236 373 361 416 Iratis
393 375 521 415 natus
550 371 693 428 paries
726 370 792 412 dis
822 374 952 426 atque
980 369 1135 426 poetis.

144 479 149 486 ,
180 454 182 456 ’
239 443 375 500 Atqui
402 443 544 486 voltus
575 446 667 485 erat
694 441 829 483 multa
858 444 903 483 et
931 440 1153 496 praeclara
1179 439 1402 492 minantis,

238 514 286 557 Si
314 527 496 557 vacuum
524 512 672 569 tepido
702 511 887 568 cepisset
912 511 1062 554 villula
1090 513 1219 553 tecto.

1580 509 1636 550 10

237 583 451 633 Quorsum
478 583 688 640 pertinuit
716 583 877 639 stipare
905 580 1090 624 Platona
1117 580 1373 635 Menandm,

218 715 275 749 10.
302 715 392 748 lecto
415 713 540 750 Bentl.
565 713 743 758 suspicio.

122 825 196 853 νια,
222 813 510 861 celebrabantur
526 823 550 847 a
565 811 627 846 die
642 811 743 845 XVI.
768 809 851 844 Kal.

119 860 198 895 Ian.
235 861 286 903 (d.
313 862 369 895 17.
399 871 448 894 ιιι.
478 859 691 901 Decembr.)
728 869 852 903 usque

121 907 168 942 ad
190 907 293 942 XIV.
320 907 404 942 Kal.
439 907 519 942 Ian.
557 907 598 940 in
635 906 852 940 memoriam

119 954 267 1000 priseae
290 954 486 989 hominum
501 955 612 996 vitae,
637 953 702 987 ubi
722 963 851 987 omnes

119 1000 252 1041 liberi,
293 1011 422 1036 omnes
459 1001 560 1035 inter
597 1011 637 1035 se
674 1001 852 1045 aequales

118 1047 291 1091 fuerant3
314 1049 495 1083 continuo
512 1047 629 1093 igitur
647 1047 852 1092 epulaban-

119 1097 203 1137 tur,
236 1095 440 1138 ludebant,
468 1095 568 1129 dona
592 1095 666 1129 sibi
691 1095 852 1128 invicem

118 1142 338 1185 mittebant,
369 1142 515 1177 domini
539 1143 677 1183 servis,
710 1141 852 1186 quibus

120 1192 213 1224 tunc
233 1190 389 1225 libertas
406 1189 559 1224 dicendi
576 1199 757 1223 concessa
773 1192 853 1223 erat

120 1235 212 1279 (Sat.
237 1238 273 1279 2,
297 1238 331 1279 7,
354 1237 426 1279 4.),
457 1237 532 1270 ioci
557 1247 671 1270 causa
694 1247 853 1281 appare-

120 1284 214 1318 bant
251 1283 300 1317 ad
338 1294 499 1318 mensas.
546 1282 690 1327 Lepide
732 1286 852 1316 totum

120 1329 218 1364 illud
241 1330 425 1364 sollemne
455 1330 638 1364 describit
660 1330 853 1364 Lucianus

120 1377 163 1410 in
189 1375 455 1411 Saturnalibus
481 1379 522 1410 2:
548 1378 670 1409 πίνειν
693 1378 761 1409 καὶ
783 1387 854 1419 με-

123 1419 231 1456 θύειν
246 1425 315 1456 καὶ
328 1423 430 1480 βοᾶν
446 1425 512 1456 καὶ
536 1425 680 1465 παίζειν
696 1425 762 1456 καὶ
785 1435 854 1456 κυ-

122 1467 251 1509 βεύειν
273 1471 340 1504 καὶ
370 1457 562 1525 ἄρχοντας
592 1470 854 1504 καθίστασθαι

121 1518 191 1552 καὶ
210 1515 303 1572 τοὺς
324 1518 476 1559 οἰκέτας
506 1515 665 1558 εὐωχεῖν
694 1519 762 1551 καὶ
785 1530 855 1562 γυ-

121 1561 221 1607 μνὸν
228 1560 572 1621 &summaer
590 1562 853 1612 ὑποτρέμοντα

122 1629 181 1652 --,
206 1611 327 1645 ταῦτα
340 1611 493 1653 ἐφειταί
514 1623 585 1656 ,upa
609 1616 741 1646 ποιεῖν.
767 1612 850 1652 Quo

121 1657 171 1692 de
194 1659 355 1704 strepitu
379 1659 525 1693 Seneca
546 1658 666 1703 Epist.
693 1660 852 1693 18:112-

121 1707 261 1739 cember
284 1708 337 1740 est
357 1708 503 1749 nensis,
527 1714 609 1740 eum
624 1708 785 1740 maxime
801 1708 852 1740 σι·-

120 1753 215 1786 vim
229 1754 395 1787 dmm.
419 1755 486 1787 lus
513 1754 685 1787 lucrm-iae
706 1755 850 1795 publice

121 1800 250 1833 datan
265 1803 327 1834 est.
352 1802 498 1842 Inventi
514 1803 701 1842 apparatu
719 1803 851 1834 sonant

122 1848 255 1880 offla.
302 1847 352 1881 Et
375 1847 654 1889 Saturnalibus,
685 1847 851 1882 Senecae

122 1896 224 1927 certe
241 1894 485 1938 temporibus,
505 1895 709 1939 voluptatis
725 1905 851 1937 eausa,

121 1943 166 1974 ut
187 1941 242 1974 ait
265 1941 416 1982 ibidem,
439 1944 563 1986 togam
588 1942 786 1975 exuebant.
805 1961 849 1966 -

123 1987 207 2029 huc]
233 1988 295 2029 „in
310 1988 440 2022 villam
455 1991 559 2022 tuam
576 1987 786 2022 Sabinam-‘⁴
805 2008 850 2013 —

122 2034 270 2067 sobrius
287 2034 373 2077 cet]
398 2035 481 2069 Hoc
504 2035 615 2068 dicit:
640 2035 759 2080 ,Cum
783 2036 851 2080 qui

123 2079 165 2113 in
180 2079 276 2114 urbe
287 2081 421 2114 vivunt
435 2092 539 2115 nunc
557 2061 797 2116 luxurientur
814 2086 853 2116 et

122 2126 347 2172 plerumque
364 2128 461 2162 ebrii
478 2129 564 2169 sint,
588 2129 688 2162 tuin
705 2130 775 2163 hac
793 2140 853 2163 so-

122 2173 284 2208 litudine
310 2175 460 2209 sobrius
488 2185 646 2209 manens
670 2175 753 2209 dic“
781 2178 851 2209 cet.

169 2222 290 2255 6-10.
326 2223 476 2263 dianam
497 2222 705 2264 promissis]
741 2222 785 2255 Α.
810 2222 851 2256 P.

124 2269 212 2301 138:
250 2269 345 2310 Quid
367 2269 517 2310 dimum
541 2271 645 2302 tamo
676 2270 770 2310 seret
795 2270 852 2302 hic

118 2316 321 2356 promissor
343 2317 472 2349 Mate?
496 2335 541 2339 —
566 2317 631 2350 Nil
655 2315 727 2359 est]
767 2315 851 2358 „Ni-

122 2361 179 2395 hil
202 2362 370 2406 profers;
393 2363 536 2397 frustra
559 2374 583 2397 a
606 2366 643 2396 te
661 2365 852 2407 exspecta«-

122 2418 206 2443 mus
239 2410 364 2455 magni
397 2409 543 2454 aliquid
568 2412 606 2444 et
629 2410 850 2454 praeclari.“

123 2473 167 2479 —
194 2457 464 2498 mmet-itusque
489 2457 573 2500 cet]
607 2458 766 2502 „Arguit
789 2467 851 2491 eo-

123 2513 206 2536 rum
225 2503 436 2546 stultitiam,
461 2505 526 2548 qui
544 2514 628 2538 cum
650 2504 851 2538 sententia-

123 2560 207 2583 rum
222 2553 289 2584 aut
299 2550 499 2585 verborum
511 2555 695 2596 urgentur
712 2551 851 2595 inopia,

123 2596 165 2629 in
190 2597 439 2640 (innocentes)
464 2598 628 2642 parietes
654 2599 761 2643 quasi
785 2599 852 2632 mi-

123 2652 197 2676 nus
214 2645 426 2679 commodos
450 2645 702 2680 irascunturs‘
722 2645 851 2679 Con.

126 2688 245 2728 CRUQ.
271 2709 315 2715 -
345 2692 502 2734 laborat]
527 2696 712 2736 quatenus
740 2694 852 2736 poeta

901 821 986 844 eum
1024 813 1260 852 exsecratur,
1298 813 1340 843 ut
1379 805 1634 850 θεοχόλωτον,

899 859 961 892 vel
985 858 1097 892 etiam
1121 858 1260 903 pugnis
1290 857 1423 891 caedit.
1473 856 1559 890 vid.
1583 856 1632 890 ad

901 904 976 938 Sat.
1003 907 1035 947 1,
1061 907 1117 946 10,
1143 907 1200 939 71.
1218 923 1261 928 -
1288 906 1402 938 Italis
1427 903 1634 947 natus-dis]

901 951 1093 986 Comicum
1126 956 1184 986 est
1215 951 1311 985 illud
1338 949 1442 997 παρὰ
1466 949 1637 998 προσδο-

899 1001 988 1033 κίαν
1025 1002 1136 1040 atque
1172 1000 1301 1041 poetis.
1361 998 1421 1032 Ad
1453 1010 1488 1031 v.
1522 1001 1635 1032 παι-,ιε

901 1047 999 1081 conf.
1024 1046 1094 1080 od.
1121 1048 1153 1088 l,
1179 1048 1237 1088 27,
1264 1049 1296 1080 1.
1326 1064 1368 1070 -
1392 1045 1537 1089 paries]
1564 1044 1635 1087 „nd

902 1104 1014 1138 quem
1038 1094 1250 1128 acclinatus
1274 1096 1332 1127 est
1355 1093 1520 1127 lectulus
1544 1096 1635 1127 tuus

899 1141 1196 1183 lncubratorius,
1219 1141 1260 1174 in
1286 1151 1362 1185 quo
1381 1150 1467 1174 cum
1484 1150 1635 1185 compo·

902 1189 963 1222 nis
989 1189 1169 1230 carmina,
1194 1188 1260 1222 sed
1285 1187 1430 1222 infelici
1447 1197 1533 1221 cum
1550 1197 1636 1221 suo-

901 1246 1023 1277 cessu,
1046 1236 1146 1269 mala
1170 1235 1297 1269 omnia
1321 1235 1543 1279 imprecaris
1567 1245 1635 1279 pa-

900 1283 1006 1324 rieti,
1038 1282 1147 1326 quasi
1181 1282 1296 1316 huius
1321 1285 1422 1316 esset
1446 1282 1576 1325 culpa,
1601 1282 1635 1315 si

900 1329 970 1363 tibi
986 1340 1048 1363 res
1066 1340 1142 1363 non
1158 1329 1341 1373 procedit
1345 1330 1363 1346 ⁴⁶
1383 1347 1428 1352 —
1443 1328 1634 1371 manantis]

900 1377 1174 1420 promittentis,
1206 1377 1263 1418 (ut
1286 1374 1470 1417 ἀπειλεῖν)
1495 1375 1543 1409 de
1572 1386 1634 1409 re-

901 1423 1215 1462 hnsmaioribus.
1262 1422 1357 1467 Epp.
1385 1426 1424 1463 1,
1450 1425 1492 1463 8,
1517 1425 1559 1456 3:
1593 1423 1636 1457 Si

901 1473 1054 1510 quaeret
1079 1471 1169 1511 quia
1200 1479 1330 1511 aqam,
1364 1471 1426 1503 dic
1455 1471 1575 1503 mua
1599 1472 1635 1503 et

897 1518 1058 1558 pulchra
1080 1519 1279 1550 mntem
1299 1519 1424 1550 rmore
1447 1525 1513 1550 nec
1534 1519 1635 1550 rede

899 1573 966 1597 nec
996 1566 1171 1598 naviter.
1197 1583 1242 1588 -—
1266 1564 1325 1607 Si]
1357 1565 1395 1598 h.
1420 1564 1445 1597 l.
1470 1564 1516 1598 de
1542 1567 1634 1598 tem,-

899 1621 1011 1655 pore,
1045 1612 1133 1653 „ubi
1164 1612 1361 1656 primum.“
1388 1630 1433 1635 —-
1459 1611 1633 1654 υαοιιιιιιι]

901 1658 1084 1699 „otiosum
1113 1659 1154 1692 in
1186 1659 1259 1693 hoc
1284 1660 1471 1692 secessus·
1523 1658 1633 1692 Cous.

900 1704 968 1738 od.
988 1708 1020 1746 1,
1045 1707 1103 1748 32,
1130 1710 1161 1739 1.
1182 1725 1223 1729 —
1243 1708 1364 1747 tepido
1389 1705 1496 1748 tecto]
1523 1705 1635 1747 „Fuit

898 1752 1080 1787 Horatius
1112 1753 1265 1798 frigoris
1295 1753 1496 1797 impatiens
1521 1752 1632 1797 (Epp.

901 1802 933 1841 1,
959 1801 992 1838 7,
1019 1803 1063 1834 10
1085 1802 1203 1845 sqq.);
1227 1801 1365 1834 amavit
1382 1800 1482 1834 enim
1506 1800 1632 1834 focum

898 1846 1208 1890 luculentiorem;
1221 1847 1364 1881 idcirco
1382 1847 1453 1881 sub
1468 1848 1633 1881 hiemem

900 1894 1044 1928 solebat
1061 1905 1101 1928 se
1118 1895 1325 1928 transferre
1343 1895 1384 1927 in
1401 1895 1529 1928 villam
1545 1905 1633 1938 pro-

898 1944 982 1985 pter
1031 1942 1220 1986 lignorum
1268 1942 1450 1986 copiam.“
1499 1941 1630 1975 Con.

899 1988 1021 2026 CRUQ.
1045 1989 1243 2023 Bentleius
1267 1989 1431 2022 malebat
1457 1990 1546 2021 lecto
1571 1989 1630 2021 lu-

900 2035 1137 2078 cubratorio3
1163 2036 1229 2069 sed
1250 2036 1391 2069 rectius
1409 2036 1480 2069 sub
1498 2038 1634 2068 tectum

900 2092 1010 2115 suum
1023 2083 1160 2126 recipit
1167 2083 1301 2116 villula
1314 2083 1506 2116 dominum
1519 2093 1631 2126 quam

902 2130 1001 2162 lecto.

949 2177 1004 2209 11.
1033 2178 1087 2209 12.
1114 2177 1295 2217 Quorsum
1312 2177 1396 2219 cet.]
1423 2175 1567 2218 „Quem
1583 2175 1631 2209 ad

899 2221 1032 2264 finem,
1068 2233 1144 2267 quo
1169 2222 1320 2256 tandem
1345 2223 1505 2257 consilio
1531 2233 1630 2257 com·

899 2270 1035 2314 pegisti
1050 2273 1087 2303 et
1099 2271 1139 2303 in
1151 2270 1327 2304 vehiculo
1344 2270 1476 2304 artasti
1492 2271 1630 2304 horum

899 2316 1066 2351 libros?“
1105 2316 1211 2351 conf.
1238 2317 1312 2351 Sat.
1338 2319 1380 2358 2,
1406 2320 1445 2359 2.
1471 2320 1528 2351 35.
1555 2318 1631 2362 (sti-

897 2373 990 2404 pare
1050 2363 1160 2398 nobis
1222 2365 1630 2407 nnsammenpstopten.)

898 2409 988 2451 Iam,
1014 2411 1154 2455 quibus
1177 2412 1336 2445 maxime
1361 2412 1542 2445 delectari
1568 2422 1628 2445 so-

899 2457 988 2491 litus
1002 2459 1063 2500 sit,
1079 2459 1249 2492 nominat
1258 2461 1409 2503 praeter
1422 2459 1630 2499 Platonem,

899 2515 1084 2538 summum
1107 2506 1246 2551 dialogi
1271 2510 1310 2540 et
1334 2506 1551 2540 Socraticae
1575 2506 1630 2537 εἰ-

899 2554 1057 2598 ρωνείας
1118 2554 1336 2598 magistrum
1401 2554 1631 2595 (Socraticae

898 2601 1047 2633 chartae
1070 2599 1114 2633 A.
1138 2600 1179 2633 P.
1206 2600 1323 2642 310.),
1347 2599 1629 2640 Archilochum,
1654 2628 1659 2631 ,

898 2646 1049 2680 iambici
1066 2647 1243 2681 carminis
1259 2648 1480 2691 principem,
1496 2647 1627 2690 poetas

898 2694 1046 2737 priscae
1071 2697 1109 2728 et
1132 2705 1250 2728 novae
1276 2693 1500 2728 comoediae.
1549 2692 1627 2725 Alii
