1786 2912
135 127 195 169 20

637 122 846 158 HORATII
871 121 1157 156 SATIRARUM

255 225 421 282 Inguen
451 224 505 267 ad
537 224 770 267 obscenum
801 222 1021 265 subductis
1051 236 1190 278 usque
1221 221 1410 276 facetus3

255 296 459 338 Pastillos
490 295 674 337 Rufillus
709 295 813 347 olet,
848 293 1090 348 Gargonius
1121 293 1300 335 hircum.

255 367 328 409 Nil
358 366 547 409 medium
578 370 657 408 est.
706 364 816 406 Sunt
847 364 919 420 qui
950 364 1088 406 nolint
1119 363 1316 419 tetigisse
1346 363 1431 406 nisi
1460 364 1577 419 illas,

259 438 450 486 Quarum
481 437 661 478 subsuta
690 436 800 477 talos
831 438 950 490 tegat
980 435 1131 476 instita
1160 438 1303 477 veste:

138 568 262 609 batur,
288 569 330 600 ut
352 567 533 602 Maltinus
559 568 617 599 est
641 564 772 599 Manlii
799 575 875 598 cos.

139 625 348 660 cognomen
388 613 488 657 apud
522 613 708 647 Iustinum
744 613 807 653 38,
843 614 875 644 3.

141 666 178 697 et
203 662 243 695 in
271 661 384 706 Trogi
410 661 572 706 Prologo
599 661 676 702 38.,
702 671 723 693 a
747 661 876 700 malta,

141 709 244 754 quod
270 719 349 742 voc.
376 719 443 751 per
476 709 600 741 iocum
632 716 699 751 pro
725 707 876 740 homine

139 757 246 791 molli
266 758 379 799 atque
399 755 610 788 effeminato
629 754 876 797 usurpabant.

141 802 264 837 Lucil.
309 805 373 843 27,
412 804 479 835 22;
522 804 699 835 Insanum
735 803 878 843 vocant,

143 859 251 891 quem
283 851 437 882 maltam
463 858 507 882 ac
531 851 706 890 seminam
730 850 802 882 dici
825 849 878 881 vi-

142 900 238 931 dent.
281 897 353 930 Hic
378 895 559 930 Maltinus
584 895 739 930 aliunde
766 898 878 929 notus

143 956 219 978 non
262 947 328 978 cst.
377 942 470 977 Nam
509 944 610 987 quod
649 942 880 977 Scholiastae

143 992 325 1026 afferunt:
347 991 439 1032 „sub
457 990 604 1028 Maltini
624 990 778 1024 nomine
798 990 880 1034 qui-

143 1039 227 1073 dam
261 1038 515 1072 Maecenatem
557 1038 799 1081 suspicantur
833 1037 881 1070 si-

144 1086 352 1131 gnificari,“
370 1085 431 1118 eui
443 1085 614 1129 opinioni
628 1085 755 1118 favent
769 1084 880 1118 etiam

142 1133 376 1177 Interpretes
419 1132 594 1165 nonnulli
637 1132 881 1173 recentiores,

145 1181 295 1225 egregie
330 1180 509 1213 refutavit
541 1179 689 1224 Madvig
720 1179 881 1223 Opusec.

144 1227 176 1262 I.
202 1238 287 1271 pag.
314 1229 358 1260 64
386 1237 509 1270 seqq.:
564 1226 683 1268 „Sane
711 1227 882 1260 scurrilis

146 1276 183 1308 et
208 1275 254 1307 ab
281 1273 429 1308 Horatii
454 1272 760 1318 Maecenatisque
793 1284 882 1307 con-

146 1321 344 1354 iunctione
359 1321 591 1354 alienissima
601 1325 702 1355 essct
712 1321 797 1354 talis
812 1321 882 1355 sub

146 1368 234 1401 ficto
269 1369 421 1402 nomine
454 1366 685 1402 Maecenatis
719 1369 879 1402 irrisio.“

145 1414 269 1460 Atque
305 1418 345 1448 ut
378 1415 627 1449 concedamus
662 1416 760 1449 hanc
789 1415 883 1450 Sati-

146 1473 226 1496 ram
245 1473 288 1496 eo
307 1465 475 1505 tempore
496 1464 673 1506 scriptam
693 1473 787 1503 esse,
807 1473 882 1507 quo

147 1509 299 1554 ignotus
343 1510 547 1543 etiamtunc
588 1509 796 1543 Maecenati
839 1520 882 1543 ac

147 1557 308 1590 fortasse
350 1559 506 1600 propter
555 1556 680 1590 studia
720 1557 884 1600 partium

149 1604 195 1637 ab
230 1615 273 1637 eo
308 1613 463 1637 aversus
490 1606 587 1645 erat,
623 1614 732 1645 sane,
766 1607 885 1636 totum

149 1661 234 1684 cum
260 1651 401 1684 librum
428 1650 568 1691 ederet,
594 1651 697 1684 hunc
722 1661 886 1692 versum,

150 1698 181 1732 si
213 1697 470 1731 Maecenatem
504 1697 695 1731 offendere
728 1700 886 1742 poterat,

148 1747 331 1778 mutasset
365 1747 432 1778 aut
465 1745 732 1779 oblitterasset.
760 1764 803 1768 -
831 1748 886 1778 tu-

150 1793 240 1824 nicis
275 1791 459 1833 demissis]
493 1792 615 1825 Plaut.
650 1791 766 1825 Poen.
794 1793 826 1833 5,
853 1794 887 1834 5,

151 1840 215 1872 24:
253 1840 349 1872 Sane
383 1848 496 1880 oenus
531 1841 597 1872 hoc
627 1840 888 1872 muliebrosum

152 1888 203 1918 est
247 1886 378 1918 tunicis
420 1887 640 1919 demissiciis.
694 1888 888 1928 „Demissi-

152 1933 231 1965 ciae
249 1934 394 1966 tunicae
422 1936 521 1974 sunt,
549 1933 688 1977 quibus
715 1934 886 1967 homines

151 1978 285 2013 molles
320 1979 366 2012 ad
400 1990 512 2013 crura
545 1991 566 2013 a
591 1981 733 2025 frigore
760 1981 900 2014 defen--

152 2026 277 2059 denda
314 2026 520 2059 utebantur
559 2031 691 2061 eontra
724 2031 888 2062 veterem

152 2072 407 2106 Romanorum
464 2076 639 2107 morem.“
715 2074 887 2108 MADVIG.

152 2119 251 2152 Hinc
278 2120 316 2152 in
345 2120 518 2154 luxuriae
545 2121 663 2165 signis
682 2122 774 2155 haec
801 2133 888 2156 con-

153 2166 279 2211 iungit
321 2167 466 2201 Seneca
509 2167 686 2201 ContrOV.
737 2170 776 2211 2,
822 2173 888 2202 14:

154 2215 250 2254 quod
274 2218 461 2254 unquemo
487 2223 589 2247 coma
614 2217 752 2257 madet,
786 2218 889 2249 tuum

156 2263 226 2300 esl,·
266 2262 361 2300 quod
401 2262 523 2295 laxior
559 2271 674 2303 usque
710 2264 751 2295 in
782 2265 889 2304 pedes

155 2308 281 2340 tunica
292 2309 504 2350 demittitur,
515 2312 617 2342 tuum
629 2312 690 2342 est.
701 2309 891 2344 Differunt

155 2354 309 2398 proprie
352 2357 497 2388 tunicae
537 2357 701 2398 solutae,
750 2358 890 2401 quibus

154 2403 354 2436 Maecenas
372 2403 562 2435 distinctus
587 2405 626 2436 iu
643 2406 733 2437 urbe
750 2414 891 2446 semper

155 2449 298 2482 incessit
335 2447 502 2492 (Seneca
534 2449 627 2493 Epp.
657 2452 769 2494 114.),
807 2453 891 2494 etsi,

157 2497 200 2528 ut
224 2495 394 2528 videmus
421 2495 460 2528 in
488 2507 543 2528 VV.
570 2496 733 2531 Senecae
761 2500 891 2542 patris,

157 2543 362 2586 utrumque
389 2553 499 2586 saepe
532 2544 773 2578 coniunctum
800 2549 891 2580 erat.

159 2607 202 2612 —-
230 2589 417 2632 ambulat]
451 2590 614 2633 superbo
642 2591 816 2634 incessu,
850 2596 892 2626 ut

157 2633 274 2678 Epod.
301 2638 334 2677 4,
361 2638 393 2669 5.
422 2655 463 2659 —
497 2638 704 2680 subductis]
732 2639 890 2677 Quintil.

161 2684 216 2721 11,
243 2684 275 2724 3,
304 2684 393 2716 138:
432 2684 498 2716 Cui
524 2684 591 2716 lati
615 2685 713 2717 clavi
737 2688 793 2718 ius
819 2695 893 2720 non

927 565 1011 605 erit,
1037 565 1091 597 ita
1117 565 1298 607 emautur,
1323 567 1363 598 ut
1389 566 1535 599 tunicae
1557 567 1659 607 prio-

924 613 1026 644 ribus
1068 612 1143 644 oris
1189 613 1292 653 infra
1332 621 1454 653 venua
1491 614 1659 656 paulum,

922 659 1187 700 posterioribus
1233 660 1286 692 ad
1323 661 1463 693 medios
1501 661 1658 701 poplites

925 715 1041 746 usque
1065 707 1291 747 perveniant.
1333 708 1430 748 Nam
1453 708 1557 750 infra
1580 716 1660 740 mu-

929 754 1059 786 lierum
1085 756 1154 793 est,
1180 762 1298 794 supra
1323 755 1589 788 centurionum.
1615 774 1660 779 —-

927 800 1089 843 facetus]
1125 801 1218 842 „hoc
1254 801 1337 845 ipso
1374 801 1554 836 indecoro
1595 803 1661 837 ha-

927 848 1010 881 bitu
1035 850 1174 891 putans
1202 858 1241 881 se
1273 848 1466 893 eleganter
1491 860 1574 884 esse
1599 860 1662 883 ve·

928 895 1091 928 stitum.“
1141 897 1296 928 Facetus
1322 899 1355 929 et
1388 897 1536 938 elevans
1560 896 1662 931 haud

929 953 1015 975 raro
1042 945 1331 986 componuntur.

978 991 1034 1022 27.
1071 989 1184 1023 Hunc
1217 1000 1369 1024 versum
1401 992 1554 1035 repetiit
1585 991 1662 1025 Ho-

930 1037 1050 1070 ratius
1078 1036 1152 1070 Sat.
1180 1039 1219 1078 1,
1245 1040 1286 1079 4,
1313 1039 1371 1070 92.
1398 1057 1442 1062 ——
1468 1038 1663 1082 Pastillos]

934 1084 1316 1118 Wilrzmorsellen.
1358 1084 1520 1119 Martial.
1549 1089 1580 1128 1,
1605 1088 1664 1129 87,

933 1133 972 1164 1:
998 1132 1052 1164 Ne
1078 1133 1203 1172 orasis
1230 1133 1396 1165 hesterno
1414 1134 1573 1175 frames,
1598 1134 1664 1167 Fe-

929 1180 1090 1220 scennia‚
1114 1180 1211 1221 vino,
1229 1180 1403 1213 Pastillos
1422 1181 1539 1213 Cosmi
1558 1181 1665 1214 luxu-

930 1226 1032 1259 riosa
1062 1234 1182 1259 voras.
1226 1225 1370 1261 Seneca
1393 1226 1462 1271 Ep.
1488 1229 1553 1261 86:
1594 1229 1667 1261 De-

930 1274 1134 1314 scripturus
1158 1275 1334 1314 infamem
1357 1277 1390 1307 et
1415 1275 1536 1307 nimiis
1560 1277 1666 1308 nota-

933 1321 1041 1353 bilem
1094 1321 1233 1354 deliciis
1283 1323 1466 1355 Horatius
1511 1323 1666 1356 Flaccus

933 1369 1021 1407 quid
1045 1369 1124 1400 ait?
1149 1369 1323 1401 Pastillos
1340 1370 1501 1410 Rufillus
1518 1370 1603 1402 olel.
1620 1387 1667 1393 -

932 1416 1117 1456 Rufillus·
1129 1415 1353 1459 Gemonias]
1378 1415 1561 1450 Homines
1586 1416 1668 1450 fue-

934 1465 1026 1495 runt
1051 1473 1127 1495 non
1153 1462 1302 1497 infimae
1327 1463 1463 1507 plebis,
1489 1464 1668 1508 quoniam

933 1511 1046 1552 poeta
1069 1512 1223 1553 propter
1241 1510 1353 1544 istam
1379 1521 1508 1544 eorum
1524 1511 1668 1545 irrisio-

934 1566 1020 1589 nem
1055 1557 1094 1589 in
1132 1556 1294 1590 aliorum
1333 1558 1668 1601 reprehensionem

935 1606 1048 1646 atque
1074 1603 1255 1637 invidiam
1273 1604 1498 1638 incucurrit.
1525 1605 1616 1650 (Sat.
1635 1607 1668 1648 1,

934 1653 974 1690 4,
1001 1653 1042 1683 91
1071 1651 1168 1694 sqq.)
1195 1651 1405 1692 Garoonius
1439 1649 1525 1685 cu'm
1551 1652 1668 1686 Oodd.

936 1695 1050 1739 edidi,
1077 1702 1119 1730 ut
1144 1698 1182 1730 in
1203 1697 1279 1731 Cic.
1305 1698 1424 1732 Bruto
1441 1702 1499 1739 48,
1527 1702 1607 1734 180.
1632 1702 1671 1734 et

934 1743 978 1776 A.
1014 1743 1294 1778 GARGONIVS
1332 1749 1390 1780 est:
1422 1747 1462 1779 in
1495 1746 1670 1792 inscript.

935 1802 969 1827 a.
987 1803 1023 1825 u.
1043 1801 1073 1825 c.
1101 1794 1180 1825 648.
1199 1792 1300 1836 apud
1318 1793 1530 1828 Furlanetti
1547 1795 1670 1828 Iscriz.

937 1840 1057 1874 d'Este
1089 1849 1174 1883 pag.
1212 1842 1266 1872 16.
1315 1839 1488 1874 Eundem
1525 1843 1670 1885 putant,

937 1887 1046 1920 cujus
1085 1887 1299 1920 cacozelian
1342 1891 1380 1921 et
1417 1889 1533 1922 stulte
1571 1889 1672 1923 dicta

937 1933 1070 1967 irridet
1088 1933 1230 1967 Seneca
1252 1934 1383 1969 rhetor
1402 1934 1508 1969 Suas.
1526 1937 1559 1969 8.
1577 1938 1670 1970 extr.

938 2000 980 2004 —
997 1980 1151 2023 hircum]
1169 1981 1320 2015 foedum
1340 1982 1487 2016 alarum
1506 1983 1671 2017 odorem.

985 2029 1107 2062 28-36.
1141 2029 1205 2061 Nil
1234 2031 1393 2062 medium
1424 2030 1496 2073 est]
1532 2029 1670 2072 „Nemo

937 2072 982 2108 τὸ
1007 2076 1129 2118 μέσον
1162 2076 1261 2109 inter
1288 2076 1362 2109 duo
1397 2076 1488 2110 vitia
1512 2077 1669 2111 servat.“

940 2142 983 2146 —
1010 2123 1189 2165 tetiqisse]
1221 2122 1265 2155 A.
1290 2122 1333 2157 P.
1359 2125 1448 2157 455:
1493 2125 1674 2158 Vesanum

938 2171 1095 2211 tetigisse
1121 2171 1247 2203 timent
1271 2171 1490 2212 suaiuntque
1512 2173 1671 2213 poetam.

940 2236 982 2241 —
1001 2218 1166 2260 subsuta]
1183 2217 1267 2251 Non
1293 2218 1443 2252 videtur
1461 2219 1672 2264 hypallage,

940 2264 1005 2298 sed
1030 2265 1183 2308 proprie
1210 2265 1360 2300 locutus
1390 2268 1466 2308 est3
1500 2276 1586 2300 nam
1611 2276 1674 2299 ex-

939 2314 1082 2345 tremus
1109 2312 1227 2346 stolae
1245 2323 1373 2356 margo
1400 2313 1597 2346 subsuitur
1614 2313 1672 2346 iu-

940 2359 1063 2393 stitae.
1082 2378 1124 2382 —
1143 2359 1286 2401 instita]
1312 2359 1470 2393 fasciola
1485 2359 1673 2394 fimbriata

940 2406 981 2439 in
1007 2406 1082 2439 ima
1106 2406 1202 2439 stola
1225 2408 1492 2448 matronarum,
1518 2416 1603 2440 cum
1629 2407 1675 2440 li-

940 2452 1111 2486 bertinae
1145 2454 1271 2486 tunica
1304 2455 1513 2488 uterentur.
1564 2452 1673 2488 ovid.

939 2499 983 2532 A.
1016 2499 1060 2532 A.
1097 2501 1135 2541 1,
1169 2501 1233 2533 31:
1274 2501 1359 2533 Este
1393 2501 1526 2542 procul
1559 2501 1674 2534 vittas

941 2549 1084 2588 tenues,
1122 2547 1265 2588 insione
1299 2549 1470 2590 pudoris,
1507 2556 1674 2590 quaeque

941 2594 1031 2634 teqis
1055 2595 1209 2633 medios,
1241 2595 1366 2628 instita
1393 2596 1519 2637 lonqa,
1551 2597 1672 2637 pedes.

943 2639 1064 2682 „Quia
1094 2644 1286 2675 matronae
1312 2636 1412 2676 stola
1443 2643 1602 2676 utuntur
1625 2641 1675 2676 ad

940 2687 1036 2721 imos
1062 2698 1183 2731 usque
1215 2688 1332 2732 pedes
1356 2689 1540 2732 demissa,
1564 2689 1673 2724 cuiun
