1774 2930
173 149 262 190 464

651 131 874 184 HonArn'
884 147 1024 184 nms‘r
1028 148 1233 184 omium

293 249 490 305 Viribus,
522 251 717 306 ingenio,
750 250 914 307 speeie,
946 249 1124 304 virtute,
1156 250 1270 304 loco,
1303 264 1350 293 re
1446 307 1451 310 .

293 319 492 365 Extremi
523 322 777 378 primorum,
812 321 1018 364 extremis
1049 335 1187 378 usque
1216 321 1396 378 prioreS.

292 391 391 434 Non
422 406 468 435 es
501 406 677 434 avarus:
711 392 805 446 abi3
838 391 961 448 quid,
993 395 1137 435 cetera
1165 392 1252 434 iam
1283 392 1411 435 simul
1440 392 1525 435 isto

1616 393 1704 434 205
1764 455 1768 457 ‚

295 461 405 505 Cum
434 464 540 506 vitio
571 463 754 534 fugere?
786 463 916 507 Caret
945 463 1027 505 tibi
1056 466 1207 519 pectus
1237 463 1357 506 inani

293 517 602 577 Ambitione?
609 534 738 577 Caret
767 535 918 577 mortis
949 533 1177 577 formidine
1209 538 1252 577 et
1282 534 1378 577 ira?

294 604 491 659 Somnia,
522 610 710 649 terrores
742 606 953 662 magiGOS,
986 605 1210 659 miracula,
1244 619 1390 662 sagas,

293 675 534 718 Noeturnos
565 677 753 719 lemures
784 680 1070 733 portentaque
1103 676 1315 719 Thessala
1343 676 1491 719 rides?

270 789 351 822 206.
385 789 483 830 suae.
533 790 616 822 Rue
642 791 744 822 carel
768 787 843 822 bSe
869 790 906 823 et
929 800 987 833 pr.
1014 788 1057 831 d,
1084 788 1175 823 God.
1199 788 1384 834 Franeq.,

1409 791 1487 823 tres
1513 788 1657 823 Schmi-

222 834 294 878 dii,
320 834 367 878 O,
403 834 492 869 Cum
515 838 603 869 vicio
627 838 714 878 [αρε
738 837 819 869 rite.
871 837 978 870 Caret
1002 836 1201 870 Bentleius
1226 836 1267 870 in
1294 836 1405 871 Curis
1431 837 1656 872 novissimis.

171 925 310 969 βιότου
359 931 540 978 Ζέφυροι.
574 949 622 955 ——-
662 931 754 974 loco]
805 939 916 973 „con-

174 976 325 1011 dicione
377 979 533 1012 externa
582 978 682 1012 inter
730 979 914 1021 homines,

172 1025 317 1065 nanas*

221 1073 392 1106 205-209.
427 1074 511 1107 Non
536 1081 572 1106 es
598 1073 684 1116 cet.]
727 1071 798 1116 „At
823 1083 913 1106 num

172 1128 261 1152 vere
295 1119 447 1164 sapiens
481 1119 668 1164 appellari
693 1123 801 1164 potes
827 1131 915 1164 pro-

170 1167 256 1210 pter
283 1165 323 1200 id
349 1167 493 1210 solum,
529 1167 631 1212 quod
659 1178 736 1201 non
762 1177 802 1201 es
828 1178 914 1201 ava-

171 1224 238 1247 rus
249 1213 288 1246 ?“
317 1212 392 1248 Sat.
412 1216 445 1256 2,
473 1216 506 1257 3,
534 1216 622 1248 159:
651 1216 759 1257 Quid,
784 1216 914 1256 siquis

173 1269 247 1294 non
283 1262 330 1294 sit
367 1270 524 1304 avarus,
565 1263 743 1295 Continuo
775 1263 915 1295 sanus?

170 1307 249 1342 Nee
274 1307 388 1343 Floro
415 1319 541 1353 neque
573 1308 644 1343 sibi
671 1308 742 1343 soli
768 1309 914 1353 asperis

171 1355 233 1389 his
259 1355 644 1402 interrogationibus,
671 1356 738 1391 sed
763 1356 914 1390 lectori-

171 1402 242 1436 bus
282 1403 459 1438 omnibus
496 1404 623 1438 instat.
657 1422 700 1427 -
735 1403 811 1447 abi]
848 1403 914 1438 Est

171 1451 358 1484 sermonis
385 1451 612 1495 quotidiani.
661 1451 789 1485 Plauti
806 1450 914 1485 Asin.

172 1499 213 1540 3,
240 1500 281 1541 3,
309 1500 396 1532 114:
434 1500 549 1542 Hem,
575 1500 647 1532 sic.-
673 1500 753 1541 abi,
790 1499 913 1532 laudo.

170 1544 256 1578 Ter.
298 1544 459 1590 Adelph.
498 1548 539 1588 4,
578 1548 619 1588 2,
659 1547 726 1579 25:
774 1547 914 1588 Laudo,

171 1593 355 1634 Clesiph03
385 1594 588 1635 patrissas:
621 1595 699 1635 abi,
733 1594 857 1626 virum
881 1595 914 1626 te

168 1640 302 1673 iudico.
357 1640 426 1674 Est
475 1640 592 1686 igitur
641 1641 741 1679 idem
790 1651 910 1685 prope

170 1689 284 1731 atque
304 1698 434 1732 „euge,
452 1690 574 1722 macte
594 1689 745 1731 virtute,
769 1689 912 1722 sehon

169 1735 282 1775 qut.“
315 1754 362 1758 ——
395 1736 483 1768 Cum
518 1737 609 1768 vitio
647 1737 801 1778 suffere?
845 1736 910 1768 Ca-

168 1781 237 1824 ret]
270 1781 494 1816 Nostrorum
521 1782 637 1816 Codd.
663 1783 776 1817 lectio
810 1784 909 1823 suae.

168 1830 251 1862 Rite
278 1831 378 1862 caret
403 1832 462 1863 est
485 1830 729 1874 interpolatio
757 1832 839 1863 orta
865 1839 910 1863 ex

168 1886 246 1909 non
280 1876 478 1910 intellecta
508 1877 630 1910 forma
663 1875 836 1920 perfecti.
864 1894 907 1899 —

147 1924 274 1959 vimmi
297 1923 515 1967 Ambitione]
555 1934 676 1968 „quae
712 1933 909 1968 nunquam

168 1970 215 2004 ad
257 1969 370 2004 finem
412 1981 523 2004 suum
564 1970 779 2016 pervenit.“
831 1970 907 2004 cfr.

169 2017 244 2051 Sat.
271 2020 304 2060 2,
331 2021 363 2061 6,
394 2020 448 2052 18.
473 2038 522 2043 -
546 2020 673 2052 mortis
699 2018 908 2061 formidine]

167 2064 277 2110 Diog.
304 2064 430 2100 Laert.
459 2068 516 2109 10,
545 2067 623 2100 124.
649 2065 696 2099 de
722 2065 908 2110 Epicuro.

168 2112 347 2154 Συνέθιζε
389 2113 430 2146 εἰ
477 2113 529 2159 τῷ
571 2114 739 2157 νοιιιζειν
788 2111 908 2156 μηδὲν

169 2158 264 2207 τρὸς
297 2158 402 2204 ἡμᾶς
427 2149 526 2194 εἶναι
558 2158 627 2194 τὸν
653 2156 837 2194 θάνατον.
864 2179 907 2183 -

169 2210 325 2241 terrores
359 2208 541 2251 manicos]
579 2208 739 2242 maxime
773 2207 814 2241 in
848 2218 909 2240 νε-

168 2257 460 2302 κρομαντείαις,
503 2256 643 2300 quibus
685 2255 908 2300 indulgebat

167 2302 228 2336 vel
252 2302 398 2347 Appius
425 2303 607 2337 Claudius
639 2303 820 2345 Pulcher,
848 2302 909 2336 Ci-

169 2350 319 2384 ceronis
362 2351 401 2384 in
444 2353 632 2396 auguratu
674 2350 831 2395 collega.
861 2368 909 2373 —-

167 2398 373 2431 Nocturnos
409 2398 586 2441 lemures]
620 2398 727 2431 Plato
753 2396 907 2431 Phaedo

167 2454 252 2499 pag.
279 2446 335 2478 81.
362 2445 414 2478 D.
441 2446 583 2487 ψιχῶν
609 2444 781 2488 σκιοειὸῆ
808 2456 909 2486 φαν-

167 2488 359 2535 τάσματα.
408 2492 504 2526 Miro
543 2493 727 2527 vocabulo
764 2488 909 2532 βιοθά-

167 2550 265 2573 νατα
307 2550 371 2574 eos
419 2540 584 2584 appellat
627 2540 907 2574 Commentator

169 2587 341 2632 Cruquii.
394 2586 489 2620 Sunt
538 2587 686 2621 animae
736 2590 905 2621 mortuo—

168 2646 253 2668 rum
290 2636 447 2680 propter
485 2634 716 2678 desiderium
750 2635 907 2679 aliquod

169 2682 209 2715 in
235 2683 346 2717 terris
378 2682 480 2717 haud
515 2682 706 2727 expletum
731 2682 778 2716 ad
805 2683 907 2716 vivos

168 2729 373 2764 redeuntes
399 2741 540 2775 eosque
567 2732 682 2764 noctu
708 2731 907 2764 terrentes.

964 931 1138 965 Lemures
1173 930 1355 966 Horatius
1396 930 1562 975 vocavit,
1604 941 1704 976 qnae

964 978 1118 1023 proprie
1143 979 1288 1012 Lar-vae
1313 977 1562 1024 appellandae
1595 981 1707 1013 erant

965 1036 1011 1059 ex
1027 1025 1178 1070 Apuleii
1205 1025 1337 1060 saltem
1363 1025 1536 1060 doctrina
1558 1025 1605 1060 de
1621 1026 1706 1061 Deo

965 1072 1068 1106 Socr.
1096 1082 1127 1106 e.
1155 1074 1210 1106 15.
1244 1083 1280 1117 p.
1317 1074 1396 1107 152.
1423 1072 1541 1107 0ud.:
1577 1075 1643 1107 Est
1669 1075 1706 1107 et

962 1121 1121 1153 secundo
1152 1121 1362 1162 siqnificatu
1393 1121 1531 1162 species
1555 1121 1702 1154 daemo-

963 1175 1062 1208 num,
1089 1168 1236 1201 animus
1252 1168 1431 1201 humanus
1457 1168 1614 1201 emeritis
1638 1169 1705 1201 sti-

961 1215 1103 1256 pendiis
1115 1215 1214 1248 vitae
1241 1223 1394 1257 corpore
1418 1223 1485 1248 suo
1510 1215 1702 1249 abiurans.

963 1263 1075 1295 Hunc
1099 1264 1221 1295 velere
1245 1263 1379 1296 Latina
1406 1263 1535 1303 linqua
1558 1263 1706 1307 [eperw

962 1307 1165 1342 Lemurem
1207 1310 1426 1343 dictamum.
1474 1310 1536 1343 Ex
1574 1310 1706 1343 iisdem

966 1365 1051 1397 erqo
1085 1357 1318 1400 Lemuribus,
1361 1357 1425 1398 qui
1457 1357 1704 1398 posteriorum

963 1412 1116 1437 suorum
1149 1412 1279 1437 curam
1309 1405 1460 1437 sortitus
1489 1404 1642 1446 placato
1667 1405 1701 1438 et

963 1453 1085 1491 quieto
1138 1452 1288 1484 numine
1336 1452 1483 1485 domum
1526 1452 1700 1494 possidet,

963 1497 1038 1532 Lar
1076 1499 1208 1532 dicitur
1245 1498 1453 1533 familiaris.
1504 1500 1577 1540 Qui
1611 1507 1704 1532 vero

964 1546 1007 1578 ob
1034 1547 1190 1579 adversa
1205 1547 1303 1579 vilae
1331 1547 1477 1588 merita,
1501 1546 1615 1580 nullis
1640 1546 1705 1579 bo-

963 1594 1019 1625 nis
1044 1594 1205 1636 sedibus,
1239 1594 1383 1627 ineerta
1413 1594 1613 1635 vacatione
1637 1601 1702 1626 seu

961 1641 1121 1682 quodam
1138 1641 1268 1674 exsilio
1282 1641 1451 1682 punitur,
1477 1642 1588 1674 inane
1614 1642 1701 1673 ter-

961 1688 1315 1721 riculamentum
1348 1689 1449 1721 bonis
1483 1687 1699 1730 horninibus,

960 1737 1118 1768 celerum
1154 1735 1262 1768 malis
1299 1736 1472 1777 noxium,
1512 1735 1552 1767 id
1583 1741 1700 1775 oenus

954 1783 1125 1823 plerique
1157 1781 1299 1815 Larvas
1333 1782 1535 1823 perhibent.
1583 1778 1698 1815 Nota-

959 1828 1034 1862 bile
1086 1831 1143 1862 est
1182 1828 1455 1872 Porphyrionis
1498 1826 1699 1862 Scholion:

957 1875 1151 1918 Lemures]
1195 1874 1378 1918 „Umbras
1414 1877 1596 1920 vagantes
1632 1875 1701 1909 ho-

957 1923 1102 1956 minum
1128 1924 1216 1956 ante
1242 1922 1342 1956 diem
1367 1923 1500 1956 mortis
1526 1922 1603 1966 (sio
1627 1921 1696 1957 Ed.

957 1971 1080 2015 princ.
1097 1971 1213 2011 1481„
1237 1972 1469 2003 mortuorum
1484 1969 1698 2004 Hoeheder.

957 2017 1018 2051 An
1044 2026 1068 2050 a
1093 2018 1151 2051 die
1175 2017 1342 2060 morum>
1369 2019 1407 2051 et
1422 2017 1509 2051 ideo
1526 2019 1698 2051 metuen-

958 2065 1038 2099 das.
1087 2064 1136 2098 Et
1167 2066 1304 2108 putant
1339 2065 1495 2098 lemures
1529 2074 1613 2098 esse
1638 2063 1699 2098 di-

959 2114 1040 2147 ctos
1056 2112 1167 2157 quasi
1181 2113 1354 2146 Remules
1368 2112 1557 2155 (Remulos
1569 2111 1699 2146 Hoeh—

958 2159 1077 2202 eder.)
1103 2169 1126 2193 a
1149 2159 1287 2202 Remo,
1322 2159 1433 2193 ouius
1467 2158 1584 2193 occisi
1615 2169 1698 2192 um-

958 2207 1046 2241 bras
1071 2207 1188 2241 frater
1213 2206 1399 2241 Romulus
1425 2216 1510 2240 cum
1543 2207 1698 2250 placare

956 2254 1088 2296 vellet,
1125 2255 1301 2288 Lemuria
1332 2253 1518 2296 instituit,
1554 2253 1594 2287 id
1628 2256 1697 2297 est,

956 2301 1187 2346 parentalia,
1222 2311 1320 2345 quae
1349 2311 1479 2335 mense
1503 2300 1601 2335 Maio
1626 2311 1695 2346 per

957 2349 1126 2383 triduum
1166 2348 1353 2383 celebrari
1395 2348 1568 2382 solebant
1607 2350 1698 2382 ante

957 2397 1127 2431 additum
1141 2406 1241 2429 anno
1255 2406 1423 2430 mensem
1430 2395 1696 2429 Februarium.

957 2443 1015 2478 Ob
1042 2454 1155 2488 quam
1178 2454 1258 2477 rem
1281 2442 1379 2477 Maio
1404 2453 1534 2477 mense
1559 2442 1697 2487 religio

958 2494 1015 2526 est
1039 2491 1183 2525 nubere
1209 2492 1247 2524 et
1272 2490 1362 2524 item
1378 2489 1527 2533 Martio,
1551 2489 1593 2523 in
1617 2499 1694 2533 quo

957 2539 1004 2573 de
1029 2538 1175 2583 nuptiis
1199 2537 1328 2571 habito
1357 2537 1561 2572 certamine
1579 2547 1602 2570 a
1624 2535 1696 2570 Mi-

957 2597 1074 2620 nerva
1097 2585 1197 2619 Mars
1224 2585 1347 2619 victus
1374 2586 1450 2626 est,
1477 2586 1515 2618 et
1539 2583 1694 2617 obtenta

956 2633 1171 2679 virginitate
1216 2631 1388 2666 Minerva
1425 2630 1590 2666 Neriene
1637 2633 1697 2665 est

957 2680 1179 2726 appellata.“
1230 2678 1337 2713 Ovid.
1378 2678 1478 2713 Fast.
1519 2679 1562 2721 5,
1603 2679 1692 2712 421:

956 2730 1063 2762 Ritus
1090 2729 1157 2761 erit
1181 2728 1331 2770 veteris,
1358 2728 1540 2760 nocturna
1563 2726 1695 2759 Lemu-
