1774 2930
156 133 243 175 404

277 231 506 289 Speratum
536 233 718 276 meritis,
764 233 916 275 Diram
948 233 1021 289 qui
1054 233 1244 276 contudit
1273 233 1453 291 hydram

632 131 840 167 HORATH
863 131 1214 167 EPISTOLARUM

1627 235 1688 275 10·

275 303 473 360 Notaque
504 304 624 346 fatali
654 307 857 360 portenta
885 303 1032 346 labore
1065 304 1255 360 subegit,

277 374 499 431 Comperit
530 374 737 417 invidiam
769 388 968 431 supremo
999 374 1085 417 fine
1116 374 1294 417 domari.

273 445 370 488 Urit
402 446 517 488 enim
549 445 715 502 fulgore
749 459 846 500 suo,
880 446 953 502 qui
983 449 1239 501 praegravat
1268 449 1382 488 artes

274 516 393 558 Infra
423 531 470 559 se
501 517 688 573 positas3
722 516 958 559 exstinctus
990 517 1201 559 amabitur
1230 516 1358 559 idem.

273 587 501 630 Praesenti
532 588 611 629 tibi
642 591 831 629 maturos
863 588 1070 643 largimur
1100 587 1285 630 honores

1626 587 1680 628 15

273 658 568 714 Iurandasque
598 662 721 700 tuum
751 672 830 714 per
859 672 1018 700 nomen
1050 659 1249 714 ponimus
1281 672 1396 712 aras,

274 728 347 770 Nil
379 730 588 771 oriturum
620 729 747 783 alias,
781 729 843 770 m‘l
875 733 1013 771 ortum
1043 729 1130 771 tale
1162 729 1360 772 fatentes.

254 878 308 910 16.
334 885 465 910 nomen
490 876 660 920 bSEcdp,
687 887 816 910 omnes
842 876 1019 918 Bentleii,
1044 876 1218 910 Pottierii
1244 878 1282 910 et
1299 875 1490 918 Sohmidii,
1514 875 1632 910 LCts:

204 932 340 958 numen
363 924 651 968 antiquissimus
676 923 904 958 Blandinius
931 922 1091 968 Gruquii
1118 934 1204 957 cum
1230 923 1378 958 duobus
1395 922 1633 965 Bersmanni,

203 970 328 1005 Editio
355 971 599 1006 Cadomensis
625 982 657 1005 a.
686 974 788 1013 1480,
814 970 1022 1013 Bentleius,
1046 970 1125 1004 FM.

156 1094 306 1140 ingrato
349 1095 503 1129 illorum
545 1094 700 1129 animo“
745 1098 814 1129 cet.
849 1114 894 1119 -—

157 1143 290 1176 Terras
316 1143 434 1176 colere
460 1145 518 1177 est
553 1143 750 1188 „regiones
785 1142 895 1176 steri-

156 1189 212 1223 les
230 1192 344 1234 atque
363 1200 516 1234 asperas
534 1189 679 1224 fertiles
699 1189 890 1231 reddere,“

157 1238 345 1270 hominum
370 1245 482 1278 oenus
508 1238 636 1279 colere,
666 1237 833 1279 „artibus
858 1239 896 1270 et

155 1284 304 1329 legibus
336 1284 515 1318 mortales
543 1284 755 1338 expolire‚“
784 1291 894 1325 claros

155 1333 344 1373 assionare
361 1332 579 1366 hominibus
597 1328 777 1374 νοιιάδων
791 1329 895 1374 ἀμα-

155 1377 300 1421 ξοβίων
325 1379 439 1413 vitam
457 1382 545 1413 ante
564 1379 777 1424 agentibus,
807 1389 893 1420 „eos

155 1437 274 1460 unum
300 1426 340 1459 in
368 1427 489 1461 locum
510 1436 751 1471 congregare,
779 1427 893 1460 certis

155 1473 310 1508 sedibus
325 1473 455 1508 datis.“
477 1473 552 1508 Cfr.
567 1474 755 1507 illustrem
769 1474 894 1507 locum

156 1520 233 1555 Cic.
260 1521 305 1554 de
330 1521 477 1555 Invent.
507 1524 538 1564 1,
565 1523 596 1555 2.
625 1521 743 1555 Solita
768 1523 893 1555 autem

155 1568 196 1601 in
221 1569 293 1602 hac
319 1579 359 1602 re
386 1568 549 1602 formula
566 1577 676 1610 aoros
702 1569 892 1610 assignare

154 1625 248 1650 usus
283 1616 375 1649 satis
411 1615 599 1660 significat
630 1615 669 1649 id
694 1615 740 1648 ab
766 1616 893 1660 Augu-

154 1665 212 1696 sto
240 1673 392 1707 quoque
419 1665 617 1697 veteranos
645 1662 892 1696 Caesarianos

155 1719 199 1743 ac
219 1720 308 1744 suos
326 1713 595 1744 remunerante
612 1710 767 1754 proprio
786 1710 892 1744 verbi

155 1767 269 1790 sensu
295 1757 436 1791 factum
463 1767 559 1791 esse.

204 1806 264 1838 10-
269 1807 323 1837 14.
349 1806 413 1845 qui
429 1805 589 1837 contudit
608 1803 775 1846 hydram]
794 1803 890 1837 Her-

155 1850 260 1884 cules
288 1851 338 1896 τῷ
355 1848 512 1898 ῥοπάλῳ
540 1848 606 1892 τὰς
630 1847 804 1891 κεφαλὰς
820 1848 890 1882 αῦ-

154 1897 222 1942 τῆς
268 1894 426 1939 εκοψεν.
475 1897 648 1942 Apollod.
692 1900 731 1939 2,
773 1899 814 1938 5,
858 1898 890 1931 2.

153 1944 313 1988 Proprie
346 1945 464 1990 igitur
498 1946 661 1978 contudit
694 1944 789 1978 dixit
821 1955 890 1989 pro

150 1994 316 2034 peremit.
355 1992 431 2026 Cfr.
459 1991 528 2026 Od.
556 1995 598 2034 4,
623 1994 665 2034 4,
692 1994 733 2024 61
763 2003 817 2036 sq.
845 2011 888 2015 —

153 2040 300 2081 fatali·
320 2038 467 2082 labore]
515 2039 621 2073 fatali
663 2039 891 2073 necessitate

151 2086 310 2121 Herculi
359 2086 537 2131 imposita
578 2086 623 2120 ab
643 2101 646 2104 ·
666 2085 891 2131 Eurystheo,

153 2134 245 2178 quia
269 2134 342 2177 hic,
367 2145 447 2168 rem
473 2134 526 2168 ita
542 2133 761 2168 moderante
777 2133 892 2167 Iuno-

153 2191 213 2224 ne,
238 2182 343 2225 prior
368 2182 435 2215 illo
462 2184 572 2216 natus
600 2183 691 2215 erat.
717 2200 763 2204 —
791 2182 890 2214 Com-

149 2229 247 2269 perit
295 2230 474 2262 invidiam
524 2228 617 2271 cet]
669 2253 685 2271 „
701 2227 892 2272 Comperit

153 2286 271 2308 unum
297 2277 422 2310 tamen
448 2278 670 2318 monstrum,
697 2275 890 2317 invidiam,

152 2321 263 2355 aliter
319 2333 397 2356 non
452 2333 564 2366 posse
620 2322 766 2356 domari
816 2322 890 2356 nisi

151 2372 272 2403 morte
299 2370 402 2411 eius,
439 2370 500 2403 cui
526 2369 737 2412 invidetur;
729 2369 759 2389 ·“
792 2379 890 2412 nam,

153 2418 196 2449 ut
220 2416 274 2449 ait
298 2395 453 2450 Arist’ot.
479 2417 589 2450 Rhet.
621 2418 662 2471 2,
699 2419 760 2450 10:
760 2414 891 2471 πρὸς

152 2460 243 2505 τοὺς
265 2461 480 2519 μυριοστὸν
505 2459 590 2505 ἔτος
614 2442 729 2505 ὄντας
752 2458 777 2507 ἢ
796 2461 892 2510 πρὸς

153 2507 244 2552 τοὺς
289 2509 501 2553 ἐσομένους
548 2506 574 2553 ἢ
617 2510 891 2552 τεθνεῶτας

154 2556 444 2601 (φιλοτιμεῖται)
467 2554 603 2598 οὐδείς.
630 2557 735 2591 Conf.
755 2557 802 2591 ad
821 2557 889 2591 Od.

154 2606 194 2647 3,
233 2606 298 2647 24,
340 2606 409 2638 31:
455 2606 631 2639 Virtutem
670 2605 890 2639 incolumem

152 2653 311 2694 odimus,
346 2653 536 2686 Sublatam
563 2660 609 2685 eoe
634 2652 748 2684 oculte
776 2661 890 2692 quae-

151 2699 278 2741 rimus,
303 2700 429 2733 invidi.
450 2717 493 2723 —-
510 2698 698 2741 portenta]
723 2698 799 2733 Cfr.
819 2698 889 2732 Od.

946 1097 989 1138 1,
1016 1096 1080 1138 22,
1107 1097 1161 1129 13.
1187 1095 1340 1130 Lucret.
1366 1098 1407 1138 5,
1433 1097 1490 1129 37.
1516 1095 1561 1130 de
1586 1095 1680 1129 feris

944 1142 989 1176 ab
1020 1142 1184 1176 Hercule
1218 1143 1348 1177 victis:
1385 1143 1511 1177 Cetera
1543 1144 1586 1176 de
1619 1151 1679 1184 qe-

943 1198 1029 1223 nere
1046 1191 1111 1223 hoc
1130 1199 1224 1231 quae
1241 1193 1326 1224 sunt
1346 1192 1523 1232 portenta
1535 1198 1679 1232 perem-

940 1240 1017 1279 pta.
1046 1256 1088 1260 ——
1115 1246 1285 1279 supremo
1310 1237 1406 1280 nna]
1441 1238 1541 1270 Fim's
1567 1237 1679 1271 etiam

944 1284 1115 1318 absolute
1143 1284 1282 1319 dicitur
1307 1295 1376 1328 pro
1402 1286 1529 1317 morte.
1566 1283 1679 1327 (Tac.

942 1331 1042 1366 Anu.
1079 1334 1142 1374 15,
1177 1332 1250 1374 63.)
1302 1331 1447 1366 Clarior
1479 1333 1606 1366 autem
1636 1342 1680 1365 ea

944 1379 1171 1424 significatio
1204 1378 1246 1413 fit
1278 1379 1405 1413 addito
1439 1390 1472 1413 v.
1497 1387 1678 1421 supremo,

943 1428 1026 1459 das
1088 1427 1331 1460 dusserste
1392 1427 1504 1460 Ziel.
1571 1424 1677 1459 Ovid.

942 1472 1029 1507 Met.
1065 1476 1105 1516 3,
1139 1475 1231 1507 136:
1265 1475 1406 1515 dicique
1438 1475 1563 1507 beatus
1588 1474 1679 1506 Ante

943 1522 1079 1554 obitum
1111 1529 1217 1554 nemo
1253 1529 1567 1562 supremaque
1603 1521 1678 1562 su-

943 1577 1054 1601 nera
1085 1569 1198 1601 debet.
1225 1587 1269 1591 —
1298 1569 1376 1601 Urit
1409 1568 1493 1611 cet]
1521 1566 1677 1611 „Splen-

942 1615 1033 1650 dore
1076 1616 1175 1649 enim
1217 1625 1287 1649 suo
1329 1615 1447 1649 laedit
1487 1614 1677 1660 aequales,

943 1662 1011 1707 qui
1049 1665 1261 1696 ceterorum
1298 1665 1398 1697 artes
1439 1662 1676 1705 virtutesque

943 1710 1021 1743 suis
1055 1710 1168 1754 longe
1206 1709 1407 1743 inferiores
1444 1708 1677 1753 praeponde-

942 1767 1027 1790 rare
1047 1758 1083 1790 et
1100 1758 1301 1800 propterea
1322 1757 1404 1800 ipso
1423 1766 1492 1789 suo
1509 1754 1676 1799 pondere

940 1805 1054 1847 atque
1072 1804 1107 1836 vi
1126 1803 1272 1848 ingenti
1287 1802 1500 1847 deprimere
1513 1802 1554 1835 in
1574 1804 1677 1836 tene-

940 1849 1027 1884 bras
1046 1849 1237 1892 videtur;“
1263 1858 1373 1883 urere
1392 1860 1482 1895 ergo
1501 1851 1558 1883 est
1577 1849 1676 1892 „lae-

941 1896 1050 1939 dere,
1089 1897 1279 1931 offendere
1315 1908 1378 1939 eo,
1417 1895 1519 1941 quod
1552 1897 1677 1930 aliena

939 1944 1062 1988 gloria
1086 1947 1275 1988 tamquam
1308 1944 1435 1989 fulgor
1460 1943 1591 1978 oculos
1617 1954 1676 1977 re—

940 1991 1129 2036 liquorum
1138 1991 1415 2037 praestringit,“
1422 1998 1676 2033 praem-avare

940 2041 1066 2073 autem
1103 2038 1357 2083 ,Udeprimere
1391 2039 1676 2072 niederdrss-

941 2086 1093 2128 cken‚“
1128 2088 1171 2119 ut
1197 2086 1271 2120 Sat.
1298 2087 1336 2129 2,
1363 2087 1396 2128 2,
1421 2087 1478 2119 78.
1507 2104 1551 2108 -
1577 2086 1676 2118 artes

942 2133 1027 2176 cet]
1046 2133 1228 2167 latissima
1255 2132 1544 2178 significatione,
1572 2132 1676 2175 ,ἐπι-

941 2177 1469 2224 τηδεύματα,81111118,81718111
1494 2179 1535 2213 in
1561 2179 1675 2213 rebus

941 2228 1139 2270 civilibus⁷
1164 2228 1326 2271 ideoque
1350 2226 1524 2261 homines
1550 2225 1675 2268 simul,

941 2275 1007 2319 qui
1057 2254 1151 2308 tale⁷s
1199 2277 1299 2308 artes
1349 2274 1496 2308 minore
1536 2273 1676 2318 peritia

940 2333 1053 2366 quam
1078 2322 1160 2366 ipse
1185 2322 1251 2355 ille
1277 2321 1335 2355 vir
1365 2331 1534 2356 summus
1560 2322 1674 2364 atque

940 2368 1290 2413 experientissimus
1310 2367 1520 2402 exercent.“
1550 2368 1675 2411 „Artes

939 2419 1064 2450 autem
1098 2415 1336 2450 accusativus
1367 2418 1425 2450 est
1449 2425 1526 2449 non
1552 2414 1674 2448 solum

939 2474 972 2496 v.
1004 2465 1231 2505 praeoravat
1264 2462 1443 2507 potestati
1476 2462 1673 2502 obnoxius,

941 2510 1006 2544 sed
1039 2510 1196 2544 alterius
1235 2520 1385 2554 quoque
1423 2509 1533 2543 urim
1582 2507 1674 2541 DIL-

940 2565 1052 2591 LENB.
1072 2576 1114 2581 —-
1135 2557 1346 2600 eaescinctus]
1363 2558 1450 2601 apte
1468 2554 1673 2600 opponitur

938 2605 1078 2646 [ulqori
1103 2604 1172 2638 illi.

989 2653 1123 2686 15-17.
1184 2651 1375 2685 Praesenti
1426 2649 1518 2692 cet]
1569 2647 1673 2691 „Nos

940 2702 1070 2733 contra
1094 2699 1164 2732 hac
1182 2698 1222 2731 in
1240 2708 1282 2732 re
1299 2696 1438 2741 priscis
1462 2695 1540 2730 illis
1559 2695 1674 2730 Grae-
