1786 2912
184 148 265 190 104

687 144 895 183 HORA'TII
919 149 1204 185 SATIRARUM

301 247 510 291 Garrulus
543 249 656 292 hunc
689 249 856 305 quando
888 254 1109 293 consumet
1141 265 1328 308 cunque3
1361 253 1580 309 loquaces,

296 319 343 361 Si
375 320 527 376 sapiat,
564 320 686 374 vitet,
719 320 845 362 simul
875 324 1003 376 atque
1035 321 1268 366 adoleverit
1300 327 1432 367 aetas.

293 390 483 433 Ventum
515 395 607 433 erat
640 391 695 433 ad
726 390 903 445 Vestae,
937 395 1087 447 quarta
1117 393 1202 435 iam
1234 398 1355 450 parte
1387 394 1472 438 diei

1643 394 1721 437 35.

292 461 549 515 Praeterita,
584 466 626 505 et
658 476 760 504 casu
790 466 893 504 tunc
923 463 1184 519 respondere
1215 465 1370 508 vadato

290 532 503 586 Debebat,
537 533 651 589 quod
681 533 726 575 ni
759 533 950 587 fecisset,
982 534 1163 590 perdere
1194 535 1326 579 litem.

272 664 328 696 36.
365 665 522 697 vadatus
548 663 744 697 Bentleius
770 664 1007 706 coniectura,
1042 667 1084 698 ut
1113 668 1200 700 ante
1225 661 1454 701 Laurentius
1479 667 1520 700 in
1544 666 1651 701 Anti-

224 710 368 753 quario,
396 714 433 744 et
458 722 498 745 re
525 722 615 745 vera
641 711 695 745 sic
722 722 823 745 unus
849 711 1152 757 Bambergensis‚
1178 716 1273 747 teste
1299 713 1460 748 Iaeckio.

174 825 406 864 consumptus
441 826 502 856 est.
537 842 580 847 —
615 823 736 866 tussis]
763 823 911 864 φθίσις,

175 869 336 912 „tabes.“
355 890 398 894 -
413 870 537 913 tarda]
562 871 770 913 transitive,
791 881 909 915 „quae

174 917 302 951 tardos
328 917 486 951 reddit.“
523 918 658 952 Oatull.
685 919 742 959 71,
768 920 812 952 2:
838 919 911 951 Aut

173 965 204 997 si
231 973 339 1005 quem
363 967 493 999 merito
527 967 638 999 tarda
659 966 831 1007 podagra
855 975 911 999 se-

172 1014 243 1045 cat.
272 1031 315 1036 —-
342 1013 688 1055 quando-cunque]
717 1013 910 1057 „aliquan-

171 1059 271 1101 do“,
308 1061 459 1104 proprie
501 1060 837 1105 „quandocunque
869 1060 908 1094 id

171 1106 236 1140 fiet
248 1109 278 1148 “,
305 1109 348 1141 ut
372 1106 478 1141 Ovid.
502 1107 590 1142 Met.
615 1110 648 1149 6,
667 1109 754 1141 543:
779 1109 812 1140 si
835 1116 910 1141 non

167 1155 360 1196 perierunt
385 1156 509 1188 omnia
539 1164 698 1196 mecum,
735 1156 908 1197 Quando-

172 1209 313 1242 ounque
353 1203 441 1235 mihi
479 1211 616 1244 poenas
663 1203 778 1236 dabis.
852 1203 908 1236 De

171 1249 282 1282 tmesi'
313 1250 412 1283 conf.
446 1249 516 1283 Od.
551 1252 590 1292 1,
624 1252 665 1291 6,
698 1251 730 1283 3.
757 1269 799 1273 -
827 1258 910 1283 con-

169 1297 300 1340 sumet]
323 1297 520 1331 interitum
544 1297 688 1331 lentum
707 1308 750 1331 ac
767 1297 908 1332 doloris

170 1343 325 1387 plenum
363 1344 563 1390 significat.
590 1364 631 1368 —
657 1346 768 1378 simul
799 1348 909 1385 atque

171 1392 373 1425 adoleverit
411 1392 537 1435 aetas]
576 1392 680 1437 Virg.
718 1392 811 1426 Aen.
854 1394 908 1434 12,

170 1439 263 1471 438:
295 1447 383 1473 moa:
415 1448 498 1472 cum
527 1442 677 1473 matura
709 1441 908 1473 adoleverit

170 1487 283 1519 aetas.
334 1485 455 1520 Etiam
498 1486 538 1520 in
575 1497 688 1531 prosa
726 1487 907 1522 oratione.

170 1531 250 1566 Liv.
279 1536 310 1575 1,
335 1535 369 1575 4,
393 1535 433 1567 8:
460 1543 541 1567 cum
564 1536 725 1576 primum
750 1535 908 1567 adolevit

171 1582 284 1613 aetas.
351 1580 428 1614 Cic.
462 1581 599 1615 Aecus.
626 1582 731 1614 'Vei-r.
771 1584 811 1623 3,
849 1583 906 1623 68,

173 1629 262 1661 160:
300 1630 421 1662 aetate
455 1629 597 1662 adulta.
626 1648 668 1652 ——
694 1628 801 1662 Ficto
840 1640 906 1662 au-

170 1676 244 1708 tem
278 1676 350 1709 hoc
383 1675 560 1710 vaticinio
594 1676 767 1710 omnibus
796 1676 906 1709 istius

170 1722 332 1757 hominis
359 1723 546 1757 similibus
573 1723 759 1768 significat
784 1734 823 1756 se
850 1724 906 1756 ni-

169 1770 225 1803 hil
251 1770 369 1815 magis
388 1770 594 1804 abominari
621 1781 731 1815 quam
756 1771 905 1815 ineptos

170 1827 214 1851 ac
242 1818 430 1852 molestos.

219 1867 340 1898 35-37.
354 1866 402 1898 ad
418 1865 554 1908 Vestae]
572 1868 614 1899 ut
627 1864 690 1899 Gr.
708 1867 762 1907 εἰς
775 1862 906 1899 Ἀπόλ-

169 1911 302 1953 λωνος.
354 1913 440 1955 „Ad
477 1913 660 1947 fornicem
698 1912 905 1947 Fabianum

171 1970 218 1994 ex
243 1959 357 1994 Sacra
382 1961 441 1994 via
467 1961 726 1994 sinistrorsum
752 1971 791 1994 se
819 1970 906 1994 con-

170 2010 362 2041 verterant
394 2010 584 2052 tamquam
611 2007 777 2042 Tiberim
810 2007 905 2052 peti-

171 2055 268 2095 turi,
307 2057 411 2089 trans
447 2065 557 2099 quem
591 2055 729 2089 cubare
760 2054 906 2089 dixerat

170 2102 352 2145 amicum3
402 2103 475 2136 iam
523 2102 820 2147 progrediuntur
861 2113 905 2136 eo

170 2149 265 2190 vico,
292 2160 403 2194 quem
430 2150 500 2183 sub
518 2149 628 2183 Velia
652 2152 822 2184 vocatum
850 2160 907 2183 ar-

171 2195 374 2239 bitramur,
422 2200 459 2231 et
499 2197 647 2239 tandem
685 2196 731 2231 ad
771 2197 905 2230 Vestae

171 2244 350 2288 templum
374 2244 635 2288 perveniunt.“
665 2244 906 2278 GOETTLING.

171 2290 308 2324 Vestae
334 2295 459 2326 autem
485 2293 664 2336 templum
696 2291 742 2325 ad
768 2291 905 2326 Forum

170 2338 270 2370 inter
290 2337 517 2382 Capitolium
544 2342 581 2373 et
601 2339 787 2373 Palatium
815 2341 905 2373 erat.

171 2384 316 2418 Becker
334 2386 380 2419 de
397 2386 538 2420 Romae
555 2389 628 2419 vet.
645 2387 764 2421 muris
783 2397 819 2431 p.
837 2387 881 2420 25
896 2397 905 2419 z

173 2431 291 2475 „Fuit
316 2432 516 2467 delubrum
543 2433 700 2475 Vestae,
740 2445 813 2478 quo
839 2443 906 2466 no-

171 2479 272 2513 mine
299 2480 409 2514 etiam
435 2480 589 2525 Regiam
616 2480 906 2525 comprehendo,

171 2527 277 2560 iuxta
299 2527 438 2561 Forum
463 2528 695 2569 Romanum,
734 2529 832 2570 sive,
865 2530 908 2561 ut

172 2574 297 2607 solent
312 2574 485 2616 Romani,
511 2574 700 2619 quidquid
719 2575 906 2609 aedificio·

172 2632 254 2654 rum
280 2622 382 2656 circa
406 2633 531 2656 aream
556 2622 643 2656 Fori
670 2625 761 2664 erat,
787 2622 906 2666 ipsius

171 2667 259 2702 Fori
285 2672 430 2713 partem
455 2679 608 2711 vocare,
646 2669 685 2702 in
712 2669 808 2703 Foro
834 2669 907 2703 Ro-

171 2718 317 2749 mano.“
349 2716 397 2750 Et
420 2716 589 2761 proxime
617 2716 767 2760 quidem
794 2716 905 2751 aedes

960 823 1095 859 Vestae
1129 825 1338 870 attingebat
1366 825 1525 860 Libonis
1556 827 1698 870 puteal,

960 871 1023 904 ubi
1058 872 1198 907 iudicia
1231 873 1401 907 exerceri
1434 873 1546 908 solita
1577 877 1696 908 erant.

960 919 1067 952 Conf.
1093 919 1141 954 ad
1167 919 1234 953 Od.
1263 923 1300 962 1,
1330 922 1364 963 2,
1391 922 1446 954 15.
1473 940 1515 944 -
1542 924 1696 962 quarta-

955 970 1064 1008 parte
1089 967 1175 1010 diei]
1204 968 1318 1010 „hora
1342 968 1488 1002 tertia.“
1534 967 1695 1003 Martial.

959 1016 992 1055 4,
1007 1015 1039 1055 8,
1054 1016 1093 1047 2:
1111 1016 1266 1048 Eoeercet
1284 1023 1416 1048 raucos
1434 1017 1546 1048 tertia
1571 1016 1693 1058 (hora)

959 1062 1170 1095 causidicos.
1199 1081 1240 1086 —
1266 1062 1503 1105 respondere]
1534 1062 1574 1096 in
1600 1063 1694 1103 iure,

961 1108 1028 1149 „ad
1054 1109 1240 1143 iudicium
1266 1109 1431 1144 adesse.“
1464 1109 1543 1143 Cic.
1559 1109 1694 1144 Accus.

958 1155 1066 1189 Verr.
1103 1159 1141 1198 1,
1178 1159 1217 1198 1,
1253 1159 1298 1190 1:
1337 1158 1543 1198 opinionem
1565 1159 1695 1199 populi

958 1204 1117 1236 Romani
1149 1205 1279 1246 fuisse,
1319 1206 1353 1238 C.
1391 1205 1539 1237 Verrem
1574 1206 1693 1238 altera

958 1252 1099 1284 actione
1115 1259 1375 1293 responsurum
1397 1259 1471 1284 non
1488 1260 1562 1285 esse
1578 1260 1693 1293 neque

958 1299 1007 1330 ad
1030 1299 1207 1331 iudicium
1232 1300 1436 1339 amaturum
1449 1308 1462 1331 .·
1482 1316 1498 1323 -
1514 1317 1529 1324 -
1542 1302 1693 1340 praesto

959 1347 1029 1387 est,
1061 1348 1273 1388 respondet,
1307 1346 1526 1387 defenditur.
1552 1365 1597 1370 —
1627 1355 1692 1380 va-

957 1392 1058 1435 dato]
1094 1418 1110 1435 „
1124 1393 1177 1435 ei,
1211 1393 1277 1437 qui
1307 1403 1393 1427 eum
1418 1392 1574 1427 vadatus
1600 1396 1691 1436 erat,

956 1441 1164 1474 vadimonio
1213 1440 1491 1482 obliqaverat“,
1545 1442 1588 1474 ut
1639 1440 1693 1475 ait

958 1487 1074 1521 Gaius
1100 1490 1133 1530 4,
1161 1489 1241 1522 187.
1265 1487 1388 1521 Plaut.
1408 1487 1518 1522 Ourc.
1545 1490 1576 1530 1,
1596 1490 1628 1529 3,
1646 1489 1691 1521 5:

956 1534 1029 1567 PL.
1058 1536 1122 1568 Ubi
1147 1538 1186 1568 tu
1212 1544 1260 1577 es,
1286 1536 1350 1575 qui
1373 1543 1430 1567 me
1454 1536 1691 1569 couvadatu's

962 1582 1117 1614 Veneriis
1156 1582 1404 1615 vadimoniis?
1457 1582 1522 1614 Ubi
1562 1584 1601 1614 tu
1644 1591 1690 1623 es,

957 1630 1020 1669 qui
1054 1638 1111 1662 me
1150 1629 1270 1661 libello
1312 1629 1462 1666 Venerio
1504 1629 1691 1662 citavisti?

954 1677 1045 1708 Eece
1070 1678 1145 1708 me!
1169 1677 1273 1710 Sisto·
1287 1684 1351 1716 eqo
1376 1676 1440 1708 tibi
1463 1683 1520 1709 me
1545 1678 1578 1709 et
1603 1677 1693 1709 mihi

956 1724 1083 1756 contra
1116 1724 1240 1756 itidem
1273 1725 1306 1756 te
1338 1724 1379 1755 ut
1410 1724 1518 1756 sistas
1542 1725 1690 1756 suadeo.

954 1769 1031 1803 PH.
1056 1771 1191 1803 Adsum
1216 1773 1286 1804 cet.
1323 1769 1399 1803 Alii
1430 1769 1556 1804 minus
1589 1773 1690 1804 recte

953 1819 1086 1851 vadato
1119 1828 1188 1861 pro
1222 1817 1382 1851 ablativo
1415 1817 1587 1851 absoluto
1626 1817 1690 1852 ha-

954 1864 1062 1906 bent,
1091 1865 1270 1907 „vadibus
1296 1864 1393 1898 datis
1407 1866 1437 1906 “,
1466 1868 1691 1910 „postquam

955 1911 1129 1946 vadatum
1173 1912 1285 1946 erat.“
1353 1912 1550 1946 Bentleius
1592 1912 1690 1946 coni.

955 1970 1060 1992 suam
1085 1961 1243 1993 vadatus
1273 1959 1420 2003 passive
1453 1959 1615 2004 aceepit,
1649 1962 1691 1992 ut

956 2010 1024 2048 est,
1047 2017 1161 2040 sensu
1180 2007 1333 2052 quidem
1351 2007 1544 2048 translato,
1567 2006 1690 2039 Plaut.

955 2053 1090 2087 Bacch.
1117 2056 1159 2095 2,
1186 2056 1226 2095 2,
1253 2057 1297 2087 3:
1336 2056 1396 2087 Ila
1426 2061 1483 2087 me
1512 2055 1691 2087 vadatum

955 2110 1080 2135 amore
1105 2103 1334 2143 vinctumque
1367 2102 1509 2134 atti-raes.
1538 2119 1580 2124 -
1606 2109 1690 2142 per-

955 2150 1039 2182 dere
1076 2149 1195 2192 litem]
1233 2149 1289 2182 Ex
1320 2159 1354 2182 v.
1385 2149 1535 2182 debebat
1569 2147 1689 2181 elice:

958 2196 1021 2238 „ei
1053 2206 1208 2230 necesse
1241 2196 1354 2230 erat.“
1405 2197 1566 2229 Perdere
1592 2195 1691 2228 litem

956 2248 1014 2277 est
1050 2244 1161 2277 etiam
1199 2243 1299 2288 apud
1337 2242 1413 2276 Cic.
1448 2242 1495 2276 de
1527 2241 1630 2276 Orat.
1659 2245 1689 2283 1,

957 2293 1013 2331 36,
1041 2293 1131 2332 167.,
1160 2292 1256 2324 litem
1282 2291 1448 2324 amittere
1465 2300 1533 2333 pro
1551 2289 1689 2322 Roscio

957 2337 1056 2371 Com.
1076 2340 1108 2379 4,
1129 2339 1183 2371 10.
1214 2339 1272 2371 Lis
1298 2339 1422 2371 autem
1449 2337 1485 2369 h.
1503 2337 1528 2369 l.
1547 2346 1690 2370 summa

956 2385 1172 2427 vadimonii,
1199 2395 1295 2429 quae
1320 2383 1414 2418 tanti
1437 2386 1530 2425 erat,
1555 2383 1687 2427 quanti

956 2443 1028 2474 res,
1055 2432 1100 2466 de
1127 2443 1201 2477 qua
1227 2431 1439 2476 litigabant,
1466 2433 1509 2464 ut
1533 2432 1690 2475 apparet

956 2490 1001 2513 ex
1027 2479 1121 2513 Gaio
1141 2481 1174 2521 4,
1194 2480 1280 2512 185:
1305 2480 1416 2512 Fiunt
1441 2479 1563 2511 autem
1587 2478 1689 2510 vadi-

955 2528 1079 2560 monia
1105 2527 1320 2568 quibusdam
1353 2534 1400 2559 ea·-
1432 2526 1550 2559 causis
1578 2532 1688 2565 pura,

954 2575 992 2607 id
1018 2579 1066 2606 esi
1090 2575 1167 2607 eine
1191 2574 1447 2612 satisdationm
1477 2590 1492 2596 -
1511 2589 1526 2596 -
1542 2572 1689 2612 quibus-

955 2622 1040 2654 dam
1064 2621 1382 2662 recuperatoribus
1406 2619 1617 2660 suppositis,
1651 2619 1689 2650 id

956 2671 1005 2701 est
1030 2671 1082 2710 ut,
1108 2669 1261 2709 quinon
1285 2668 1440 2708 steterit,
1465 2667 1497 2698 is
1519 2667 1687 2707 protinus

955 2725 979 2749 a
1002 2716 1319 2757 recuperatoribus
1350 2715 1389 2746 in
1419 2721 1598 2747 summam
1622 2721 1687 2745 va-
