1774 2930
659 130 827 166 Lmn.
876 128 1066 164 SAT.1V.

1529 127 1614 170 193

222 234 444 292 Ignarum,
475 233 629 290 quibus
660 237 727 275 est
755 233 822 274 ius
853 231 995 288 aptius
1025 235 1069 273 et
1098 229 1253 286 quibus
1283 229 1392 271 assis

223 305 473 362 Languidus
503 305 549 346 in
580 303 770 346 cubitum
798 303 885 344 iam
915 316 962 344 se
992 301 1171 344 eonviva
1198 305 1391 357 reponet.

223 375 385 419 Umber
415 381 459 419 et
486 376 623 431 iligna
649 374 834 416 nutritus
864 372 1019 429 glande
1046 371 1251 414 rotundas

1557 371 1614 412 40

228 446 390 490 Curvat
417 461 520 503 aper
548 447 693 488 lances
725 459 894 487 carnem
923 443 1099 486 vitantis
1128 443 1332 496 inertem3

225 516 336 560 Nam
364 517 559 560 Laurens
589 517 726 559 malus
759 520 844 570 est,
874 515 989 573 ulvis-
1015 517 1059 556 et
1089 513 1295 556 arundine
1324 513 1511 570 pinguis.

226 588 367 631 Vinea
397 588 611 630 submittit
640 601 815 643 capreas
845 599 931 628 non
961 599 1132 641 semper
1158 584 1321 627 edules.

226 658 455 702 Fecundae
484 658 642 714 leporis
672 658 844 714 sapiens
875 656 1106 699 sectabitur
1135 669 1289 698 armos.

207 803 263 834 41.
290 802 422 834 curvat
446 799 544 844 bScp
577 802 616 834 et
646 809 774 833 omnes
805 797 997 832 Pettierii:
1031 799 1161 831 curvet
1187 808 1207 831 e
1233 796 1350 831 Codd.
1374 795 1571 830 Bentleius

161 850 197 882 et
221 847 269 881 M.
309 867 351 871 —-
388 849 445 881 44.
481 847 640 881 Fecundi
663 846 754 891 bcp,
779 856 908 879 omnes
932 844 1107 879 Pottierii
1132 847 1169 878 et
1192 844 1426 887 Bentleiani‚
1458 843 1572 876 LtFJ.

110 960 289 1001 praedam
305 967 446 992 omnem
457 959 603 992 domn
615 959 839 991 avertebant.

111 1005 181 1040 Est
218 1006 355 1051 igitur:
394 1016 446 1047 „a
469 1016 599 1040 mensa
637 1005 841 1050 piscatoria

113 1053 327 1087 carissimos
351 1063 524 1098 quosque
554 1053 678 1097 pisces
704 1052 839 1096 cupide

114 1102 152 1134 et
168 1100 300 1144 quovis
323 1100 445 1144 pretio
467 1100 616 1134 auferre
641 1103 753 1144 atque
781 1109 840 1133 ce-

112 1146 243 1181 leriter
252 1147 337 1181 aliis
344 1146 562 1191 praeripere
572 1146 840 1191 emptoribus.“

112 1195 290 1228 averrere
321 1194 410 1229 item
443 1194 490 1228 ad
521 1205 687 1228 mensam
718 1194 842 1238 pisca-

115 1240 250 1275 toriam
274 1241 435 1275 relatum
450 1241 561 1275 modo
586 1241 699 1275 nimis
725 1241 841 1275 artifi-

116 1287 218 1322 cioso
237 1288 483 1333 significaret:
512 1291 575 1330 „ut
598 1288 722 1332 pisces
739 1299 843 1321 ever-

116 1334 237 1368 riculo
264 1335 467 1378 capiuntur
491 1335 531 1367 in
557 1335 671 1377 mari,
698 1336 752 1368 sic
778 1345 842 1368 eos

117 1389 290 1414 averrere
315 1381 641 1424 (weosischen)
666 1382 711 1415 ab
742 1381 841 1415 illa.“

119 1445 163 1451 -—
189 1429 367 1469 lanarum
403 1430 539 1482 quibus·
568 1428 637 1470 est]
676 1438 845 1472 „semper

117 1474 160 1508 in
183 1474 357 1509 omnibus
382 1475 583 1518 eonviviis3
588 1475 721 1509 “hinc
746 1475 844 1509 indi-

118 1521 273 1556 cativus.
297 1539 346 1547 —·
368 1524 426 1556 ias
450 1522 595 1565 aptius]
630 1523 726 1567 „qui
756 1523 843 1556 elixi

117 1563 333 1612 apponendi
365 1571 488 1611 sunt“,
513 1580 607 1614 quos
637 1571 844 1611 patinarias

117 1618 224 1650 voeat
257 1615 380 1650 Plaut.
415 1616 521 1650 Asin.
557 1619 596 1659 1,
633 1619 674 1658 3,
712 1619 768 1650 28.
799 1636 843 1640 —

118 1664 246 1703 qaam
270 1662 382 1706 assis]
407 1663 575 1705 dativus,
607 1674 684 1697 non
709 1664 843 1698 ablati-

117 1719 198 1744 vus.
212 1729 254 1734 -—
267 1710 495 1753 lumidus]
514 1710 714 1755 „fatigatus
731 1711 844 1745 eden-

118 1756 199 1790 do.“
235 1775 285 1782 -
318 1759 361 1790 in
389 1759 547 1791 cubitum
563 1776 579 1782 -
595 1767 632 1791 se
648 1777 664 1784 -
679 1758 843 1801 reponet]

118 1804 325 1845 „suavitate
347 1805 576 1839 condimenti
593 1804 641 1839 ad
658 1805 844 1839 edendum

118 1851 388 1885 revocabimur!
415 1851 543 1885 Con.
562 1852 682 1890 GRUQ.
708 1852 843 1886 cubito

119 1897 274 1933 sinistro
298 1898 421 1932 innixi
439 1902 476 1933 et
491 1900 647 1943 paulum
672 1910 711 1933 se
736 1900 845 1933 attol-

117 1944 257 1987 lentes,
289 1956 372 1979 cum
398 1946 657 1988 comedebant,
690 1948 729 1979 in
761 1950 843 1980 toro

120 2002 160 2025 se
191 1991 417 2034 fuleiebant3
454 1993 573 2027 saturi
606 1994 646 2026 in
684 1994 846 2027 cervical

120 2048 161 2072 se
185 2039 433 2073 reclinabant.

166 2087 225 2118 41.
249 2087 306 2118 42.
333 2086 480 2128 Cur-vat]
506 2086 567 2119 Sic
583 2087 757 2120 meliores
776 2087 845 2121 Co-

121 2130 235 2174 dices,
259 2142 336 2166 non
361 2135 496 2166 curvet.
534 2132 763 2166 Indicativus
789 2137 847 2167 est

120 2178 363 2222 approbantis
388 2179 489 2223 quod
520 2182 622 2213 recte
646 2180 706 2222 fit,
741 2183 782 2213 ut
805 2181 845 2213 in

121 2226 334 2270 aphorismo
366 2226 426 2260 vel
455 2228 569 2272 κυρίᾳ
599 2223 704 2271 δόξᾳ.
754 2226 847 2260 Cur-

119 2275 182 2306 vat
216 2276 341 2307 autem
377 2284 467 2318 aper
503 2275 630 2308 lances
667 2275 846 2318 gravitate

121 2330 200 2354 sua.
224 2319 300 2354 Nos
324 2321 438 2364 paulo
455 2321 583 2355 aliter:
610 2323 690 2354 der
715 2322 847 2354 Tisch

121 2367 246 2408 Meae
285 2369 385 2401 sich
424 2371 563 2402 anter
602 2370 688 2401 den
726 2369 847 2409 Spei-

119 2422 208 2447 sen.
238 2432 286 2439 —
315 2423 463 2448 carnem
496 2417 645 2448 vitantis
681 2415 847 2458 inertem]

70 2494 78 2499 ,
122 2459 219 2495 Catii
255 2462 371 2506 igitur
402 2463 580 2507 magister
613 2462 849 2506 praeferebat

120 2518 233 2552 apros
281 2509 322 2542 in
370 2509 543 2547 Umbria,
600 2510 758 2543 maxime
807 2510 847 2542 in

119 2553 311 2599 Apennini
330 2556 500 2598 saltibus,
525 2556 624 2590 ilicis
646 2556 848 2601 glandibus

123 2602 540 2656 (Steinejchkernen
564 2602 688 2645 Voss.)
721 2607 848 2647 pastos

122 2647 211 2689 illis,
235 2649 301 2693 qui
325 2650 367 2683 in
387 2650 589 2694 paludibus
606 2650 848 2685 Laurentinis

122 2694 169 2728 ad
193 2705 294 2730 mare
319 2696 482 2731 Tuscum
507 2698 607 2731 inter
627 2697 787 2731 Ardeam
813 2699 850 2731 et

192 2764 293 2791 Boron
310 2766 376 2791 vol.
393 2766 433 2791 11.
468 2766 522 2792 nd.
538 2767 633 2792 minor
650 2767 684 2792 V.

889 957 1026 991 ostium
1052 956 1199 991 Tiberis
1231 955 1496 1000 capiebantur,
1530 954 1621 999 quia

888 1005 1022 1038 horum
1041 1014 1128 1038 caro
1144 1006 1255 1046 iners,
1273 1003 1439 1048 insipida
1456 1005 1493 1036 et
1505 1002 1621 1045 fatua,

889 1054 998 1085 esset.
1024 1051 1118 1085 Fea:
1144 1050 1394 1093 „Etiamnunc
1418 1050 1527 1095 volgo
1553 1060 1622 1083 no-

889 1101 979 1141 tum,
1004 1109 1115 1143 apros
1140 1101 1178 1132 et
1202 1108 1288 1132 sues
1313 1097 1449 1143 glande
1475 1097 1623 1142 sagina-

890 1149 948 1180 tos
965 1145 1119 1180 duriore
1137 1148 1175 1179 et
1191 1145 1370 1180 solidiore
1389 1155 1503 1184 carne
1526 1154 1621 1187 esse,

891 1204 987 1238 quae
1021 1193 1200 1227 saliturae
1234 1196 1271 1226 et
1296 1192 1470 1226 omnibus
1504 1191 1622 1226 salsa-

890 1241 1026 1274 mentis
1051 1243 1089 1274 et
1114 1239 1323 1273 condituris
1344 1239 1468 1283 aptior
1493 1242 1531 1272 et
1554 1238 1623 1272 dn-

891 1287 1082 1321 rabilior.“
1110 1287 1251 1320 Contra
1267 1286 1410 1320 Statius
1430 1285 1517 1319 Silv.
1537 1288 1570 1327 4,
1588 1287 1622 1327 6,

894 1337 956 1367 10:
982 1336 1114 1367 Tuscus
1140 1342 1231 1375 aper
1250 1334 1460 1374 onerosior
1479 1334 1621 1366 Umbro.

892 1382 1097 1423 (Lucanum
1126 1391 1257 1425 aprum
1290 1380 1421 1414 laudat
1442 1379 1624 1413 Horatius

893 1427 1020 1470 Sat-2,
1038 1430 1071 1470 3,
1089 1430 1170 1462 234.
1195 1429 1228 1470 2,
1254 1429 1288 1469 8,
1312 1430 1345 1462 6.
1369 1429 1537 1462 Marsum
1554 1425 1624 1461 Od.

896 1478 927 1516 l,
953 1477 986 1516 1,
1011 1475 1623 1518 28.)-ulvts]Kotbenschitf,

892 1524 1080 1556 Koloen.
1130 1522 1240 1556 Voss.
1266 1541 1310 1545 —
1336 1523 1519 1555 arundine
1540 1522 1625 1563 pin-

893 1569 995 1612 auis]
1027 1569 1084 1603 De
1107 1570 1166 1603 his
1191 1569 1297 1614 Vir-g.
1322 1569 1416 1603 Aen.
1444 1571 1508 1610 10,
1534 1570 1623 1602 708:

892 1625 1013 1658 aper-
1029 1634 1064 1658 ·‚
1107 1625 1214 1657 quem
1237 1634 1253 1641 —
1277 1618 1447 1658 Defendit
1473 1634 1490 1640 -
1510 1617 1624 1657 palus

890 1665 1102 1706 Laurentia,
1127 1665 1224 1697 silva
1248 1665 1381 1697 Pastas
1407 1664 1623 1696 amndima.

939 1760 995 1791 43.
1021 1760 1077 1791 44.
1109 1759 1218 1791 Vinea
1243 1758 1330 1800 cet.]
1361 1758 1543 1802 „Propter
1566 1756 1624 1790 fo-

892 1805 1029 1839 liorum
1046 1805 1132 1839 vitis
1156 1805 1443 1839 amaritudinem
1470 1815 1624 1848 caprea-

891 1863 975 1886 rum
998 1853 1059 1886 his
1091 1856 1284 1897 pasterum
1309 1863 1397 1886 caro
1422 1862 1499 1885 non
1530 1862 1625 1885 sem-

892 1911 960 1944 per
983 1900 1110 1944 placet
1132 1900 1277 1944 palato3
1304 1900 1484 1944 quocirca
1508 1909 1624 1943 quae-

892 1947 1033 1980 rendae
1063 1947 1190 1991 potius
1216 1957 1374 1991 capreae
1399 1948 1438 1980 in
1465 1946 1624 1980 saltibus

894 1998 1042 2038 captae,
1079 2005 1176 2038 quae
1213 2005 1366 2038 gramen
1399 2004 1443 2028 ae
1477 1997 1623 2038 segetes

892 2041 1181 2084 depascuntur.“
1199 2060 1242 2064 —
1254 2041 1445 2083 submittit]
1465 2051 1624 2084 „suppe-

893 2087 1020 2120 ditatf
1048 2106 1091 2110 ——
1117 2088 1323 2130 Fecundae]
1356 2087 1511 2120 Minime
1535 2088 1625 2120 reii-

894 2133 1028 2168 cienda
1050 2133 1323 2178 Porphyrionis
1348 2138 1387 2167 et
1404 2134 1543 2168 Comm.
1562 2133 1623 2167 Gr.

894 2181 1113 2224 explicatio:
1141 2180 1260 2222 „Quia
1276 2181 1453 2215 dicuntur
1478 2191 1625 2225 semper

893 2230 1143 2272 praegnantes
1158 2238 1239 2261 esse
1252 2228 1435 2272 lepores.“
1456 2227 1626 2269 (Scilicet

895 2285 941 2308 ex
964 2278 1131 2308 veterum
1156 2277 1270 2319 atque
1295 2276 1408 2309 etiam
1439 2276 1625 2310 recentio-

894 2333 977 2355 rum
1001 2322 1272 2356 nonnullorum
1289 2322 1461 2356 doctrina
1476 2322 1625 2366 lepores

895 2368 1152 2412 superfetant.)
1179 2388 1223 2393 -—-
1247 2371 1393 2411 sapiens
1427 2371 1627 2404 sectabitur

895 2415 1031 2458 armos]
1051 2415 1221 2458 „Peritus
1238 2418 1522 2464 γαστρονομὶας
1536 2427 1625 2451 con-

894 2463 979 2496 viva
1002 2473 1079 2496 non
1104 2466 1244 2497 temere
1261 2464 1365 2498 aliud
1382 2464 1523 2509 leporis
1544 2464 1624 2497 fru-

896 2512 995 2543 stum
1028 2510 1162 2555 seliget
1194 2511 1269 2545 nisi
1299 2520 1421 2544 armos
1447 2512 1625 2554 (Schul—

896 2557 1041 2600 tern)‚
1066 2557 1204 2602 quippe
1223 2558 1290 2603 qui
1309 2559 1440 2603 optimi
1467 2559 1542 2591 sint
1567 2568 1625 2591 sa-

895 2604 1032 2648 poris.“
1059 2604 1136 2638 Gfr.
1154 2604 1229 2639 Sat.
1247 2607 1281 2648 2,
1308 2607 1341 2647 8,
1367 2608 1431 2638 89:
1457 2606 1502 2637 Et
1529 2605 1625 2646 lepo-

895 2659 979 2684 rum
1019 2653 1179 2694 avolsos,
1227 2656 1268 2686 ut
1308 2653 1422 2685 multo
1462 2652 1624 2694 suavius,

896 2706 1028 2731 amos.

1346 2769 1376 2793 13
