1774 2930
168 140 259 180 472

828 133 1035 175 HORATII
1066 156 1075 163 »-

289 213 476 298 inceptis
509 242 712 297 gravibus
743 242 996 298 plerumque
1029 247 1071 284 et
1106 257 1262 299 magna
1289 243 1494 299 professis

290 312 553 368 Purpureus,
586 313 672 354 late
706 313 778 369 qui
811 312 1048 368 splendeat,
1082 327 1190 355 unus
1223 318 1266 357 et
1297 314 1405 357 alter
1452 314 1456 316 ’

1637 302 1714 356 15‘

293 383 498 425 Adsuitur
529 398 711 439 pannuS,
745 398 842 425 cum
873 384 994 426 lucus
1028 388 1071 426 et
1105 398 1180 427 ara
1208 384 1376 428 Dianae

287 454 345 496 Et
375 455 646 511 properantis
679 469 815 511 aquae
846 469 924 511 per
955 468 1157 497 amoenos
1188 455 1373 498 ambitus
1407 471 1532 512 agros

288 526 376 567 Aut
407 526 568 568 flumen
597 525 798 568 Rhenum
831 530 904 568 aut
936 526 1105 582 pluvius
1137 526 1393 569 describitur
1424 541 1571 580 arcus3

284 595 370 639 Sed
391 610 503 638 nunc
524 611 610 638 non
632 601 723 639 erat
744 596 812 638 his
834 597 966 639 locus.
1009 596 1065 638 Et
1087 597 1269 640 fortasse
1293 612 1545 654 cupressum

283 666 376 709 Scis
409 668 639 710 simulare:
673 668 774 724 quid
807 668 900 722 hoc,
934 669 968 710 si
1002 668 1147 710 fractis
1179 673 1324 711 enatat
1355 683 1518 725 exspes

1634 670 1688 711 20

260 822 315 854 18.
342 823 493 855 Rhenus
520 821 636 856 Codd.
662 822 771 867 aliq.‚
798 824 916 856 Rh-e‘m'
941 822 1020 856 alii.

214 965 363 997 14—18.
390 965 547 1006 Inceptis
575 964 661 1006 cet.]
698 963 905 1006 „poemata

163 1010 271 1055 epica
305 1012 342 1044 et
374 1011 608 1056 tragoediae,
647 1021 744 1055 quae
770 1022 905 1056 magna

162 1058 348 1103 quaedam
374 1069 417 1092 ac
442 1067 516 1091 non
529 1060 635 1100 prius
661 1059 791 1092 audita
817 1069 903 1102 pro-

163 1105 328 1148 mittunt,
355 1116 466 1150 saepe
484 1106 524 1139 in
544 1117 587 1140 eo
606 1109 776 1150 peccant,
802 1106 903 1150 quod

161 1153 367 1196 scriptores
392 1153 501 1187 falsis
528 1153 728 1187 lenociniis
753 1156 903 1187 utentes

159 1200 223 1234 lu’c
248 1201 328 1234 illic
356 1211 430 1234 non
459 1211 527 1234 suo
547 1201 823 1242 lemmatum
840 1201 904 1234 ad-

160 1247 327 1281 hibent.“
356 1267 398 1271 —-
425 1249 643 1289 Purpureus
661 1266 676 1272 -
694 1266 709 1273 -
726 1248 904 1281 Adsuitur

157 1295 321 1338 pannus]
369 1295 546 1340 Intellige
596 1296 655 1329 vel
705 1295 751 1329 de
793 1298 902 1340 togae

161 1345 374 1387 praetextae
417 1343 491 1377 lato
527 1343 632 1377 clavo
666 1343 726 1377 vel
763 1342 808 1376 de
847 1343 903 1376 in-

161 1390 249 1424 stita
287 1391 416 1424 stolae.
478 1389 523 1424 V.
561 1391 733 1424 adsuitur
778 1391 901 1434 ipsum

160 1437 348 1482 significat
381 1437 598 1472 huiusmodi
626 1437 902 1481 descriptiones

158 1485 384 1529 plerumque
408 1495 708 1529 supervacaneas
729 1495 830 1527 esse3
850 1485 902 1518 lo-

159 1532 291 1576 quitur
319 1533 418 1566 enim
453 1533 611 1566 maxime
638 1533 683 1566 de
717 1532 901 1576 intempe-

159 1580 264 1613 stivis
291 1591 313 1614 a
337 1591 379 1614 re
405 1579 723 1625 digressionibus,
749 1579 903 1612 ἐπεισο-

158 1625 265 1668 δίοις.
317 1627 487 1672 Singulis
522 1630 646 1661 autem
682 1638 778 1671 quae
817 1638 902 1661 mox

158 1678 341 1708 memorat
358 1678 490 1709 notare
506 1675 654 1709 videtur
669 1675 772 1708 certa
786 1685 899 1719 quae-

159 1721 244 1755 dam
277 1733 365 1756 suae
397 1723 530 1756 aetatis
557 1724 747 1766 poemata,
781 1722 897 1756 veluti

159 1769 406 1812 probabiliter
426 1770 582 1803 Furium
609 1769 831 1803 Bibaculum
858 1769 896 1802 in

158 1816 313 1851 flumine
352 1817 496 1850 Rheno.
549 1816 625 1850 (tfr.
658 1816 732 1850 Sat.
768 1819 806 1857 l,
843 1818 898 1856 10,

160 1864 217 1896 37.
233 1883 276 1886 —a
294 1863 410 1906 lucus]
437 1863 606 1907 Respicit
631 1863 677 1896 ad
704 1864 739 1896 h.
759 1863 783 1895 L
807 1862 897 1895 Per-

158 1910 239 1944 sius
269 1914 298 1951 1,
323 1912 384 1944 10:
412 1920 476 1943 uec
498 1919 635 1951 ponere
662 1911 783 1943 lucum
808 1911 898 1942 arti-

157 1958 260 2000 ficem
295 1958 409 1991 veluti
437 1958 468 1991 si
494 1957 598 2002 Virg.
624 1958 718 1991 Aen.
746 1959 778 1994 3,
805 1958 897 1990 679:

158 2006 285 2045 quales
333 2014 414 2038 cum
454 2006 588 2038 vertice
630 2006 722 2037 celso
763 2005 897 2037 Aeriae

159 2061 315 2093 quercus
371 2055 436 2086 aut
487 2054 670 2094 coniferae
719 2052 897 2092 cyparissi

159 2100 424 2141 constiterunt,
462 2101 557 2132 silva
590 2100 671 2132 alta
705 2100 803 2132 Iovis
843 2099 897 2131 lu-

158 2155 262 2180 cusve
287 2149 443 2188 Dianae,
471 2157 556 2180 cum
583 2146 687 2188 dixit,
717 2146 897 2190 deinceps

158 2193 198 2227 in
226 2195 283 2228 his
303 2194 560 2229 describendis
585 2194 650 2227 diu
677 2193 897 2227 immoratus

158 2245 268 2275 esset.
321 2242 422 2275 Talis
454 2244 578 2275 autem
610 2242 720 2274 lucus
745 2241 897 2284 copiose

158 2287 323 2322 describi
340 2292 489 2334 poterat
507 2292 544 2323 et
560 2289 599 2322 in
617 2291 778 2331 utraque
795 2288 896 2332 Iphi-

157 2337 269 2380 genia
295 2339 332 2370 et
358 2337 420 2370 ubi
447 2336 606 2370 Dianam
629 2334 896 2369 Nemorensem

157 2383 307 2417 Ariciae
339 2384 478 2417 cultam
512 2385 737 2416 memoraret
774 2384 896 2426 poeta.

160 2449 202 2454 ——
237 2433 283 2463 Et
330 2432 565 2472 properantis
616 2429 703 2472 cet.]
752 2429 896 2463 Versus

158 2477 252 2522 ipsis
278 2478 445 2512 numeris
472 2478 551 2511 suis
589 2477 782 2523 praeclare
809 2487 896 2510 con-

158 2525 339 2559 formatus
366 2528 422 2558 est
447 2525 493 2558 ad
528 2525 598 2558 rivi
633 2525 780 2558 amoeni
814 2534 896 2557 cur-

159 2582 240 2606 sum
258 2572 492 2606 imitandum.
510 2591 550 2594 ——
567 2574 701 2613 flumen
714 2571 894 2613 Rhenum}

158 2619 333 2654 adiectiv.
361 2622 402 2653 ut
427 2618 495 2653 Od.
522 2621 563 2659 4,
589 2621 627 2659 4,
653 2620 717 2652 38:
752 2620 896 2653 Metau-

158 2675 242 2700 rum
279 2668 424 2709 flumen.
474 2666 592 2700 Tacit.
625 2666 722 2700 Hist.
754 2668 794 2707 4,
830 2667 896 2699 12:

158 2722 261 2747 mare
280 2716 478 2748 Oceanum.
499 2733 540 2738 —
559 2713 684 2755 arcus]
710 2713 777 2757 qui
803 2724 896 2757 quo-

955 965 1062 999 modo
1090 976 1165 999 non
1204 976 1271 1009 per
1295 965 1463 1010 putidam
1489 965 1688 1011 digressio-

954 1022 1039 1046 nem
1066 1023 1135 1046 nec
1161 1023 1228 1056 per
1254 1013 1387 1047 inanes
1413 1013 1597 1058 ambages,
1622 1013 1688 1047 sed

952 1060 1099 1103 poetice
1113 1059 1384 1094 describendus
1400 1063 1510 1102 esset,
1535 1060 1687 1094 demon-

954 1106 1086 1140 stravit
1102 1106 1285 1152 Virgilius
1309 1107 1402 1141 Aen.
1428 1110 1462 1149 4,
1479 1109 1563 1141 700:
1590 1109 1687 1149 Erae

952 1155 1026 1186 Iris
1067 1155 1201 1188 croceis
1246 1163 1315 1196 per
1356 1155 1498 1187 eaelum
1544 1155 1687 1187 roseida

948 1202 1096 1242 pinnis,
1134 1202 1238 1235 Mille
1275 1202 1422 1235 trahem
1457 1202 1580 1245 vam'oe
1620 1203 1686 1235 ad-

950 1257 1054 1281 verso
1079 1250 1155 1282 sote
1181 1248 1328 1290 colores,
1355 1249 1522 1282 Devolat.

1002 1297 1120 1329 19-23.
1145 1297 1192 1328 Et
1210 1295 1379 1338 sortasse]
1407 1295 1532 1337 „Auen
1556 1296 1687 1328 kanmt

951 1344 1000 1376 du
1025 1343 1204 1376 vielleicht
1230 1344 1307 1376 eine
1334 1344 1504 1384 cupre-sse
1527 1343 1684 1376 malea!

951 1390 1066 1424 mm>
1093 1389 1202 1424 Turs.
1226 1389 1273 1423 Π.
1303 1401 1338 1434 p.
1366 1391 1447 1423 505.
1471 1408 1516 1414 ——
1541 1398 1686 1431 capres-

950 1437 1044 1480 sum]
1072 1437 1283 1481 „Cupi-esso
1301 1437 1397 1470 nihil
1413 1436 1562 1471 facilius
1579 1437 1686 1482 pingi

951 1485 1106 1529 potest.“
1151 1485 1285 1518 VIOUS.
1329 1484 1604 1526 „Proverbium
1630 1487 1687 1519 est

950 1532 991 1565 in
1017 1533 1155 1566 malum
1181 1532 1373 1576 pictorem,
1404 1531 1469 1576 qui
1494 1531 1687 1566 nesciebat

949 1579 1056 1614 aliud
1102 1580 1259 1624 pingere
1302 1590 1413 1624 quam
1455 1589 1687 1623 cupressum.

949 1627 1008 1660 Ab
1032 1628 1103 1660 hoc
1129 1626 1336 1671 naufragus
1361 1625 1516 1670 quidam
1543 1626 1687 1670 petivit,

951 1677 994 1707 ut
1033 1675 1174 1708 volt-um
1215 1684 1325 1708 suum
1367 1678 1404 1708 et
1449 1673 1685 1718 naufragium

948 1722 1183 1765 exprimeret.
1217 1721 1286 1755 Ille
1311 1721 1568 1765 interrogavit,
1594 1730 1684 1753 num

948 1779 994 1802 ex
1018 1779 1198 1812 cupresso
1217 1768 1330 1801 vellet
1347 1766 1492 1811 aliquid
1510 1766 1684 1811 adpingi;

947 1814 1049 1859 quod
1083 1814 1322 1872 proverbium
1348 1813 1504 1847 Graecis
1538 1813 1577 1846 in
1613 1824 1684 1848 usu

947 1864 1018 1895 est:
1042 1860 1099 1905 ιιή
1118 1872 1152 1894 τι
1168 1862 1236 1894 καί
1258 1861 1497 1907 κυπαρίσσου
1508 1859 1683 1902 θέλεις,ἰι

947 1908 1090 1942 Senot..
1129 1908 1238 1949 Qua'
1227 1919 1269 1942 ln
1285 1908 1451 1953 imagine
1476 1908 1570 1942 haec
1594 1907 1685 1942 latet

947 1955 1155 1990 sententia:
1196 1954 1328 1998 „Nihil
1366 1965 1458 1989 sane
1496 1965 1591 1999 opus
1628 1958 1686 1989 est

947 2003 1180 2037 ornamentis
1223 2001 1515 2046 supervacaneis
1556 2004 1594 2035 et
1638 2001 1684 2036 ad

946 2051 1180 2095 propositum
1207 2050 1359 2084 minime
1383 2049 1684 2093 pertinentibus3

947 2099 1060 2132 immo
1097 2098 1188 2132 talia
1225 2097 1400 2142 quodque
1438 2098 1571 2141 poema
1606 2099 1684 2130 tur-

946 2146 1045 2189 piter
1059 2143 1325 2179 dedecorant.“
1338 2163 1379 2167 —
1388 2143 1580 2186 simulare]
1600 2155 1685 2185 „gur-

946 2192 1117 2235 μεῖσθαι,
1137 2191 1318 2237 penicillo
1336 2191 1580 2236 exprimere.“
1609 2190 1683 2224 Cfr.

946 2240 1039 2284 Epp.
1067 2242 1099 2281 2,
1128 2242 1158 2279 1,
1185 2241 1264 2273 241.
1287 2237 1485 2281 —eoespesJ
1511 2237 1684 2272 Vocabu-

946 2288 1024 2321 lum
1059 2289 1115 2321 est
1148 2287 1222 2320 iam
1247 2287 1453 2321 Accianum
1484 2286 1583 2329 apud
1608 2284 1683 2319 No-

946 2334 1052 2368 nium
1085 2345 1169 2379 pag.
1196 2335 1228 2367 7.
1263 2333 1389 2375 Gerl.;
1433 2333 1506 2374 „in
1539 2342 1682 2366 summo

946 2382 1044 2416 vitae
1069 2381 1287 2416 discrimine
1309 2390 1463 2414 versans
1490 2379 1682 2414 omnibus-

947 2440 1020 2473 que
1056 2429 1164 2463 bonis
1199 2428 1277 2462 suis
1312 2430 1468 2468 exutus,
1505 2426 1682 2471 quocirca

945 2476 1112 2510 tabulam
1138 2475 1239 2508 illam
1267 2485 1357 2519 prae
1378 2485 1418 2508 se
1436 2474 1561 2508 ferens
1579 2484 1682 2507 men-

945 2523 1109 2558 dicatum
1136 2523 1197 2556 it.“
1223 2522 1354 2555 Iuven.
1375 2524 1430 2562 14,
1448 2523 1536 2555 301:
1561 2529 1681 2554 mersa

945 2573 1025 2604 rate
1059 2571 1264 2611 naufraqus
1299 2577 1416 2602 assem
1442 2570 1538 2602 Dum
1575 2569 1680 2609 roaat

946 2621 979 2651 et
1001 2619 1102 2659 picta
1126 2626 1163 2650 se
1190 2619 1398 2657 tempestate
1422 2617 1559 2649 tuetur.
1604 2613 1679 2647 Cfr.

946 2665 1020 2699 Sat.
1039 2667 1072 2706 2,
1092 2666 1123 2706 l,
1141 2665 1197 2698 33.
1213 2683 1254 2687 —
1270 2662 1447 2705 Navibus]
1467 2662 1681 2696 Haeserunt

945 2713 983 2746 in
1009 2712 1079 2745 hoc
1105 2711 1264 2756 plurali,
1301 2721 1385 2745 cum
1411 2709 1457 2744 de
1484 2719 1559 2743 uno
1587 2719 1680 2743 nau-
