1774 2930
177 130 266 170 400

648 127 856 161 HORA'I'II
883 126 1232 161 EPISTOLARUM

299 228 407 272 Cum
438 229 517 271 tibi
550 229 613 270 sol
643 228 814 284 tepidus
845 228 990 283 plures
1022 228 1267 270 admoverit*
1288 242 1427 282 aureS,
1453 235 1455 238 ’

296 300 366 343 Me
396 300 598 343 libertino
629 303 777 341 natum
807 302 930 355 patre
963 303 1005 341 et
1035 300 1080 341 in
1111 299 1231 342 tenui
1258 313 1306 342 re

1639 300 1695 341 20

295 371 480 414 Maiores
511 385 676 427 penna-s
707 370 807 412 nido
841 370 1088 413 extendisse
1118 371 1320 426 loqueris,

295 443 372 492 Ut,
405 446 612 498 quantum
644 442 792 497 generi
824 441 984 494 demaS,
1015 441 1245 483 virtutibus
1277 441 1430 495 addas,

295 513 365 556 Me
396 513 544 569 primis
575 512 704 554 Urbis
734 513 837 554 belli
867 513 1080 568 placuisse
1112 513 1334 568 domique3

297 584 499 640 Corporis
533 584 697 640 exigui,
729 597 1006 640 praecanum,
1040 583 1200 625 solibus
1232 587 1398 639 aptum,

177 723 274 748 casa.
308 734 353 738 —
390 714 576 760 Egregius
614 714 720 748 locus
759 714 803 748 de
841 714 912 748 hac

175 762 297 806 prima
334 762 570 796 institutione
612 761 773 806 puerili,
816 772 912 805 quae

177 809 288 843 etiam
315 810 386 843 sub
411 809 473 843 dio
499 809 629 850 fiebat,
663 811 783 842 exstat
813 809 913 853 apud

175 856 335 891 Dionem
369 857 674 902 chrysostomum
707 855 768 889 Or.
795 858 851 898 20,
878 858 911 890 9.

175 915 211 948 p.
253 907 320 938 492
361 904 434 938 R.:
484 905 524 937 οἱ
563 904 638 937 τῶν
679 900 912 947 γναμμάτων

175 948 401 985 διδάσκαλοι
440 949 538 995 μετὰ
575 951 649 984 τῶν
686 951 830 984 παίδων
871 951 911 984 ἐν

176 1003 258 1040 ταῖς
299 997 403 1041 ὁδοῖς
444 998 653 1042 κάθηνται,
695 999 759 1031 καὶ
802 997 911 1031 οὐδὲν

175 1044 306 1088 αὐτοῖς
331 1044 506 1090 ἐμποδών
533 1046 637 1079 ἐστιν
663 1046 704 1079 ἐν
737 1042 910 1091 τοσούτῳ

176 1091 314 1137 πλήθει
339 1094 407 1127 τοῦ
431 1090 623 1127 διδάσκειν
648 1104 687 1126 τε
717 1094 783 1126 καὶ
813 1104 910 1136 μαν-

174 1138 320 1175 θάψειν.

224 1215 278 1246 19.
321 1213 408 1246 Cum
433 1213 498 1245 libi
521 1213 577 1246 sol
608 1211 693 1254 cet.]
729 1211 800 1245 Hic
833 1222 909 1246 non

174 1259 259 1302 iam,
285 1262 327 1293 ut
343 1260 517 1305 plerique
535 1262 682 1304 putant,
706 1259 751 1292 de
770 1259 910 1301 schola,

174 1318 196 1340 a
221 1319 297 1352 qua
322 1308 548 1352 cogitatione
567 1307 649 1341 eius
675 1307 822 1340 animus
847 1306 911 1340 ab·

173 1355 369 1398 horrebat,
404 1355 570 1390 scribere
596 1355 738 1399 pergit,
773 1353 838 1388 sed
865 1354 910 1388 de

173 1402 290 1436 multo
310 1403 420 1436 etiam
438 1402 580 1436 maiore
597 1402 793 1444 lectorum,
815 1412 911 1446 quos

174 1461 215 1484 se
240 1450 485 1484 inventurum
512 1460 595 1484 esse
620 1449 805 1494 sperabat,
839 1460 910 1482 nu-

173 1508 288 1532 mero.
346 1497 394 1531 Hi
433 1508 519 1531 cum
556 1497 693 1541 partim
729 1508 751 1530 a
787 1496 909 1541 primo

172 1545 251 1592 sere
276 1556 385 1579 mane
408 1548 655 1590 patronorum
680 1543 910 1585 salutationi,

173 1592 266 1635 foro,
293 1592 457 1635 iudiciis,
483 1592 604 1626 omnis
622 1591 772 1637 generis
797 1602 910 1636 nego-

172 1640 236 1674 tiis
271 1640 350 1682 vel,
389 1641 419 1674 si
451 1641 605 1673 studiosi
642 1642 750 1679 erant
787 1638 909 1682 (Plin.

171 1686 266 1732 Epp.
293 1690 333 1730 4,
361 1689 424 1730 13,
453 1688 535 1730 11.),
570 1686 780 1731 disciplinis
807 1697 910 1720 seve-

172 1735 339 1769 rioribus
363 1746 406 1769 ae
428 1734 690 1779 philosophiae
713 1736 911 1768 vacassent

174 1793 296 1826 usque
331 1783 378 1816 ad
411 1782 486 1816 diei
521 1781 643 1815 civilis
674 1782 804 1815 horam
829 1780 908 1814 fere

174 1830 388 1874 septimam,
434 1828 715 1871 meridiatione,
762 1828 909 1869 balneo,

174 1878 342 1920 corporis
369 1876 704 1911 exercitationibus
734 1885 816 1909 sese
842 1874 909 1908 ali-

173 1928 356 1968 quantum
394 1924 636 1965 recreabant,
674 1922 810 1956 deinde
849 1931 908 1955 66-

173 1972 251 2005 nati
276 1972 370 2006 hora
394 1971 473 2006 fere
499 1981 617 2011 nona,
646 1980 731 2003 cum
756 1968 908 2003 aestatis

173 2021 339 2063 tempore
365 2020 420 2052 sol
443 2019 517 2052 iam
542 2018 682 2059 lepidus
701 2019 801 2051 esset
827 2016 908 2059 (cfr.

175 2065 247 2100 Sat.
277 2069 316 2109 1,
341 2068 382 2109 4,
410 2066 501 2108 30.)‚
528 2066 629 2099 circa
652 2066 782 2099 horam
808 2063 909 2098 deci-

172 2124 269 2147 mam
287 2113 403 2148 animi
427 2124 540 2148 causa
562 2112 808 2158 perlegebant
829 2121 910 2146 car-

172 2161 276 2196 mina
301 2172 423 2206 nuper
447 2161 487 2194 in
512 2161 635 2194 lucem
659 2160 806 2194 emissa.
833 2158 909 2193 cfr.

173 2208 334 2243 Martial.
361 2211 399 2251 4,
425 2210 463 2251 8,
491 2210 533 2242 7:
566 2209 673 2241 Hora
701 2207 910 2240 libellorum

174 2258 313 2290 decima
330 2259 391 2299 est,
410 2257 605 2298 Eupheme,
628 2263 806 2288 meorum.
830 2253 909 2287 Hos

174 2303 290 2348 igitur
309 2304 520 2338 -benevolos
551 2303 712 2337 lectores
744 2312 812 2346 per
845 2301 910 2335 do-

174 2361 254 2385 mos
279 2362 367 2385 suas
389 2350 580 2396 dispersos
597 2349 701 2383 velut
725 2359 843 2382 unum
868 2348 910 2382 in

173 2398 298 2431 locum
318 2400 564 2443 congregatos
586 2396 657 2432 sibi
676 2405 785 2430 aures
802 2406 910 2440 prae-

174 2444 264 2479 bere
312 2445 436 2490 fingit,
486 2445 625 2479 librum
672 2444 909 2478 recitatorem

173 2492 329 2527 faciens.

223 2565 343 2598 20-23.
369 2565 429 2598 Me
455 2564 624 2597 libertino
650 2562 736 2606 cet]
764 2561 910 2596 Imitari

175 2611 324 2646 videtur
351 2610 631 2657 grammaticos,
665 2610 733 2654 qui
767 2609 911 2644 schola-

176 2670 260 2692 rum
279 2669 432 2694 suarum
449 2669 472 2692 a
487 2659 683 2703 poetarum
695 2655 785 2691 vitis
803 2667 911 2691 enar-

177 2706 306 2740 randis
339 2706 489 2740 initium
527 2704 734 2740 sumebant.
787 2703 910 2745 „Tum

962 714 1063 748 clare
1090 713 1224 756 dicito,
1257 723 1316 747 me
1341 723 1382 747 re
1408 723 1497 747 vera
1519 716 1626 757 patre
1651 712 1694 745 li-

961 761 1109 795 bertino
1136 761 1406 795 natum-esse.“
1458 759 1534 794 Cfr.
1561 759 1635 794 Sat.
1663 762 1694 802 1,

962 812 995 851 6,
1022 811 1053 842 6.
1079 810 1135 842 46.
1163 827 1206 832 —-
1232 809 1394 842 Maiores
1416 806 1572 849 pennas]
1604 806 1694 848 „Di-

962 866 1023 890 ces
1048 867 1106 890 me
1132 856 1274 890 maiora
1299 855 1450 889 omnino
1482 865 1615 888 ausum
1640 858 1694 888 at-

961 914 1034 948 que
1069 903 1180 937 etiam
1214 902 1363 937 felicius
1394 902 1568 946 adeptum
1599 911 1695 943 esse,

960 961 1071 995 quam
1110 950 1317 984 concedere
1353 950 1434 983 visa
1475 949 1525 983 sit
1567 949 1693 983 tenuis

959 1009 1041 1032 mea
1067 998 1207 1043 origo.“
1248 997 1433 1031 Construe
1459 999 1581 1030 autem
1606 1004 1695 1038 pen-

959 1054 1026 1078 nas
1051 1047 1209 1078 maiores
1232 1046 1318 1078 nido
1345 1045 1473 1088 (quam
1498 1043 1611 1077 nidus
1634 1053 1694 1077 ca·

958 1092 1107 1136 piebat)
1147 1093 1366 1133 extendisse,
1402 1090 1608 1134 explicasse
1646 1090 1693 1124 ad

958 1140 1133 1174 volatum.
1184 1139 1382 1173 Contraria
1408 1138 1572 1183 imagine
1597 1136 1691 1181 Epp.

959 1189 997 1229 2,
1025 1189 1062 1229 2,
1089 1189 1145 1221 50.
1170 1189 1256 1232 post
1279 1186 1397 1220 aciem
1410 1185 1692 1230 Philippensem

960 1245 999 1268 se
1037 1236 1164 1268 decisis
1201 1234 1372 1267 humilem
1404 1233 1534 1274 pennis
1573 1231 1692 1266 fuisse

960 1281 1062 1316 dicit.
1086 1300 1134 1305 ——
1159 1282 1219 1316 Me
1241 1282 1371 1323 primis
1397 1279 1482 1323 cet.]
1516 1278 1591 1312 Gfr.
1618 1277 1692 1312 Sat.

960 1331 993 1371 2,
1021 1331 1052 1372 1,
1079 1330 1123 1362 75
1150 1339 1204 1372 sq.
1232 1327 1327 1372 Epp.
1354 1330 1385 1370 1,
1413 1329 1468 1369 17,
1494 1327 1558 1359 35:
1583 1326 1695 1358 Prin-

960 1378 1094 1418 cipibus
1117 1377 1301 1418 placuisse
1324 1376 1413 1408 viris
1450 1382 1524 1407 non
1558 1373 1693 1406 ultima

962 1425 1042 1457 laus
1084 1426 1146 1457 est.
1202 1422 1389 1457 Construo
1430 1421 1490 1455 vel
1538 1422 1693 1465 propter

959 1482 1091 1505 versus
1116 1481 1312 1506 caesuram
1337 1471 1375 1503 et
1408 1469 1497 1514 quia
1527 1468 1581 1502 sic
1605 1478 1691 1512 pro·

958 1519 1041 1563 pria
1065 1521 1198 1563 poetae
1222 1518 1307 1552 laus
1331 1518 1508 1562 augetur:
1533 1523 1589 1548 me
1607 1515 1693 1548 belli

959 1568 1126 1608 domique
1142 1566 1323 1607 placuisse
1339 1565 1429 1598 viris
1442 1564 1589 1606 primm
1614 1572 1691 1596 non

959 1624 1044 1647 cum
1069 1613 1174 1647 aliis:
1203 1621 1280 1655 „me
1302 1613 1486 1654 placuisse
1503 1611 1592 1644 viris
1613 1610 1692 1650 pri-

957 1663 1026 1694 mis
1052 1662 1136 1695 belli
1159 1661 1346 1701 domique,
1371 1658 1410 1692 id
1436 1661 1510 1700 est,
1536 1664 1691 1697 quorum

958 1710 1073 1742 virtus
1097 1710 1223 1749 suerat
1238 1708 1344 1740 domi
1375 1706 1599 1744 militiaeque
1632 1711 1690 1736 eo—

958 1757 1078 1797 am'la,
1113 1757 1156 1788 ut
1188 1755 1242 1788 ait
1273 1753 1404 1787 Cicero
1431 1752 1543 1785 Tusc.
1569 1753 1611 1792 5,-
1635 1752 1691 1793 19,

958 1804 1015 1836 55.
1040 1802 1144 1836 Haec
1168 1803 1293 1834 autem
1320 1799 1490 1834 scribens
1516 1797 1691 1832 recorda-

958 1852 1018 1883 tus
1036 1851 1093 1883 est
1110 1850 1147 1882 et
1162 1847 1271 1881 Bruti
1290 1846 1501 1891 Cassiique,
1526 1848 1563 1879 et
1580 1844 1690 1878 Octa·

957 1896 1059 1931 viani
1077 1898 1189 1940 atque
1206 1895 1446 1936 Maecenatis,
1471 1892 1608 1938 quibus
1625 1891 1690 1925 ad-

957 1954 1156 1978 numerare
1180 1945 1327 1987 poterat
1343 1941 1455 1976 etiam
1475 1940 1690 1986 Agrippam,

956 1991 1130 2026 Asinium
1186 1990 1396 2024 Pollionem
1411 2014 1421 2031 ,
1480 1985 1690 2021 Munatium

957 2039 1159 2080 Plancum,
1206 2037 1437 2078 Messallam,
1485 2033 1690 2069 Salustium

957 2086 1141 2120 minorem
1166 2087 1237 2119 cet.

1007 2183 1062 2214 24.
1101 2182 1158 2214 25.
1201 2180 1370 2221 Corporis
1405 2178 1500 2222 cet]
1541 2175 1691 2210 Festive

957 2229 1094 2263 transit
1129 2227 1176 2262 ad
1210 2226 1380 2271 corporis
1415 2225 1475 2260 sui
1510 2223 1690 2264 habitum,

959 2276 1069 2310 cuius
1094 2274 1203 2310 naevi
1228 2285 1296 2318 per
1321 2274 1446 2308 iocum
1478 2272 1526 2307 ab
1559 2269 1690 2305 amicis

957 2322 1148 2358 interdum
1203 2321 1494 2362 deridebantur,
1551 2317 1690 2363 quibus

958 2371 1052 2415 ipse,
1076 2374 1118 2404 ut
1140 2370 1324 2411 hocloco,
1349 2367 1517 2402 arridere
1534 2365 1689 2406 solebat,

957 2418 1074 2462 probe
1104 2416 1278 2451 conscius
1303 2415 1343 2449 in
1368 2415 1439 2449 hoc
1463 2412 1688 2458 corpusculo

956 2467 1126 2507 spiritum
1156 2465 1293 2498 Graiae
1325 2465 1470 2496 tenuem
1501 2462 1688 2500 camenae,

958 2523 1069 2593 qluem
1094 2514 1230 2546 natura
1254 2510 1329 2555 ipsi
1353 2510 1616 2599 c.‹›ne'j÷ssser¹at,2
1632 2506 1690 2586 h}-

959 2571 978 2594 c
995 2570 1104 2594 usum
1131 2569 1224 2593 esse.
1251 2576 1294 2581 -
1321 2565 1446 2598 emique
1523 2565 1544 2589 a
1562 2579 1570 2587 .
1620 2578 1629 2596 ,
1679 2577 1688 2593 ‚

959 2609 1051 2642 308:
1090 2607 1212 2648 lonqos
1247 2605 1404 2638 imitaris
1441 2604 1487 2637 ab
1526 2603 1598 2634 imo
1634 2600 1689 2634 Aa

957 2662 1137 2688 summum
1178 2655 1272 2686 tolus
1316 2651 1456 2684 moduli
1501 2648 1688 2691 bipedalis.

958 2702 1151 2747 Augustus
1174 2700 1214 2734 111
1233 2698 1402 2744 Epistola
1426 2696 1473 2732 ad
1489 2695 1686 2730 Horatium
