1774 2930
153 137 239 179 248
650 127 858 173 HORA'm
882 139 1165 175 SATIRARUM

271 238 327 280 Ut
358 238 466 280 nihil
498 239 669 281 omnino
702 244 988 294 gustaremus,
1020 241 1138 283 velut
1169 242 1253 284 illis

270 309 452 352 Canidia
482 310 672 353 afflasset
703 311 825 366 peior
853 311 1124 367 serpentibus
1157 312 1290 355 Afris.
1478 329 1482 332 ·
1618 316 1671 356 95

248 417 304 450 95.
332 418 422 451 atris
450 416 486 459 S,
513 416 585 450 duo
612 416 787 450 Pottierii
814 420 851 451 et
876 429 922 452 ex
946 418 1032 452 aliis
1057 418 1263 453 Bentleius.
1290 420 1358 462 (Ut
1382 431 1462 464 nos,
1486 420 1590 463 beE.)

152 510 327 553 Canidia]
367 521 455 555 saga
492 513 530 545 et
566 511 744 546 venefica.
801 510 887 545 Vid.
937 512 1020 546 lisci
1061 514 1296 557 repentinam
1336 515 1479 548 homini
1514 518 1672 550 mortem

148 557 268 602 Epod.
299 559 319 591 5
354 561 390 592 et
423 560 478 592 17.
528 557 603 592 Sat.
635 561 671 600 1,
697 560 730 593 8.
758 578 800 582 —
828 560 885 601 as-
932 559 1075 595 afferre.
1126 560 1166 595 C.
1193 559 1372 596 Rabirius
1406 561 1464 596 ed.
1492 561 1672 609 Kreyssig

150 605 289 648 flasset]
349 605 393 639 V.
431 607 566 647 afflare
607 606 719 640 etiam
760 607 883 641 dativo
932 618 967 651 p.
987 609 1074 642 226:
1101 610 1265 642 Perculit
1281 610 1423 651 adflatu
1440 611 1554 644 brevis
1577 612 1672 644 hunc

149 651 268 697 iungi,
298 652 399 697 quod
418 653 660 688 addubitabat
676 654 884 697 Bentleius,
932 656 1009 688 sine
1034 656 1215 688 morsibus
1240 658 1383 698 anquis.
1409 656 1552 691 Colum.
1578 659 1612 700 8,
1638 660 1670 701 5,

149 700 249 734 unde
282 700 463 734 audacius
497 701 660 735 coniecit
691 703 805 735 veluti
841 703 883 743 si,
936 704 1000 735 18:
1030 703 1248 746 cavendum,
1268 712 1312 737 ne
1330 706 1596 746 aser-pentibus
1613 706 1671 747 as-

148 749 333 781 monstrat
349 747 488 781 Tibull.
508 750 540 789 2,
560 750 591 790 1,
610 750 674 782 80:
692 750 808 790 Felix,
826 751 885 782 cui
934 751 1067 791 flentur
1085 750 1221 794 (pulli),
1240 759 1397 791 quarum
1409 753 1500 785 odor
1516 754 1592 785 tam
1605 760 1671 793 pe-

145 796 316 836 placidus
344 796 472 829 leniter
498 797 605 837 asflat
630 797 751 829 Amor.
792 796 883 830 Pro-
931 798 1056 830 stilens
1075 800 1136 839 est,
1154 801 1195 831 ut
1211 799 1398 832 interimat
1416 800 1668 833 universo&—

147 845 242 886 pert.
270 844 302 884 3,
329 844 385 885 27,
413 843 483 884 (al.
511 844 543 884 2,
570 843 649 885 29‚)
679 845 744 877 17:
770 845 884 885 ΑῙῙῘα-
932 845 1044 887 Afris]
1076 846 1187 890 longe
1214 846 1433 888 teterrimis,
1472 849 1514 880 ut
1539 845 1607 880 od.
1635 849 1668 889 3,

149 891 237 922 bunc
269 891 332 922 tibi
362 899 435 923 non
459 890 624 923 Arabum
649 892 692 924 de
719 893 883 932 oramine
936 895 997 934 10,
1026 894 1092 925 18:
1123 894 1493 935 Mauris-vuamba&
1537 894 1668 928 Lectio

147 938 286 970 odores.
315 957 357 960 —
381 938 485 979 peior
511 939 758 981 serpentibus]
796 938 883 972 Cre·
933 941 1023 972 atris
1062 942 1160 974 esset
1203 941 1362 985 simplex
1397 940 1575 975 ἐπίθετον
1612 952 1670 976 or-

147 984 287 1018 debant
323 985 491 1018 afflatum
527 986 749 1029 praesertim
785 986 883 1020 basi·
933 997 1040 1028 nans,
1066 989 1108 1020 ut
1134 986 1203 1021 od.
1224 989 1257 1030 3,
1275 991 1308 1030 4,
1329 990 1390 1022 17:
1417 990 1508 1022 atris
1524 990 1667 1031 viperis.

659 1209 1149 1272 ExcuRsns

728 1310 794 1343 AD
821 1321 877 1344 w.
903 1312 948 1344 20
975 1322 1079 1356 seqq.

239 1380 363 1414 Locus
387 1381 640 1415 memorabilis
666 1380 712 1415 de
736 1377 906 1415 locorum
930 1382 969 1415 in
994 1382 1175 1416 conviviis
1193 1382 1372 1417 Romanis
1395 1382 1527 1417 ordine
1545 1386 1668 1417 exstat

144 1427 244 1483 apud
269 1427 514 1462 Plutarchum
540 1425 1216 1478 Quaestt.00nviva1.1,3:’24ssoc
1243 1426 1399 1473 (τόποι)
1431 1427 1482 1474 γά
1536 1425 1668 1472 ἄλλοις

139 1470 302 1530 ἔντιμοι·
328 1475 496 1530 Πέρσαις
528 1476 600 1518 μὲν
632 1473 655 1509 6
689 1478 939 1519 μεσαίτατος,
974 1477 1036 1517 ἐφ’
1063 1469 1109 1510 οὑ
1134 1477 1402 1511 κατακλίνεται
1427 1475 1451 1511 6
1503 1474 1666 1534 ασιλεύξ·

139 1517 301 1565 (Έλλησι
326 1521 367 1555 δὲ
397 1520 418 1556 ὁ
452 1523 610 1578 πρῶτος·
633 1521 834 1566 Ρωααιόις
858 1523 898 1557 δὲ
922 1521 945 1557 6
973 1524 1040 1568 τῆς
1063 1526 1186 1568 μέσης
1209 1524 1342 1569 κλίνης
1367 1523 1592 1567 τελευταὶὉς,
1617 1520 1666 1558 ὃν

142 1566 329 1603 ὑπατικὸν
363 1568 729 1618 προσαγορεύουσιν.
782 1571 856 1605 Cur
888 1572 1098 1606 consularis
1124 1573 1321 1615 vocitetur,
1354 1574 1431 1607 tres
1465 1572 1575 1607 affert
1607 1583 1666 1606 ra-

142 1617 281 1660 tiones,
316 1629 476 1662 quarum
511 1603 678 1652 secunda
710 1620 802 1653 haec
835 1622 913 1652 est:
947 1614 1009 1652 ὅτι
1034 1619 1108 1653 τῶν
1133 1619 1240 1653 δυοῖν
1265 1619 1404 1653 κλινῶν
1428 1617 1666 1662 ἀτοδεδοιιὲ-

141 1675 217 1697 νων
251 1669 332 1707 τοῖς
364 1665 734 1721 παρακεκληιιὲς-νοι
751 1663 775 1709 ἡ
806 1668 917 1720 τρίτη
951 1668 1018 1699 καὶ
1052 1664 1191 1710 ταύτης
1222 1664 1245 1700 ὁ
1272 1666 1422 1723 πρῶτος
1446 1663 1566 1708 τόπος
1588 1662 1667 1709 μοί-

94 1741 97 1744 ,
142 1710 253 1745 λιστα
279 1712 346 1745 τοῦ
371 1710 576 1755 ἑστιῶντός
601 1718 714 1746 ε’στιν·
729 1711 816 1746 --6
841 1714 911 1756 μὲν
937 1711 1009 1760 γὰρ
1034 1711 1096 1746 ὑπ’
1123 1711 1240 1747 αὐτὸν
1265 1726 1290 1757 η
1317 1711 1498 1757 γυναικὸς
1523 1710 1550 1757 ἢ
1576 1715 1666 1747 ,ταί-

140 1758 216 1791 δων
242 1761 356 1793 ἐστίν·
375 1757 398 1793 6
423 1759 463 1792 δὲ
489 1758 582 1807 ὑπὲρ
606 1759 725 1794 αὑτὸν
743 1757 908 1805 εἰκότως
933 1761 984 1806 τῷ
1007 1758 1177 1803 μάλιστα
1203 1762 1402 1806 τιμωμένῳ
1427 1760 1502 1794 τῶν
1524 1760 1664 1805 κεκλη-

142 1808 269 1849 μένων
295 1804 481 1850 ἀπεδόθη,
510 1792 572 1841 ha
595 1805 707 1851 ἐγγὺς
730 1807 756 1854 ᾖ
784 1808 851 1841 τοῦ
877 1808 1079 1849 ἑστιῶντος

236 1855 314 1888 Iam
349 1865 394 1888 ex
426 1856 497 1888 hoc
530 1855 735 1899 praecipue
770 1855 851 1889 loco
879 1855 1081 1889 Salmasius
1119 1855 1165 1889 ad
1201 1854 1371 1889 Solinum
1404 1867 1440 1899 p.
1467 1857 1546 1889 886.
1574 1866 1663 1890 con-

142 1901 280 1935 struxit
305 1902 461 1936 triclinii
487 1903 656 1943 schema,
691 1902 791 1946 quod
817 1903 878 1936 hic
904 1902 1142 1946 exhibemus;
1182 1913 1225 1936 ea
1258 1905 1384 1936 tamen
1416 1913 1457 1936 re
1491 1906 1663 1936 nostrum

142 1948 266 1982 differt
291 1960 314 1983 a
341 1948 589 1991 Salmasiano‚
617 1949 737 1993 quod,
763 1952 805 1983 ut
829 1952 985 1994 apparet
1010 1961 1056 1984 ex
1080 1961 1113 1983 V.
1141 1951 1216 1992 23„
1247 1949 1476 1984 Nasidienus
1502 1960 1661 1994 occupa-

140 1997 194 2029 vit
218 1996 283 2029 imi
308 1997 398 2030 lecti
423 1997 587 2030 medium
614 1997 758 2039 locum,
792 1997 831 2030 id
857 2000 931 2039 est,
957 1999 1148 2040 octavum,
1174 2008 1270 2040 non,
1301 1999 1426 2031 utest
1448 1996 1548 2041 apud
1573 1997 1662 2031 Plu-

139 2044 311 2077 tarchum
338 2047 374 2078 et
400 2044 642 2086 Sa1masium,
669 2055 874 2087 summum,
901 2044 939 2078 id
967 2048 1039 2086 est,
1065 2044 1276 2089 septimum,
1302 2044 1380 2078 sive
1406 2045 1446 2078 in
1471 2045 1542 2078 hoc
1569 2055 1661 2089 quo-

141 2101 213 2135 que
247 2091 435 2125 aberravit
466 2103 488 2126 a
522 2092 631 2126 solito
666 2103 789 2133 more,
823 2092 902 2126 sive
937 2092 1037 2136 quod
1072 2092 1274 2126 arbitratus
1306 2094 1363 2126 est
1386 2091 1660 2126 Nomentanum

140 2138 272 2172 scitius
298 2148 382 2172 eum
407 2139 623 2173 Maecenate
651 2140 1008 2182 sermocinaturum,
1043 2150 1156 2184 quam
1189 2140 1270 2184 ipse
1303 2140 1488 2184 potuisset
1510 2139 1580 2173 hoc
1607 2139 1660 2173 of-

139 2185 225 2219 ficio
251 2186 420 2231 defungi.
