<?xml version="1.0" encoding="UTF-8"?>
<!DOCTYPE html PUBLIC "-//W3C//DTD XHTML 1.0 Transitional//EN"
    "http://www.w3.org/TR/xhtml1/DTD/xhtml1-transitional.dtd">
<html xmlns="http://www.w3.org/1999/xhtml" xml:lang="en" lang="en">
 <head>
  <title>
</title>
<meta http-equiv="Content-Type" content="text/html;charset=utf-8" />
  <meta name='ocr-system' content='tesseract 3.04.00' />
  <meta name='ocr-capabilities' content='ocr_page ocr_carea ocr_par ocr_line ocrx_word'/>
</head>
<body>
  <div class='ocr_page' id='page_1' title='image "./qhoratiusflaccus00horauoft_0045.png"; bbox 0 0 1786 2912; ppageno 0'>
   <div class='ocr_carea' id='block_1_1' title="bbox 0 1762 24 1952">
    <p class='ocr_par' dir='ltr' id='par_1_1' title="bbox 0 1762 24 1952">
     <span class='ocr_line' id='line_1_1' title="bbox 0 1762 24 1952; textangle 90"><span class='ocrx_word' id='word_1_1' title='bbox 0 1845 24 1952; x_wconf 38' lang='lat' dir='ltr'><strong>‚ffissi—ssis,</strong></span> <span class='ocrx_word' id='word_1_2' title='bbox 10 1782 22 1817; x_wconf 46' lang='lat'><strong>,-</strong></span> <span class='ocrx_word' id='word_1_3' title='bbox 14 1762 18 1766; x_wconf 32' lang='lat'>⁸</span> 
     </span>
    </p>
   </div>
   <div class='ocr_carea' id='block_1_2' title="bbox 613 159 1632 212">
    <p class='ocr_par' dir='ltr' id='par_1_2' title="bbox 613 159 1632 212">
     <span class='ocr_line' id='line_1_2' title="bbox 613 159 1632 212; baseline -0.008 -15"><span class='ocrx_word' id='word_1_4' title='bbox 613 161 768 212; x_wconf 47' lang='lat' dir='ltr'><strong>3.OE</strong></span> <span class='ocrx_word' id='word_1_5' title='bbox 790 160 822 196; x_wconf 89' lang='lat'><strong>1.</strong></span> <span class='ocrx_word' id='word_1_6' title='bbox 871 159 974 196; x_wconf 69' lang='lat' dir='ltr'><strong>snt.</strong></span> <span class='ocrx_word' id='word_1_7' title='bbox 998 159 1085 200; x_wconf 64' lang='grc' dir='ltr'><strong>ΠΙ.ἶ</strong></span> <span class='ocrx_word' id='word_1_8' title='bbox 1118 196 1121 198; x_wconf 62' lang='grc'>,</span> <span class='ocrx_word' id='word_1_9' title='bbox 1151 183 1154 186; x_wconf 24' lang='grc' dir='ltr'><strong>Δ</strong></span> <span class='ocrx_word' id='word_1_10' title='bbox 1576 159 1632 201; x_wconf 81' lang='grc'><strong>37</strong></span> 
     </span>
    </p>
   </div>
   <div class='ocr_carea' id='block_1_3' title="bbox 154 259 1635 883">
    <p class='ocr_par' dir='ltr' id='par_1_3' title="bbox 154 259 1635 883">
     <span class='ocr_line' id='line_1_3' title="bbox 190 259 1468 319; baseline 0.001 -16.973"><span class='ocrx_word' id='word_1_11' title='bbox 190 284 203 302; x_wconf 59' lang='grc' dir='ltr'><strong>τ</strong></span> <span class='ocrx_word' id='word_1_12' title='bbox 234 263 404 309; x_wconf 77' lang='lat' dir='ltr'><strong>Invidia</strong></span> <span class='ocrx_word' id='word_1_13' title='bbox 431 266 560 319; x_wconf 83' lang='lat' dir='ltr'><strong>atque</strong></span> <span class='ocrx_word' id='word_1_14' title='bbox 588 262 738 318; x_wconf 64' lang='lat' dir='ltr'><strong>vigent</strong></span> <span class='ocrx_word' id='word_1_15' title='bbox 767 261 842 303; x_wconf 90' lang='lat' dir='ltr'><strong>ubi</strong></span> <span class='ocrx_word' id='word_1_16' title='bbox 874 260 1080 303; x_wconf 81' lang='lat' dir='ltr'><strong>crimina:</strong></span> <span class='ocrx_word' id='word_1_17' title='bbox 1110 273 1190 317; x_wconf 89' lang='lat' dir='ltr'><strong>pro</strong></span> <span class='ocrx_word' id='word_1_18' title='bbox 1220 259 1332 302; x_wconf 90' lang='lat' dir='ltr'><strong>bene</strong></span> <span class='ocrx_word' id='word_1_19' title='bbox 1363 273 1468 303; x_wconf 88' lang='lat' dir='ltr'><strong>sano</strong></span> 
     </span>
     <span class='ocr_line' id='line_1_4' title="bbox 235 333 1335 387; baseline -0.004 -11"><span class='ocrx_word' id='word_1_20' title='bbox 235 334 302 376; x_wconf 80' lang='lat' dir='ltr'><strong>Ac</strong></span> <span class='ocrx_word' id='word_1_21' title='bbox 331 347 418 383; x_wconf 86' lang='lat' dir='ltr'><strong>non</strong></span> <span class='ocrx_word' id='word_1_22' title='bbox 446 333 618 376; x_wconf 87' lang='lat' dir='ltr'><strong>incauto</strong></span> <span class='ocrx_word' id='word_1_23' title='bbox 647 333 791 385; x_wconf 76' lang='lat' dir='ltr'><strong>fictum</strong></span> <span class='ocrx_word' id='word_1_24' title='bbox 821 338 1090 387; x_wconf 75' lang='lat' dir='ltr'><strong>astutumque</strong></span> <span class='ocrx_word' id='word_1_25' title='bbox 1119 344 1335 374; x_wconf 82' lang='lat' dir='ltr'><strong>vocamus.</strong></span> 
     </span>
     <span class='ocr_line' id='line_1_5' title="bbox 236 401 1466 461; baseline -0.003 -14"><span class='ocrx_word' id='word_1_26' title='bbox 236 403 478 461; x_wconf 85' lang='lat' dir='ltr'><strong>Simplicior</strong></span> <span class='ocrx_word' id='word_1_27' title='bbox 507 404 603 460; x_wconf 91' lang='lat' dir='ltr'><strong>quis</strong></span> <span class='ocrx_word' id='word_1_28' title='bbox 634 406 678 446; x_wconf 84' lang='lat' dir='ltr'><strong>et</strong></span> <span class='ocrx_word' id='word_1_29' title='bbox 707 406 788 456; x_wconf 86' lang='lat' dir='ltr'><strong>est,</strong></span> <span class='ocrx_word' id='word_1_30' title='bbox 819 402 990 458; x_wconf 85' lang='lat' dir='ltr'><strong>qualem</strong></span> <span class='ocrx_word' id='word_1_31' title='bbox 1018 415 1088 444; x_wconf 90' lang='lat' dir='ltr'><strong>me</strong></span> <span class='ocrx_word' id='word_1_32' title='bbox 1119 415 1249 458; x_wconf 88' lang='lat' dir='ltr'><strong>saepe</strong></span> <span class='ocrx_word' id='word_1_33' title='bbox 1282 401 1466 444; x_wconf 78' lang='lat' dir='ltr'>libenter</span> 
     </span>
     <span class='ocr_line' id='line_1_6' title="bbox 236 472 1339 528; baseline -0.004 -11"><span class='ocrx_word' id='word_1_34' title='bbox 236 474 478 518; x_wconf 88' lang='lat' dir='ltr'><strong>Obtulerim</strong></span> <span class='ocrx_word' id='word_1_35' title='bbox 506 474 601 528; x_wconf 84' lang='lat' dir='ltr'><strong>tibi,</strong></span> <span class='ocrx_word' id='word_1_36' title='bbox 630 473 873 526; x_wconf 83' lang='lat' dir='ltr'><strong>Maecenas,</strong></span> <span class='ocrx_word' id='word_1_37' title='bbox 906 476 953 515; x_wconf 85' lang='lat' dir='ltr'><strong>ut</strong></span> <span class='ocrx_word' id='word_1_38' title='bbox 983 472 1094 515; x_wconf 86' lang='lat' dir='ltr'><strong>forte</strong></span> <span class='ocrx_word' id='word_1_39' title='bbox 1122 472 1339 528; x_wconf 84' lang='lat' dir='ltr'><strong>legentem</strong></span> 
     </span>
     <span class='ocr_line' id='line_1_7' title="bbox 235 534 1635 601; baseline -0.004 -13"><span class='ocrx_word' id='word_1_40' title='bbox 235 534 325 588; x_wconf 73' lang='lat' dir='ltr'><strong>Aut</strong></span> <span class='ocrx_word' id='word_1_41' title='bbox 354 546 531 588; x_wconf 86' lang='lat' dir='ltr'><strong>tacitum</strong></span> <span class='ocrx_word' id='word_1_42' title='bbox 562 544 754 601; x_wconf 86' lang='lat' dir='ltr'><strong>impellat</strong></span> <span class='ocrx_word' id='word_1_43' title='bbox 784 544 935 600; x_wconf 81' lang='lat' dir='ltr'><strong>quovis</strong></span> <span class='ocrx_word' id='word_1_44' title='bbox 964 556 1161 586; x_wconf 84' lang='lat' dir='ltr'><strong>sermone</strong></span> <span class='ocrx_word' id='word_1_45' title='bbox 1191 543 1426 586; x_wconf 85' lang='lat' dir='ltr'><strong>molestus:</strong></span> <span class='ocrx_word' id='word_1_46' title='bbox 1578 542 1635 583; x_wconf 83' lang='lat'><strong>65</strong></span> 
     </span>
     <span class='ocr_line' id='line_1_8' title="bbox 154 612 1371 670; baseline -0.002 -13"><span class='ocrx_word' id='word_1_47' title='bbox 154 636 170 670; x_wconf 56' lang='lat' dir='ltr'><strong>g·</strong></span> <span class='ocrx_word' id='word_1_48' title='bbox 236 616 449 657; x_wconf 75' lang='lat' dir='ltr'><strong>Communi</strong></span> <span class='ocrx_word' id='word_1_49' title='bbox 479 630 604 658; x_wconf 78' lang='lat' dir='ltr'><strong>sensu</strong></span> <span class='ocrx_word' id='word_1_50' title='bbox 630 617 759 668; x_wconf 81' lang='lat' dir='ltr'><strong>plane</strong></span> <span class='ocrx_word' id='word_1_51' title='bbox 790 620 923 663; x_wconf 84' lang='lat' dir='ltr'><strong>caret,</strong></span> <span class='ocrx_word' id='word_1_52' title='bbox 952 614 1183 670; x_wconf 80' lang='lat' dir='ltr'>inquimus.</span> <span class='ocrx_word' id='word_1_53' title='bbox 1224 612 1371 667; x_wconf 88' lang='lat' dir='ltr'><strong>Eheu,</strong></span> 
     </span>
     <span class='ocr_line' id='line_1_9' title="bbox 235 684 1503 740; baseline -0.003 -11"><span class='ocrx_word' id='word_1_54' title='bbox 235 686 374 735; x_wconf 85' lang='lat' dir='ltr'><strong>Quam</strong></span> <span class='ocrx_word' id='word_1_55' title='bbox 403 690 565 729; x_wconf 89' lang='lat' dir='ltr'><strong>temere</strong></span> <span class='ocrx_word' id='word_1_56' title='bbox 594 686 641 727; x_wconf 89' lang='lat' dir='ltr'><strong>in</strong></span> <span class='ocrx_word' id='word_1_57' title='bbox 670 689 838 727; x_wconf 80' lang='lat' dir='ltr'><strong>nosmet</strong></span> <span class='ocrx_word' id='word_1_58' title='bbox 867 685 1009 740; x_wconf 85' lang='lat' dir='ltr'><strong>legem</strong></span> <span class='ocrx_word' id='word_1_59' title='bbox 1040 685 1256 727; x_wconf 79' lang='lat' dir='ltr'><strong>sancimus</strong></span> <span class='ocrx_word' id='word_1_60' title='bbox 1287 684 1503 740; x_wconf 84' lang='lat' dir='ltr'><strong>iniquam!</strong></span> 
     </span>
     <span class='ocr_line' id='line_1_10' title="bbox 233 754 1456 811; baseline -0.002 -12"><span class='ocrx_word' id='word_1_61' title='bbox 233 756 346 799; x_wconf 82' lang='lat' dir='ltr'><strong>Nam</strong></span> <span class='ocrx_word' id='word_1_62' title='bbox 376 757 494 799; x_wconf 81' lang='lat' dir='ltr'><strong>vitiis</strong></span> <span class='ocrx_word' id='word_1_63' title='bbox 525 770 651 799; x_wconf 91' lang='lat' dir='ltr'><strong>nemo</strong></span> <span class='ocrx_word' id='word_1_64' title='bbox 682 756 776 798; x_wconf 90' lang='lat' dir='ltr'><strong>sine</strong></span> <span class='ocrx_word' id='word_1_65' title='bbox 806 755 1019 809; x_wconf 71' lang='lat' dir='ltr'><strong>nascitur-3</strong></span> <span class='ocrx_word' id='word_1_66' title='bbox 1052 755 1240 811; x_wconf 90' lang='lat' dir='ltr'><strong>optimus</strong></span> <span class='ocrx_word' id='word_1_67' title='bbox 1271 754 1344 797; x_wconf 87' lang='lat' dir='ltr'><strong>ille</strong></span> <span class='ocrx_word' id='word_1_68' title='bbox 1376 758 1456 809; x_wconf 86' lang='lat' dir='ltr'><strong>est,</strong></span> 
     </span>
     <span class='ocr_line' id='line_1_11' title="bbox 234 824 1575 883; baseline -0.002 -12"><span class='ocrx_word' id='word_1_69' title='bbox 234 826 320 876; x_wconf 83' lang='lat' dir='ltr'><strong>Qui</strong></span> <span class='ocrx_word' id='word_1_70' title='bbox 348 828 539 872; x_wconf 79' lang='lat' dir='ltr'><strong>minimis</strong></span> <span class='ocrx_word' id='word_1_71' title='bbox 569 830 759 883; x_wconf 85' lang='lat' dir='ltr'><strong>urgetur.</strong></span> <span class='ocrx_word' id='word_1_72' title='bbox 802 824 977 868; x_wconf 87' lang='lat' dir='ltr'><strong>Amicus</strong></span> <span class='ocrx_word' id='word_1_73' title='bbox 1009 825 1167 879; x_wconf 83' lang='lat' dir='ltr'><strong>dulcis,</strong></span> <span class='ocrx_word' id='word_1_74' title='bbox 1198 830 1247 868; x_wconf 87' lang='lat' dir='ltr'><strong>ut</strong></span> <span class='ocrx_word' id='word_1_75' title='bbox 1278 839 1465 882; x_wconf 87' lang='lat' dir='ltr'><strong>aequum</strong></span> <span class='ocrx_word' id='word_1_76' title='bbox 1496 828 1575 879; x_wconf 84' lang='lat' dir='ltr'><strong>est,</strong></span> 
     </span>
    </p>
   </div>
   <div class='ocr_carea' id='block_1_4' title="bbox 211 930 1563 976">
    <p class='ocr_par' dir='ltr' id='par_1_4' title="bbox 211 930 1563 976">
     <span class='ocr_line' id='line_1_12' title="bbox 211 930 1563 976; baseline -0.001 -10"><span class='ocrx_word' id='word_1_77' title='bbox 211 934 267 966; x_wconf 80' lang='grc'><strong>65.</strong></span> <span class='ocrx_word' id='word_1_78' title='bbox 293 930 656 976; x_wconf 69' lang='lat' dir='ltr'><strong>impelletq‘appellel</strong></span> <span class='ocrx_word' id='word_1_79' title='bbox 682 931 741 974; x_wconf 88' lang='lat' dir='ltr'><strong>Lt,</strong></span> <span class='ocrx_word' id='word_1_80' title='bbox 767 932 951 974; x_wconf 78' lang='lat' dir='ltr'><strong><em>appellem</em></strong></span> <span class='ocrx_word' id='word_1_81' title='bbox 975 930 1016 974; x_wconf 87' lang='lat' dir='ltr'><strong>C,</strong></span> <span class='ocrx_word' id='word_1_82' title='bbox 1040 932 1215 974; x_wconf 73' lang='lat' dir='ltr'><strong>impediat</strong></span> <span class='ocrx_word' id='word_1_83' title='bbox 1239 931 1438 966; x_wconf 81' lang='lat' dir='ltr'><strong>Bentleius</strong></span> <span class='ocrx_word' id='word_1_84' title='bbox 1465 932 1563 966; x_wconf 88' lang='lat' dir='ltr'><strong>coni.</strong></span> 
     </span>
    </p>
   </div>
   <div class='ocr_carea' id='block_1_5' title="bbox 113 1003 848 1106">
    <p class='ocr_par' dir='ltr' id='par_1_5' title="bbox 113 1003 848 1106">
     <span class='ocr_line' id='line_1_13' title="bbox 113 1003 848 1059; baseline -0.003 -10"><span class='ocrx_word' id='word_1_85' title='bbox 113 1003 215 1055; x_wconf 72' lang='lat' dir='ltr'><strong>fleat,</strong></span> <span class='ocrx_word' id='word_1_86' title='bbox 240 1025 307 1049; x_wconf 88' lang='lat' dir='ltr'><strong>cur</strong></span> <span class='ocrx_word' id='word_1_87' title='bbox 329 1015 396 1049; x_wconf 88' lang='lat' dir='ltr'><strong>ille</strong></span> <span class='ocrx_word' id='word_1_88' title='bbox 412 1017 610 1059; x_wconf 70' lang='lat' dir='ltr'><strong>tantopere</strong></span> <span class='ocrx_word' id='word_1_89' title='bbox 634 1017 774 1057; x_wconf 81' lang='lat' dir='ltr'><strong>caveat,</strong></span> <span class='ocrx_word' id='word_1_90' title='bbox 800 1024 848 1047; x_wconf 87' lang='lat' dir='ltr'><strong>ne</strong></span> 
     </span>
     <span class='ocr_line' id='line_1_14' title="bbox 113 1061 848 1106; baseline -0.001 -10"><span class='ocrx_word' id='word_1_91' title='bbox 113 1062 259 1096; x_wconf 77' lang='lat' dir='ltr'><strong>invidia</strong></span> <span class='ocrx_word' id='word_1_92' title='bbox 282 1063 320 1096; x_wconf 82' lang='lat' dir='ltr'><strong>et</strong></span> <span class='ocrx_word' id='word_1_93' title='bbox 344 1062 567 1096; x_wconf 67' lang='lat' dir='ltr'><strong>criminibus</strong></span> <span class='ocrx_word' id='word_1_94' title='bbox 596 1061 848 1106; x_wconf 80' lang='lat' dir='ltr'><strong>opprimatur:</strong></span> 
     </span>
    </p>
   </div>
   <div class='ocr_carea' id='block_1_6' title="bbox 112 1108 849 1191">
    <p class='ocr_par' dir='ltr' id='par_1_6' title="bbox 112 1108 849 1191">
     <span class='ocr_line' id='line_1_15' title="bbox 116 1108 849 1144; baseline -0.001 -1"><span class='ocrx_word' id='word_1_95' title='bbox 116 1111 250 1143; x_wconf 83' lang='lat' dir='ltr'><strong>contra</strong></span> <span class='ocrx_word' id='word_1_96' title='bbox 274 1109 423 1144; x_wconf 84' lang='lat' dir='ltr'><strong>Codicis</strong></span> <span class='ocrx_word' id='word_1_97' title='bbox 447 1109 582 1143; x_wconf 83' lang='lat' dir='ltr'><strong>Bland.</strong></span> <span class='ocrx_word' id='word_1_98' title='bbox 620 1108 733 1143; x_wconf 75' lang='lat' dir='ltr'><strong>lectio</strong></span> <span class='ocrx_word' id='word_1_99' title='bbox 770 1117 849 1142; x_wconf 87' lang='lat' dir='ltr'><strong>ver-</strong></span> 
     </span>
     <span class='ocr_line' id='line_1_16' title="bbox 112 1155 849 1191; baseline -0.001 -1"><span class='ocrx_word' id='word_1_100' title='bbox 112 1165 239 1190; x_wconf 73' lang='lat' dir='ltr'><strong>semur</strong></span> <span class='ocrx_word' id='word_1_101' title='bbox 274 1156 409 1191; x_wconf 79' lang='lat' dir='ltr'><strong>falsam</strong></span> <span class='ocrx_word' id='word_1_102' title='bbox 445 1156 561 1190; x_wconf 85' lang='lat' dir='ltr'><strong>infert</strong></span> <span class='ocrx_word' id='word_1_103' title='bbox 597 1155 849 1190; x_wconf 75' lang='lat' dir='ltr'><strong>sententiam.</strong></span> 
     </span>
    </p>
   </div>
   <div class='ocr_carea' id='block_1_7' title="bbox 68 1203 850 1248">
    <p class='ocr_par' dir='ltr' id='par_1_7' title="bbox 68 1203 850 1248">
     <span class='ocr_line' id='line_1_17' title="bbox 68 1203 850 1248; baseline -0.001 -11"><span class='ocrx_word' id='word_1_104' title='bbox 68 1240 71 1241; x_wconf 16' lang='lat'><em>⁷</em></span> <span class='ocrx_word' id='word_1_105' title='bbox 118 1213 225 1246; x_wconf 82' lang='lat' dir='ltr'><strong>,cum</strong></span> <span class='ocrx_word' id='word_1_106' title='bbox 250 1203 351 1248; x_wconf 82' lang='lat' dir='ltr'><strong>apud</strong></span> <span class='ocrx_word' id='word_1_107' title='bbox 375 1214 445 1238; x_wconf 91' lang='lat' dir='ltr'><strong>nos</strong></span> <span class='ocrx_word' id='word_1_108' title='bbox 478 1203 542 1245; x_wconf 89' lang='lat' dir='ltr'><strong>(in</strong></span> <span class='ocrx_word' id='word_1_109' title='bbox 567 1203 639 1237; x_wconf 86' lang='lat' dir='ltr'><strong>hoc</strong></span> <span class='ocrx_word' id='word_1_110' title='bbox 664 1203 762 1237; x_wconf 78' lang='lat' dir='ltr'><strong>vitae</strong></span> <span class='ocrx_word' id='word_1_111' title='bbox 787 1213 850 1247; x_wconf 89' lang='lat' dir='ltr'><strong>ge-</strong></span> 
     </span>
    </p>
   </div>
   <div class='ocr_carea' id='block_1_8' title="bbox 113 1250 851 2757">
    <p class='ocr_par' dir='ltr' id='par_1_8' title="bbox 113 1250 850 1527">
     <span class='ocr_line' id='line_1_18' title="bbox 116 1250 850 1296; baseline -0.001 -12"><span class='ocrx_word' id='word_1_112' title='bbox 116 1250 222 1293; x_wconf 84' lang='lat' dir='ltr'><strong>nere)</strong></span> <span class='ocrx_word' id='word_1_113' title='bbox 236 1251 387 1296; x_wconf 79' lang='lat' dir='ltr'><strong>vigeant</strong></span> <span class='ocrx_word' id='word_1_114' title='bbox 399 1250 542 1284; x_wconf 83' lang='lat' dir='ltr'><strong>invidia</strong></span> <span class='ocrx_word' id='word_1_115' title='bbox 554 1253 668 1295; x_wconf 86' lang='lat' dir='ltr'><strong>atque</strong></span> <span class='ocrx_word' id='word_1_116' title='bbox 679 1250 850 1292; x_wconf 87' lang='lat' dir='ltr'><strong>crimina,</strong></span> 
     </span>
     <span class='ocr_line' id='line_1_19' title="bbox 115 1297 850 1339; baseline -0.001 -8"><span class='ocrx_word' id='word_1_117' title='bbox 115 1297 202 1331; x_wconf 89' lang='lat' dir='ltr'><strong>ideo</strong></span> <span class='ocrx_word' id='word_1_118' title='bbox 219 1307 307 1331; x_wconf 88' lang='lat' dir='ltr'><strong>enm</strong></span> <span class='ocrx_word' id='word_1_119' title='bbox 322 1297 453 1332; x_wconf 85' lang='lat' dir='ltr'><strong>fictum</strong></span> <span class='ocrx_word' id='word_1_120' title='bbox 469 1298 725 1332; x_wconf 79' lang='lat' dir='ltr'><strong>vocamus.“—</strong></span> <span class='ocrx_word' id='word_1_121' title='bbox 735 1306 850 1339; x_wconf 78' lang='lat' dir='ltr'><strong>pro--</strong></span> 
     </span>
     <span class='ocr_line' id='line_1_20' title="bbox 113 1344 850 1387; baseline -0.003 -9"><span class='ocrx_word' id='word_1_122' title='bbox 113 1344 302 1387; x_wconf 67' lang='lat' dir='ltr'><strong>vocam]</strong></span> <span class='ocrx_word' id='word_1_123' title='bbox 318 1344 399 1378; x_wconf 86' lang='lat' dir='ltr'><strong>Liv.</strong></span> <span class='ocrx_word' id='word_1_124' title='bbox 417 1346 474 1385; x_wconf 83' lang='lat'><strong>22,</strong></span> <span class='ocrx_word' id='word_1_125' title='bbox 492 1347 556 1378; x_wconf 83' lang='lat'><strong>39:</strong></span> <span class='ocrx_word' id='word_1_126' title='bbox 578 1346 666 1386; x_wconf 74' lang='lat' dir='ltr'><strong>sine,</strong></span> <span class='ocrx_word' id='word_1_127' title='bbox 684 1345 850 1377; x_wconf 69' lang='lat' dir='ltr'><strong>timidum</strong></span> 
     </span>
     <span class='ocr_line' id='line_1_21' title="bbox 115 1392 849 1433; baseline 0 -9"><span class='ocrx_word' id='word_1_128' title='bbox 115 1399 187 1432; x_wconf 77' lang='lat' dir='ltr'><strong>pro</strong></span> <span class='ocrx_word' id='word_1_129' title='bbox 211 1394 331 1433; x_wconf 71' lang='lat' dir='ltr'><strong>caulo,</strong></span> <span class='ocrx_word' id='word_1_130' title='bbox 356 1393 504 1424; x_wconf 72' lang='lat' dir='ltr'><strong>lardum</strong></span> <span class='ocrx_word' id='word_1_131' title='bbox 521 1400 591 1432; x_wconf 83' lang='lat' dir='ltr'><strong>pro</strong></span> <span class='ocrx_word' id='word_1_132' title='bbox 609 1392 849 1433; x_wconf 72' lang='lat' dir='ltr'><strong>considerato,</strong></span> 
     </span>
     <span class='ocr_line' id='line_1_22' title="bbox 117 1438 850 1479; baseline -0.001 -8"><span class='ocrx_word' id='word_1_133' title='bbox 117 1438 299 1471; x_wconf 51' lang='lat' dir='ltr'><strong>&amp;avellem</strong></span> <span class='ocrx_word' id='word_1_134' title='bbox 331 1446 401 1479; x_wconf 80' lang='lat' dir='ltr'><strong>pro</strong></span> <span class='ocrx_word' id='word_1_135' title='bbox 435 1439 556 1479; x_wconf 62' lang='lat' dir='ltr'><strong>perito</strong></span> <span class='ocrx_word' id='word_1_136' title='bbox 589 1439 675 1471; x_wconf 81' lang='lat' dir='ltr'><strong>belli</strong></span> <span class='ocrx_word' id='word_1_137' title='bbox 712 1440 850 1471; x_wconf 76' lang='lat' dir='ltr'><strong>vocent.</strong></span> 
     </span>
     <span class='ocr_line' id='line_1_23' title="bbox 116 1482 848 1527; baseline 0.001 -10"><span class='ocrx_word' id='word_1_138' title='bbox 116 1482 204 1518; x_wconf 72' lang='lat' dir='ltr'><strong>vid.</strong></span> <span class='ocrx_word' id='word_1_139' title='bbox 229 1484 277 1518; x_wconf 82' lang='lat' dir='ltr'><strong>ad</strong></span> <span class='ocrx_word' id='word_1_140' title='bbox 307 1495 341 1519; x_wconf 77' lang='lat' dir='ltr'><strong>v,</strong></span> <span class='ocrx_word' id='word_1_141' title='bbox 367 1486 423 1519; x_wconf 87' lang='grc'><strong>55.</strong></span> <span class='ocrx_word' id='word_1_142' title='bbox 451 1503 493 1508; x_wconf 85' lang='lat'><strong>—-</strong></span> <span class='ocrx_word' id='word_1_143' title='bbox 520 1484 687 1527; x_wconf 57' lang='lat' dir='ltr'><strong>bend„</strong></span> <span class='ocrx_word' id='word_1_144' title='bbox 699 1484 848 1519; x_wconf 52' lang='lat' dir='ltr'><strong>valdest‘</strong></span> 
     </span>
    </p>

    <p class='ocr_par' dir='ltr' id='par_1_9' title="bbox 114 1531 851 2332">
     <span class='ocr_line' id='line_1_24' title="bbox 116 1531 849 1575; baseline -0.003 -9"><span class='ocrx_word' id='word_1_145' title='bbox 116 1531 229 1566; x_wconf 67' lang='lat' dir='ltr'><strong>Hand</strong></span> <span class='ocrx_word' id='word_1_146' title='bbox 265 1531 374 1566; x_wconf 78' lang='lat' dir='ltr'><strong>Turs.</strong></span> <span class='ocrx_word' id='word_1_147' title='bbox 408 1531 459 1565; x_wconf 86' lang='lat'><strong>11.</strong></span> <span class='ocrx_word' id='word_1_148' title='bbox 494 1543 530 1575; x_wconf 89' lang='lat' dir='ltr'><strong>p.</strong></span> <span class='ocrx_word' id='word_1_149' title='bbox 569 1533 602 1565; x_wconf 87' lang='lat'><strong>3.</strong></span> <span class='ocrx_word' id='word_1_150' title='bbox 632 1550 678 1555; x_wconf 84' lang='lat'>—</span> <span class='ocrx_word' id='word_1_151' title='bbox 711 1532 849 1574; x_wconf 70' lang='lat' dir='ltr'><strong>fictum]</strong></span> 
     </span>
     <span class='ocr_line' id='line_1_25' title="bbox 118 1577 851 1623; baseline -0.004 -9"><span class='ocrx_word' id='word_1_152' title='bbox 118 1578 328 1623; x_wconf 54' lang='lat' dir='ltr'><strong>„falsumss‘</strong></span> <span class='ocrx_word' id='word_1_153' title='bbox 384 1577 483 1612; x_wconf 88' lang='lat' dir='ltr'><strong>Plin.</strong></span> <span class='ocrx_word' id='word_1_154' title='bbox 515 1577 610 1622; x_wconf 85' lang='lat' dir='ltr'><strong>Epp.</strong></span> <span class='ocrx_word' id='word_1_155' title='bbox 644 1580 686 1620; x_wconf 89' lang='grc'><strong>8,</strong></span> <span class='ocrx_word' id='word_1_156' title='bbox 713 1580 776 1620; x_wconf 87' lang='lat'><strong>18,</strong></span> <span class='ocrx_word' id='word_1_157' title='bbox 802 1580 851 1612; x_wconf 89' lang='grc'><strong>3·</strong></span> <span class='ocrx_word' id='word_1_158' title='bbox 842 1604 851 1612; x_wconf 92' lang='grc'><strong>.</strong></span> 
     </span>
     <span class='ocr_line' id='line_1_26' title="bbox 116 1617 850 1668; baseline 0 -9"><span class='ocrx_word' id='word_1_159' title='bbox 116 1617 186 1661; x_wconf 70' lang='lat' dir='ltr'><strong>ala·</strong></span> <span class='ocrx_word' id='word_1_160' title='bbox 224 1625 453 1668; x_wconf 83' lang='lat' dir='ltr'><strong>(Domitium</strong></span> <span class='ocrx_word' id='word_1_161' title='bbox 493 1625 670 1668; x_wconf 79' lang='lat' dir='ltr'><strong>Tullum)</strong></span> <span class='ocrx_word' id='word_1_162' title='bbox 716 1627 850 1668; x_wconf 74' lang='lat' dir='ltr'><strong>fictum,</strong></span> 
     </span>
     <span class='ocr_line' id='line_1_27' title="bbox 114 1673 844 1715; baseline 0.001 -9"><span class='ocrx_word' id='word_1_163' title='bbox 114 1673 313 1715; x_wconf 57' lang='lat' dir='ltr'><strong>inflatum,</strong></span> <span class='ocrx_word' id='word_1_164' title='bbox 330 1674 576 1706; x_wconf 76' lang='lat' dir='ltr'><strong>immemorem</strong></span> <span class='ocrx_word' id='word_1_165' title='bbox 590 1673 844 1714; x_wconf 75' lang='lat' dir='ltr'><strong>loquuntur.—</strong></span> 
     </span>
     <span class='ocr_line' id='line_1_28' title="bbox 114 1719 851 1764; baseline 0.001 -10"><span class='ocrx_word' id='word_1_166' title='bbox 114 1719 323 1762; x_wconf 57' lang='lat' dir='ltr'><strong>Shaplieior</strong></span> <span class='ocrx_word' id='word_1_167' title='bbox 347 1721 428 1760; x_wconf 73' lang='lat' dir='ltr'><strong>quis</strong></span> <span class='ocrx_word' id='word_1_168' title='bbox 451 1719 536 1762; x_wconf 62' lang='lat' dir='ltr'><strong>cet]</strong></span> <span class='ocrx_word' id='word_1_169' title='bbox 564 1719 626 1762; x_wconf 80' lang='lat' dir='ltr'><strong>„si</strong></span> <span class='ocrx_word' id='word_1_170' title='bbox 644 1720 851 1764; x_wconf 84' lang='lat' dir='ltr'><strong>simplicior</strong></span> 
     </span>
     <span class='ocr_line' id='line_1_29' title="bbox 116 1767 851 1812; baseline 0.003 -12"><span class='ocrx_word' id='word_1_171' title='bbox 116 1767 205 1811; x_wconf 85' lang='lat' dir='ltr'><strong>quis</strong></span> <span class='ocrx_word' id='word_1_172' title='bbox 230 1769 288 1801; x_wconf 88' lang='lat' dir='ltr'><strong>est</strong></span> <span class='ocrx_word' id='word_1_173' title='bbox 311 1770 350 1801; x_wconf 89' lang='lat' dir='ltr'><strong>et</strong></span> <span class='ocrx_word' id='word_1_174' title='bbox 373 1767 472 1810; x_wconf 87' lang='lat' dir='ltr'><strong>talis,</strong></span> <span class='ocrx_word' id='word_1_175' title='bbox 498 1767 647 1812; x_wconf 83' lang='lat' dir='ltr'><strong>qualem</strong></span> <span class='ocrx_word' id='word_1_176' title='bbox 664 1768 757 1802; x_wconf 85' lang='lat' dir='ltr'><strong>cet.“</strong></span> <span class='ocrx_word' id='word_1_177' title='bbox 783 1768 851 1803; x_wconf 85' lang='lat' dir='ltr'><strong>Est</strong></span> 
     </span>
     <span class='ocr_line' id='line_1_30' title="bbox 114 1814 850 1860; baseline 0.003 -13"><span class='ocrx_word' id='word_1_178' title='bbox 114 1817 262 1857; x_wconf 80' lang='lat' dir='ltr'><strong>autem,</strong></span> <span class='ocrx_word' id='word_1_179' title='bbox 296 1814 394 1860; x_wconf 82' lang='lat' dir='ltr'><strong>„qni</strong></span> <span class='ocrx_word' id='word_1_180' title='bbox 421 1814 503 1849; x_wconf 88' lang='lat' dir='ltr'><strong>sinc</strong></span> <span class='ocrx_word' id='word_1_181' title='bbox 528 1825 663 1860; x_wconf 83' lang='lat' dir='ltr'><strong>magna</strong></span> <span class='ocrx_word' id='word_1_182' title='bbox 687 1816 850 1849; x_wconf 89' lang='lat' dir='ltr'><strong>circum-</strong></span> 
     </span>
     <span class='ocr_line' id='line_1_31' title="bbox 115 1861 849 1904; baseline 0.001 -9"><span class='ocrx_word' id='word_1_183' title='bbox 115 1861 310 1904; x_wconf 77' lang='lat' dir='ltr'><strong>spectione</strong></span> <span class='ocrx_word' id='word_1_184' title='bbox 347 1864 385 1896; x_wconf 83' lang='lat' dir='ltr'><strong>et</strong></span> <span class='ocrx_word' id='word_1_185' title='bbox 421 1864 597 1896; x_wconf 62' lang='lat' dir='ltr'><strong>accurata</strong></span> <span class='ocrx_word' id='word_1_186' title='bbox 634 1862 849 1896; x_wconf 89' lang='lat' dir='ltr'><strong>considera-</strong></span> 
     </span>
     <span class='ocr_line' id='line_1_32' title="bbox 115 1907 849 1946; baseline 0.003 -4"><span class='ocrx_word' id='word_1_187' title='bbox 115 1907 220 1944; x_wconf 85' lang='lat' dir='ltr'><strong>tione</strong></span> <span class='ocrx_word' id='word_1_188' title='bbox 237 1908 386 1944; x_wconf 86' lang='lat' dir='ltr'><strong>sincere</strong></span> <span class='ocrx_word' id='word_1_189' title='bbox 403 1920 448 1944; x_wconf 89' lang='lat' dir='ltr'><strong>ac</strong></span> <span class='ocrx_word' id='word_1_190' title='bbox 465 1909 584 1945; x_wconf 86' lang='lat' dir='ltr'><strong>libere</strong></span> <span class='ocrx_word' id='word_1_191' title='bbox 603 1920 736 1945; x_wconf 87' lang='lat' dir='ltr'><strong>sensus</strong></span> <span class='ocrx_word' id='word_1_192' title='bbox 760 1920 849 1946; x_wconf 89' lang='lat' dir='ltr'><strong>suos</strong></span> 
     </span>
     <span class='ocr_line' id='line_1_33' title="bbox 117 1954 849 2014; baseline 0.001 -21"><span class='ocrx_word' id='word_1_193' title='bbox 117 1954 251 2014; x_wconf 75' lang='lat' dir='ltr'><strong>aperit,</strong></span> <span class='ocrx_word' id='word_1_194' title='bbox 276 1969 351 2004; x_wconf 89' lang='lat' dir='ltr'><strong>quo</strong></span> <span class='ocrx_word' id='word_1_195' title='bbox 376 1958 429 2002; x_wconf 81' lang='lat' dir='ltr'><strong>fit,</strong></span> <span class='ocrx_word' id='word_1_196' title='bbox 454 1961 497 1993; x_wconf 87' lang='lat' dir='ltr'><strong>ut</strong></span> <span class='ocrx_word' id='word_1_197' title='bbox 512 1959 702 1994; x_wconf 88' lang='lat' dir='ltr'><strong>interdum</strong></span> <span class='ocrx_word' id='word_1_198' title='bbox 720 1970 849 2005; x_wconf 88' lang='lat' dir='ltr'><strong>quam-</strong></span> 
     </span>
     <span class='ocr_line' id='line_1_34' title="bbox 117 2006 850 2051; baseline 0.004 -12"><span class='ocrx_word' id='word_1_199' title='bbox 117 2007 173 2040; x_wconf 82' lang='lat' dir='ltr'><strong>vis</strong></span> <span class='ocrx_word' id='word_1_200' title='bbox 203 2006 344 2040; x_wconf 77' lang='lat' dir='ltr'><strong>invitus</strong></span> <span class='ocrx_word' id='word_1_201' title='bbox 377 2007 446 2049; x_wconf 89' lang='lat' dir='ltr'><strong>iis,</strong></span> <span class='ocrx_word' id='word_1_202' title='bbox 483 2007 710 2051; x_wconf 87' lang='lat' dir='ltr'><strong>quibuscum</strong></span> <span class='ocrx_word' id='word_1_203' title='bbox 736 2009 850 2042; x_wconf 91' lang='lat' dir='ltr'><strong>collo-</strong></span> 
     </span>
     <span class='ocr_line' id='line_1_35' title="bbox 118 2053 851 2097; baseline 0.005 -11"><span class='ocrx_word' id='word_1_204' title='bbox 118 2053 259 2097; x_wconf 84' lang='lat' dir='ltr'><strong>quitur,</strong></span> <span class='ocrx_word' id='word_1_205' title='bbox 274 2053 450 2088; x_wconf 81' lang='lat' dir='ltr'><strong>incautus</strong></span> <span class='ocrx_word' id='word_1_206' title='bbox 463 2054 638 2088; x_wconf 78' lang='lat' dir='ltr'><strong>videatur</strong></span> <span class='ocrx_word' id='word_1_207' title='bbox 652 2055 851 2090; x_wconf 85' lang='lat' dir='ltr'><strong>molestus-</strong></span> 
     </span>
     <span class='ocr_line' id='line_1_36' title="bbox 118 2099 851 2144; baseline 0.003 -11"><span class='ocrx_word' id='word_1_208' title='bbox 118 2110 192 2144; x_wconf 82' lang='lat' dir='ltr'><strong>que</strong></span> <span class='ocrx_word' id='word_1_209' title='bbox 216 2100 299 2134; x_wconf 79' lang='lat' dir='ltr'><strong>sit.“</strong></span> <span class='ocrx_word' id='word_1_210' title='bbox 319 2120 362 2125; x_wconf 83' lang='lat'><strong>——</strong></span> <span class='ocrx_word' id='word_1_211' title='bbox 382 2101 547 2144; x_wconf 73' lang='lat' dir='ltr'><strong>libenter]</strong></span> <span class='ocrx_word' id='word_1_212' title='bbox 572 2099 703 2144; x_wconf 77' lang='grc' dir='ltr'>ἡδέως,</span> <span class='ocrx_word' id='word_1_213' title='bbox 727 2099 851 2144; x_wconf 79' lang='grc' dir='ltr'><em>ἀσμέ-</em></span> 
     </span>
     <span class='ocr_line' id='line_1_37' title="bbox 116 2148 848 2191; baseline 0.005 -12"><span class='ocrx_word' id='word_1_214' title='bbox 116 2157 203 2188; x_wconf 84' lang='grc' dir='ltr'>νως,</span> <span class='ocrx_word' id='word_1_215' title='bbox 218 2148 342 2182; x_wconf 76' lang='lat' dir='ltr'><strong>animo</strong></span> <span class='ocrx_word' id='word_1_216' title='bbox 361 2148 415 2182; x_wconf 90' lang='lat' dir='ltr'><strong>sic</strong></span> <span class='ocrx_word' id='word_1_217' title='bbox 428 2149 529 2182; x_wconf 89' lang='lat' dir='ltr'><strong>ultro</strong></span> <span class='ocrx_word' id='word_1_218' title='bbox 542 2149 710 2191; x_wconf 88' lang='lat' dir='ltr'><strong>iubente,</strong></span> <span class='ocrx_word' id='word_1_219' title='bbox 727 2158 848 2190; x_wconf 66' lang='lat' dir='ltr'><strong>aer-ne.</strong></span> 
     </span>
     <span class='ocr_line' id='line_1_38' title="bbox 116 2192 851 2238; baseline 0.003 -11"><span class='ocrx_word' id='word_1_220' title='bbox 116 2192 300 2237; x_wconf 84' lang='lat' dir='ltr'><strong>Explica:</strong></span> <span class='ocrx_word' id='word_1_221' title='bbox 350 2195 693 2238; x_wconf 82' lang='lat' dir='ltr'><strong>„quemadmodum</strong></span> <span class='ocrx_word' id='word_1_222' title='bbox 733 2196 851 2229; x_wconf 87' lang='lat' dir='ltr'><strong>haud-</strong></span> 
     </span>
     <span class='ocr_line' id='line_1_39' title="bbox 116 2241 850 2332; baseline 0.003 -11"><span class='ocrx_word' id='word_1_223' title='bbox 116 2241 850 2332; x_wconf 52' lang='lat' dir='ltr'><strong>ffiffiusssspffffi‘ssiffissssffimffigg</strong></span> 
     </span>
    </p>

    <p class='ocr_par' dir='ltr' id='par_1_10' title="bbox 659 2314 670 2331">
     <span class='ocr_line' id='line_1_40' title="bbox 659 2314 670 2331; baseline 0 0"><span class='ocrx_word' id='word_1_224' title='bbox 659 2314 670 2331; x_wconf 72' lang='lat'>²</span> 
     </span>
    </p>

    <p class='ocr_par' dir='ltr' id='par_1_11' title="bbox 115 2334 850 2757">
     <span class='ocr_line' id='line_1_41' title="bbox 116 2334 849 2379; baseline 0.003 -11"><span class='ocrx_word' id='word_1_225' title='bbox 116 2334 220 2378; x_wconf 86' lang='lat' dir='ltr'><strong>ipso,</strong></span> <span class='ocrx_word' id='word_1_226' title='bbox 256 2334 404 2369; x_wconf 79' lang='lat' dir='ltr'><strong>etiamsi</strong></span> <span class='ocrx_word' id='word_1_227' title='bbox 427 2335 510 2369; x_wconf 89' lang='lat' dir='ltr'><strong>fieri</strong></span> <span class='ocrx_word' id='word_1_228' title='bbox 534 2339 676 2379; x_wconf 87' lang='lat' dir='ltr'><strong>potest,</strong></span> <span class='ocrx_word' id='word_1_229' title='bbox 714 2339 757 2369; x_wconf 83' lang='lat' dir='ltr'><strong>ut</strong></span> <span class='ocrx_word' id='word_1_230' title='bbox 781 2336 849 2371; x_wconf 88' lang='lat' dir='ltr'><strong>tibi</strong></span> 
     </span>
     <span class='ocr_line' id='line_1_42' title="bbox 115 2381 850 2427; baseline 0.003 -12"><span class='ocrx_word' id='word_1_231' title='bbox 115 2381 297 2416; x_wconf 85' lang='lat' dir='ltr'><strong>molestus</strong></span> <span class='ocrx_word' id='word_1_232' title='bbox 312 2382 461 2425; x_wconf 85' lang='lat' dir='ltr'><strong>fuerim,</strong></span> <span class='ocrx_word' id='word_1_233' title='bbox 485 2382 683 2426; x_wconf 78' lang='lat' dir='ltr'><strong>pervidere</strong></span> <span class='ocrx_word' id='word_1_234' title='bbox 700 2386 850 2427; x_wconf 85' lang='lat' dir='ltr'><strong>poteras</strong></span> 
     </span>
     <span class='ocr_line' id='line_1_43' title="bbox 116 2428 850 2482; baseline 0.003 -20"><span class='ocrx_word' id='word_1_235' title='bbox 116 2428 325 2482; x_wconf 83' lang='lat' dir='ltr'><strong>simplicem</strong></span> <span class='ocrx_word' id='word_1_236' title='bbox 349 2432 462 2474; x_wconf 84' lang='lat' dir='ltr'><strong>atque</strong></span> <span class='ocrx_word' id='word_1_237' title='bbox 487 2430 694 2476; x_wconf 81' lang='lat' dir='ltr'><strong>ingenuum</strong></span> <span class='ocrx_word' id='word_1_238' title='bbox 726 2441 850 2464; x_wconf 90' lang='lat' dir='ltr'><strong>meum</strong></span> 
     </span>
     <span class='ocr_line' id='line_1_44' title="bbox 116 2476 850 2520; baseline 0.004 -11"><span class='ocrx_word' id='word_1_239' title='bbox 116 2476 296 2511; x_wconf 80' lang='lat' dir='ltr'><strong>animum.</strong></span> <span class='ocrx_word' id='word_1_240' title='bbox 301 2476 318 2494; x_wconf 85' lang='lat'>“</span> <span class='ocrx_word' id='word_1_241' title='bbox 355 2476 414 2510; x_wconf 82' lang='lat' dir='ltr'><strong>Ex</strong></span> <span class='ocrx_word' id='word_1_242' title='bbox 436 2477 509 2511; x_wconf 87' lang='lat' dir='ltr'><strong>hoc</strong></span> <span class='ocrx_word' id='word_1_243' title='bbox 533 2480 659 2511; x_wconf 81' lang='lat' dir='ltr'><strong>autem</strong></span> <span class='ocrx_word' id='word_1_244' title='bbox 682 2488 717 2511; x_wconf 81' lang='lat' dir='ltr'><strong>v.</strong></span> <span class='ocrx_word' id='word_1_245' title='bbox 740 2487 850 2520; x_wconf 79' lang='lat' dir='ltr'><strong>saepe</strong></span> 
     </span>
     <span class='ocr_line' id='line_1_45' title="bbox 117 2525 849 2570; baseline 0.004 -14"><span class='ocrx_word' id='word_1_246' title='bbox 117 2525 220 2566; x_wconf 79' lang='lat' dir='ltr'><strong>patet</strong></span> <span class='ocrx_word' id='word_1_247' title='bbox 243 2533 374 2557; x_wconf 82' lang='lat' dir='ltr'><strong>verum</strong></span> <span class='ocrx_word' id='word_1_248' title='bbox 398 2534 474 2558; x_wconf 90' lang='lat' dir='ltr'><strong>non</strong></span> <span class='ocrx_word' id='word_1_249' title='bbox 501 2535 603 2566; x_wconf 87' lang='lat' dir='ltr'><strong>esse,</strong></span> <span class='ocrx_word' id='word_1_250' title='bbox 641 2525 740 2569; x_wconf 88' lang='lat' dir='ltr'><strong>quod</strong></span> <span class='ocrx_word' id='word_1_251' title='bbox 766 2526 849 2570; x_wconf 92' lang='lat' dir='ltr'><strong>qui-</strong></span> 
     </span>
     <span class='ocr_line' id='line_1_46' title="bbox 116 2568 849 2614; baseline 0.004 -11"><span class='ocrx_word' id='word_1_252' title='bbox 116 2568 204 2603; x_wconf 76' lang='lat' dir='ltr'><strong>dm</strong></span> <span class='ocrx_word' id='word_1_253' title='bbox 235 2570 485 2613; x_wconf 78' lang='lat' dir='ltr'><strong>contendunt,</strong></span> <span class='ocrx_word' id='word_1_254' title='bbox 528 2571 755 2614; x_wconf 77' lang='lat' dir='ltr'><strong>„Horatium</strong></span> <span class='ocrx_word' id='word_1_255' title='bbox 792 2583 849 2614; x_wconf 81' lang='lat' dir='ltr'><strong>eo,</strong></span> 
     </span>
     <span class='ocr_line' id='line_1_47' title="bbox 118 2617 850 2663; baseline 0.004 -13"><span class='ocrx_word' id='word_1_256' title='bbox 118 2626 194 2660; x_wconf 83' lang='lat' dir='ltr'><strong>quo</strong></span> <span class='ocrx_word' id='word_1_257' title='bbox 218 2617 311 2652; x_wconf 83' lang='lat' dir='ltr'><strong>haec</strong></span> <span class='ocrx_word' id='word_1_258' title='bbox 335 2618 550 2663; x_wconf 81' lang='lat' dir='ltr'><strong>scripserit,</strong></span> <span class='ocrx_word' id='word_1_259' title='bbox 579 2622 767 2663; x_wconf 88' lang='lat' dir='ltr'><strong>tempore,</strong></span> <span class='ocrx_word' id='word_1_260' title='bbox 793 2630 850 2653; x_wconf 91' lang='lat' dir='ltr'><strong>se-</strong></span> 
     </span>
     <span class='ocr_line' id='line_1_48' title="bbox 117 2663 850 2700; baseline 0.005 -4"><span class='ocrx_word' id='word_1_261' title='bbox 117 2663 194 2696; x_wconf 76' lang='lat' dir='ltr'><strong>mel</strong></span> <span class='ocrx_word' id='word_1_262' title='bbox 224 2666 368 2698; x_wconf 82' lang='lat' dir='ltr'><strong>tantum</strong></span> <span class='ocrx_word' id='word_1_263' title='bbox 402 2666 622 2700; x_wconf 76' lang='lat' dir='ltr'><strong>convenisse</strong></span> <span class='ocrx_word' id='word_1_264' title='bbox 655 2665 850 2700; x_wconf 76' lang='lat' dir='ltr'><strong>Maecena-</strong></span> 
     </span>
     <span class='ocr_line' id='line_1_49' title="bbox 117 2711 849 2757; baseline 0.004 -13"><span class='ocrx_word' id='word_1_265' title='bbox 117 2711 193 2744; x_wconf 77' lang='lat' dir='ltr'><strong>tem</strong></span> <span class='ocrx_word' id='word_1_266' title='bbox 208 2714 247 2745; x_wconf 87' lang='lat' dir='ltr'><strong>et</strong></span> <span class='ocrx_word' id='word_1_267' title='bbox 259 2712 450 2747; x_wconf 84' lang='lat' dir='ltr'><strong>commode</strong></span> <span class='ocrx_word' id='word_1_268' title='bbox 464 2712 618 2757; x_wconf 90' lang='lat' dir='ltr'><strong>quidem</strong></span> <span class='ocrx_word' id='word_1_269' title='bbox 634 2713 849 2755; x_wconf 84' lang='lat' dir='ltr'><strong>admissum,</strong></span> 
     </span>
    </p>
   </div>
   <div class='ocr_carea' id='block_1_9' title="bbox 897 1012 1638 1910">
    <p class='ocr_par' dir='ltr' id='par_1_12' title="bbox 897 1012 1638 1910">
     <span class='ocr_line' id='line_1_50' title="bbox 898 1012 1635 1059; baseline 0.001 -12"><span class='ocrx_word' id='word_1_270' title='bbox 898 1012 965 1048; x_wconf 88' lang='lat' dir='ltr'><strong>sed</strong></span> <span class='ocrx_word' id='word_1_271' title='bbox 1002 1013 1169 1048; x_wconf 88' lang='lat' dir='ltr'><strong>nondum</strong></span> <span class='ocrx_word' id='word_1_272' title='bbox 1206 1016 1401 1059; x_wconf 86' lang='lat' dir='ltr'><strong>receptum</strong></span> <span class='ocrx_word' id='word_1_273' title='bbox 1438 1014 1557 1049; x_wconf 80' lang='lat' dir='ltr'><strong>fuisse</strong></span> <span class='ocrx_word' id='word_1_274' title='bbox 1594 1015 1635 1048; x_wconf 90' lang='lat' dir='ltr'><strong>in</strong></span> 
     </span>
     <span class='ocr_line' id='line_1_51' title="bbox 898 1061 1634 1096; baseline 0.003 -2"><span class='ocrx_word' id='word_1_275' title='bbox 898 1061 980 1095; x_wconf 89' lang='lat' dir='ltr'><strong>eius</strong></span> <span class='ocrx_word' id='word_1_276' title='bbox 1006 1062 1218 1095; x_wconf 81' lang='lat' dir='ltr'><strong>convictum</strong></span> <span class='ocrx_word' id='word_1_277' title='bbox 1243 1064 1282 1095; x_wconf 90' lang='lat' dir='ltr'><strong>et</strong></span> <span class='ocrx_word' id='word_1_278' title='bbox 1304 1061 1634 1096; x_wconf 81' lang='lat' dir='ltr'><strong>familiaritatem.“</strong></span> 
     </span>
     <span class='ocr_line' id='line_1_52' title="bbox 899 1108 1636 1151; baseline 0.004 -11"><span class='ocrx_word' id='word_1_279' title='bbox 899 1126 943 1131; x_wconf 87' lang='lat'>-</span> <span class='ocrx_word' id='word_1_280' title='bbox 968 1108 1152 1151; x_wconf 70' lang='lat' dir='ltr'><strong>impellat]</strong></span> <span class='ocrx_word' id='word_1_281' title='bbox 1190 1108 1295 1142; x_wconf 79' lang='lat' dir='ltr'><strong>Nihil</strong></span> <span class='ocrx_word' id='word_1_282' title='bbox 1320 1109 1423 1143; x_wconf 76' lang='lat' dir='ltr'><strong>iuvat</strong></span> <span class='ocrx_word' id='word_1_283' title='bbox 1447 1108 1510 1143; x_wconf 87' lang='lat' dir='ltr'><strong>hic</strong></span> <span class='ocrx_word' id='word_1_284' title='bbox 1536 1119 1636 1143; x_wconf 88' lang='lat' dir='ltr'><strong>com-</strong></span> 
     </span>
     <span class='ocr_line' id='line_1_53' title="bbox 897 1155 1635 1199; baseline 0.001 -11"><span class='ocrx_word' id='word_1_285' title='bbox 897 1165 1031 1199; x_wconf 85' lang='lat' dir='ltr'><strong>parare</strong></span> <span class='ocrx_word' id='word_1_286' title='bbox 1068 1155 1251 1190; x_wconf 82' lang='lat' dir='ltr'><strong>formulas</strong></span> <span class='ocrx_word' id='word_1_287' title='bbox 1288 1156 1475 1197; x_wconf 76' lang='lat' dir='ltr'><strong>impellere</strong></span> <span class='ocrx_word' id='word_1_288' title='bbox 1508 1165 1635 1190; x_wconf 70' lang='lat' dir='ltr'><strong>sensus</strong></span> 
     </span>
     <span class='ocr_line' id='line_1_54' title="bbox 899 1201 1636 1246; baseline 0.003 -12"><span class='ocrx_word' id='word_1_289' title='bbox 899 1201 1073 1243; x_wconf 77' lang='lat' dir='ltr'><strong>(Luci-et.</strong></span> <span class='ocrx_word' id='word_1_290' title='bbox 1102 1206 1133 1244; x_wconf 88' lang='lat'><strong>1,</strong></span> <span class='ocrx_word' id='word_1_291' title='bbox 1158 1201 1274 1246; x_wconf 84' lang='lat'><strong>304.)‚</strong></span> <span class='ocrx_word' id='word_1_292' title='bbox 1307 1204 1499 1245; x_wconf 82' lang='lat' dir='ltr'><strong>impellere</strong></span> <span class='ocrx_word' id='word_1_293' title='bbox 1525 1212 1636 1237; x_wconf 73' lang='lat' dir='ltr'><strong>aures</strong></span> 
     </span>
     <span class='ocr_line' id='line_1_55' title="bbox 899 1248 1637 1295; baseline 0.003 -13"><span class='ocrx_word' id='word_1_294' title='bbox 899 1248 1021 1295; x_wconf 68' lang='grc' dir='ltr'><strong>(Ἧι-3.</strong></span> <span class='ocrx_word' id='word_1_295' title='bbox 1056 1249 1123 1284; x_wconf 85' lang='lat' dir='ltr'><strong>Ge.</strong></span> <span class='ocrx_word' id='word_1_296' title='bbox 1157 1252 1198 1291; x_wconf 84' lang='lat'><strong>4,</strong></span> <span class='ocrx_word' id='word_1_297' title='bbox 1224 1252 1305 1284; x_wconf 79' lang='lat'><strong>349.</strong></span> <span class='ocrx_word' id='word_1_298' title='bbox 1339 1250 1444 1284; x_wconf 87' lang='lat' dir='ltr'><strong>Pers.</strong></span> <span class='ocrx_word' id='word_1_299' title='bbox 1477 1252 1517 1292; x_wconf 88' lang='grc'>2,</span> <span class='ocrx_word' id='word_1_300' title='bbox 1543 1251 1637 1292; x_wconf 85' lang='grc'>21.),</span> 
     </span>
     <span class='ocr_line' id='line_1_56' title="bbox 899 1296 1637 1342; baseline 0.001 -12"><span class='ocrx_word' id='word_1_301' title='bbox 899 1296 965 1330; x_wconf 87' lang='lat' dir='ltr'><strong>sed</strong></span> <span class='ocrx_word' id='word_1_302' title='bbox 998 1297 1117 1342; x_wconf 89' lang='lat' dir='ltr'><strong>magis</strong></span> <span class='ocrx_word' id='word_1_303' title='bbox 1149 1297 1224 1331; x_wconf 85' lang='lat' dir='ltr'><strong>huc</strong></span> <span class='ocrx_word' id='word_1_304' title='bbox 1262 1296 1450 1341; x_wconf 87' lang='lat' dir='ltr'><strong>quadrare</strong></span> <span class='ocrx_word' id='word_1_305' title='bbox 1486 1296 1637 1331; x_wconf 82' lang='lat' dir='ltr'><strong>videtur</strong></span> 
     </span>
     <span class='ocr_line' id='line_1_57' title="bbox 901 1342 1635 1387; baseline 0.003 -11"><span class='ocrx_word' id='word_1_306' title='bbox 901 1342 977 1376; x_wconf 87' lang='lat' dir='ltr'><strong>Cic.</strong></span> <span class='ocrx_word' id='word_1_307' title='bbox 1002 1354 1072 1387; x_wconf 89' lang='lat' dir='ltr'><strong>pro</strong></span> <span class='ocrx_word' id='word_1_308' title='bbox 1097 1344 1227 1378; x_wconf 84' lang='lat' dir='ltr'><strong>Plane.</strong></span> <span class='ocrx_word' id='word_1_309' title='bbox 1254 1345 1287 1385; x_wconf 81' lang='lat'><strong>7,</strong></span> <span class='ocrx_word' id='word_1_310' title='bbox 1315 1347 1381 1378; x_wconf 81' lang='lat'><strong>17:</strong></span> <span class='ocrx_word' id='word_1_311' title='bbox 1419 1346 1451 1376; x_wconf 75' lang='lat' dir='ltr'><strong>si</strong></span> <span class='ocrx_word' id='word_1_312' title='bbox 1475 1346 1635 1387; x_wconf 79' lang='lat' dir='ltr'><strong>quando,</strong></span> 
     </span>
     <span class='ocr_line' id='line_1_58' title="bbox 898 1391 1638 1433; baseline 0.003 -11"><span class='ocrx_word' id='word_1_313' title='bbox 898 1393 939 1422; x_wconf 73' lang='lat' dir='ltr'><strong>ut</strong></span> <span class='ocrx_word' id='word_1_314' title='bbox 963 1391 1021 1432; x_wconf 70' lang='lat' dir='ltr'><strong>fil,</strong></span> <span class='ocrx_word' id='word_1_315' title='bbox 1060 1392 1179 1423; x_wconf 74' lang='lat' dir='ltr'><strong>iactor</strong></span> <span class='ocrx_word' id='word_1_316' title='bbox 1203 1393 1243 1423; x_wconf 82' lang='lat' dir='ltr'><strong>in</strong></span> <span class='ocrx_word' id='word_1_317' title='bbox 1269 1393 1398 1433; x_wconf 77' lang='lat' dir='ltr'><strong>turba,</strong></span> <span class='ocrx_word' id='word_1_318' title='bbox 1432 1400 1507 1424; x_wconf 80' lang='lat' dir='ltr'><strong>non</strong></span> <span class='ocrx_word' id='word_1_319' title='bbox 1530 1393 1638 1424; x_wconf 74' lang='lat' dir='ltr'><strong>illum</strong></span> 
     </span>
     <span class='ocr_line' id='line_1_59' title="bbox 900 1439 1636 1479; baseline 0.001 -9"><span class='ocrx_word' id='word_1_320' title='bbox 900 1445 1055 1479; x_wconf 66' lang='lat' dir='ltr'><strong>accuso,</strong></span> <span class='ocrx_word' id='word_1_321' title='bbox 1087 1439 1152 1478; x_wconf 76' lang='lat' dir='ltr'><strong>qui</strong></span> <span class='ocrx_word' id='word_1_322' title='bbox 1187 1440 1239 1471; x_wconf 72' lang='lat' dir='ltr'><strong>est</strong></span> <span class='ocrx_word' id='word_1_323' title='bbox 1275 1439 1315 1470; x_wconf 78' lang='lat' dir='ltr'><strong>in</strong></span> <span class='ocrx_word' id='word_1_324' title='bbox 1346 1446 1490 1471; x_wconf 73' lang='lat' dir='ltr'><strong>summa</strong></span> <span class='ocrx_word' id='word_1_325' title='bbox 1521 1440 1636 1473; x_wconf 80' lang='lat' dir='ltr'><strong>Sacra</strong></span> 
     </span>
     <span class='ocr_line' id='line_1_60' title="bbox 900 1485 1637 1527; baseline 0.003 -10"><span class='ocrx_word' id='word_1_326' title='bbox 900 1485 979 1526; x_wconf 78' lang='lat' dir='ltr'><strong>via,</strong></span> <span class='ocrx_word' id='word_1_327' title='bbox 1012 1493 1095 1518; x_wconf 77' lang='lat' dir='ltr'><strong>eum</strong></span> <span class='ocrx_word' id='word_1_328' title='bbox 1120 1494 1184 1527; x_wconf 71' lang='lat' dir='ltr'><strong>eoo</strong></span> <span class='ocrx_word' id='word_1_329' title='bbox 1209 1486 1260 1519; x_wconf 80' lang='lat' dir='ltr'><strong>ad</strong></span> <span class='ocrx_word' id='word_1_330' title='bbox 1282 1486 1436 1519; x_wconf 76' lang='lat' dir='ltr'><strong>Fabium</strong></span> <span class='ocrx_word' id='word_1_331' title='bbox 1459 1486 1637 1527; x_wconf 76' lang='lat' dir='ltr'><strong>fornicem</strong></span> 
     </span>
     <span class='ocr_line' id='line_1_61' title="bbox 898 1532 1636 1575; baseline 0.004 -12"><span class='ocrx_word' id='word_1_332' title='bbox 898 1532 1080 1575; x_wconf 82' lang='lat' dir='ltr'><strong>impellor,</strong></span> <span class='ocrx_word' id='word_1_333' title='bbox 1104 1533 1168 1566; x_wconf 73' lang='lat' dir='ltr'><strong>sed</strong></span> <span class='ocrx_word' id='word_1_334' title='bbox 1191 1541 1283 1575; x_wconf 76' lang='lat' dir='ltr'><strong>eum,</strong></span> <span class='ocrx_word' id='word_1_335' title='bbox 1309 1534 1374 1573; x_wconf 78' lang='lat' dir='ltr'><strong>qui</strong></span> <span class='ocrx_word' id='word_1_336' title='bbox 1388 1534 1428 1565; x_wconf 79' lang='lat' dir='ltr'><strong>in</strong></span> <span class='ocrx_word' id='word_1_337' title='bbox 1443 1541 1500 1566; x_wconf 81' lang='lat' dir='ltr'><strong>me</strong></span> <span class='ocrx_word' id='word_1_338' title='bbox 1516 1534 1636 1575; x_wconf 76' lang='lat' dir='ltr'><strong>ipsum</strong></span> 
     </span>
     <span class='ocr_line' id='line_1_62' title="bbox 898 1579 1635 1626; baseline 0.004 -15"><span class='ocrx_word' id='word_1_339' title='bbox 898 1579 1057 1612; x_wconf 72' lang='lat' dir='ltr'><strong>incurrit</strong></span> <span class='ocrx_word' id='word_1_340' title='bbox 1083 1581 1194 1620; x_wconf 78' lang='lat' dir='ltr'><strong>alque</strong></span> <span class='ocrx_word' id='word_1_341' title='bbox 1218 1580 1357 1613; x_wconf 73' lang='lat' dir='ltr'><strong>incidit.</strong></span> <span class='ocrx_word' id='word_1_342' title='bbox 1406 1579 1475 1614; x_wconf 83' lang='lat' dir='ltr'><strong>Est</strong></span> <span class='ocrx_word' id='word_1_343' title='bbox 1498 1580 1635 1626; x_wconf 75' lang='lat' dir='ltr'><strong>igitur:</strong></span> 
     </span>
     <span class='ocr_line' id='line_1_63' title="bbox 901 1626 1636 1671; baseline 0.004 -12.093"><span class='ocrx_word' id='word_1_344' title='bbox 901 1626 1150 1671; x_wconf 84' lang='lat' dir='ltr'><strong>„necopinato</strong></span> <span class='ocrx_word' id='word_1_345' title='bbox 1176 1626 1281 1660; x_wconf 83' lang='lat' dir='ltr'><strong>velut</strong></span> <span class='ocrx_word' id='word_1_346' title='bbox 1306 1627 1503 1662; x_wconf 88' lang='lat' dir='ltr'><strong>incurrere</strong></span> <span class='ocrx_word' id='word_1_347' title='bbox 1522 1631 1559 1662; x_wconf 88' lang='lat' dir='ltr'><strong>et</strong></span> <span class='ocrx_word' id='word_1_348' title='bbox 1576 1628 1636 1661; x_wconf 83' lang='lat' dir='ltr'><strong>in-</strong></span> 
     </span>
     <span class='ocr_line' id='line_1_64' title="bbox 900 1672 1636 1720; baseline 0.005 -14"><span class='ocrx_word' id='word_1_349' title='bbox 900 1672 1026 1707; x_wconf 88' lang='lat' dir='ltr'><strong>cidere</strong></span> <span class='ocrx_word' id='word_1_350' title='bbox 1059 1675 1099 1707; x_wconf 89' lang='lat' dir='ltr'><strong>in</strong></span> <span class='ocrx_word' id='word_1_351' title='bbox 1132 1674 1299 1720; x_wconf 86' lang='lat' dir='ltr'><strong>aliquem</strong></span> <span class='ocrx_word' id='word_1_352' title='bbox 1330 1678 1444 1720; x_wconf 85' lang='lat' dir='ltr'><strong>atque</strong></span> <span class='ocrx_word' id='word_1_353' title='bbox 1482 1676 1534 1709; x_wconf 87' lang='lat' dir='ltr'><strong>ita</strong></span> <span class='ocrx_word' id='word_1_354' title='bbox 1571 1675 1636 1710; x_wconf 85' lang='lat' dir='ltr'><strong>de-</strong></span> 
     </span>
     <span class='ocr_line' id='line_1_65' title="bbox 898 1720 1635 1757; baseline 0.004 -3"><span class='ocrx_word' id='word_1_355' title='bbox 898 1720 1047 1755; x_wconf 87' lang='lat' dir='ltr'><strong>flectere</strong></span> <span class='ocrx_word' id='word_1_356' title='bbox 1074 1732 1159 1755; x_wconf 89' lang='lat' dir='ltr'><strong>eum</strong></span> <span class='ocrx_word' id='word_1_357' title='bbox 1192 1733 1214 1756; x_wconf 86' lang='lat' dir='ltr'><strong>a</strong></span> <span class='ocrx_word' id='word_1_358' title='bbox 1246 1723 1410 1757; x_wconf 79' lang='lat' dir='ltr'><strong>lectione</strong></span> <span class='ocrx_word' id='word_1_359' title='bbox 1442 1726 1508 1757; x_wconf 80' lang='lat' dir='ltr'><strong>ant</strong></span> <span class='ocrx_word' id='word_1_360' title='bbox 1532 1733 1555 1756; x_wconf 83' lang='lat' dir='ltr'><strong>a</strong></span> <span class='ocrx_word' id='word_1_361' title='bbox 1579 1727 1635 1757; x_wconf 81' lang='lat' dir='ltr'><strong>ta-</strong></span> 
     </span>
     <span class='ocr_line' id='line_1_66' title="bbox 900 1767 1633 1812; baseline 0.004 -11"><span class='ocrx_word' id='word_1_362' title='bbox 900 1767 975 1802; x_wconf 85' lang='lat' dir='ltr'><strong>cita</strong></span> <span class='ocrx_word' id='word_1_363' title='bbox 999 1768 1264 1812; x_wconf 76' lang='lat' dir='ltr'><strong>meditatione,</strong></span> <span class='ocrx_word' id='word_1_364' title='bbox 1291 1770 1353 1804; x_wconf 89' lang='lat' dir='ltr'><strong>cui</strong></span> <span class='ocrx_word' id='word_1_365' title='bbox 1370 1781 1504 1805; x_wconf 81' lang='lat' dir='ltr'><strong>vacare</strong></span> <span class='ocrx_word' id='word_1_366' title='bbox 1522 1771 1633 1804; x_wconf 80' lang='lat' dir='ltr'><strong>volt.‘·</strong></span> 
     </span>
     <span class='ocr_line' id='line_1_67' title="bbox 898 1814 1633 1862; baseline 0.003 -13"><span class='ocrx_word' id='word_1_367' title='bbox 898 1814 1152 1860; x_wconf 80' lang='lat' dir='ltr'><strong>Frequentius</strong></span> <span class='ocrx_word' id='word_1_368' title='bbox 1171 1816 1310 1850; x_wconf 85' lang='lat' dir='ltr'><strong>dicitur</strong></span> <span class='ocrx_word' id='word_1_369' title='bbox 1329 1817 1633 1862; x_wconf 49' lang='lat' dir='ltr'><strong>{interpellaress</strong></span> 
     </span>
     <span class='ocr_line' id='line_1_68' title="bbox 900 1865 1634 1910; baseline 0.004 -14"><span class='ocrx_word' id='word_1_370' title='bbox 900 1865 1079 1903; x_wconf 76' lang='lat' dir='ltr'><strong>—quovis</strong></span> <span class='ocrx_word' id='word_1_371' title='bbox 1103 1865 1283 1907; x_wconf 71' lang='lat' dir='ltr'><strong>sermone]</strong></span> <span class='ocrx_word' id='word_1_372' title='bbox 1311 1865 1454 1909; x_wconf 83' lang='lat' dir='ltr'><strong>„primo</strong></span> <span class='ocrx_word' id='word_1_373' title='bbox 1481 1875 1634 1910; x_wconf 90' lang='lat' dir='ltr'><strong>quoque</strong></span> 
     </span>
    </p>
   </div>
   <div class='ocr_carea' id='block_1_10' title="bbox 899 1911 1701 1956">
    <p class='ocr_par' dir='ltr' id='par_1_13' title="bbox 899 1911 1701 1956">
     <span class='ocr_line' id='line_1_69' title="bbox 899 1911 1701 1956; baseline 0.004 -13"><span class='ocrx_word' id='word_1_374' title='bbox 899 1919 1083 1954; x_wconf 89' lang='lat' dir='ltr'><strong>sermone,</strong></span> <span class='ocrx_word' id='word_1_375' title='bbox 1101 1912 1167 1956; x_wconf 90' lang='lat' dir='ltr'><strong>qui</strong></span> <span class='ocrx_word' id='word_1_376' title='bbox 1184 1911 1401 1955; x_wconf 90' lang='lat' dir='ltr'><strong>importuno</strong></span> <span class='ocrx_word' id='word_1_377' title='bbox 1419 1912 1461 1945; x_wconf 91' lang='lat' dir='ltr'><strong>in</strong></span> <span class='ocrx_word' id='word_1_378' title='bbox 1477 1912 1635 1946; x_wconf 87' lang='lat' dir='ltr'><strong>buccam</strong></span> <span class='ocrx_word' id='word_1_379' title='bbox 1696 1947 1701 1951; x_wconf 81' lang='grc'>,</span> 
     </span>
    </p>
   </div>
   <div class='ocr_carea' id='block_1_11' title="bbox 896 1958 1636 2755">
    <p class='ocr_par' dir='ltr' id='par_1_14' title="bbox 896 1958 1636 2755">
     <span class='ocr_line' id='line_1_70' title="bbox 898 1958 1634 1994; baseline 0.001 -1"><span class='ocrx_word' id='word_1_380' title='bbox 898 1960 1033 1994; x_wconf 75' lang='lat' dir='ltr'><strong>venit.“</strong></span> <span class='ocrx_word' id='word_1_381' title='bbox 1062 1979 1105 1984; x_wconf 91' lang='lat'><strong>—-</strong></span> <span class='ocrx_word' id='word_1_382' title='bbox 1131 1958 1178 1992; x_wconf 80' lang='lat' dir='ltr'><strong>V.</strong></span> <span class='ocrx_word' id='word_1_383' title='bbox 1204 1960 1373 1993; x_wconf 75' lang='lat' dir='ltr'><strong>molestus</strong></span> <span class='ocrx_word' id='word_1_384' title='bbox 1405 1959 1514 1993; x_wconf 87' lang='lat' dir='ltr'><strong>iunxi</strong></span> <span class='ocrx_word' id='word_1_385' title='bbox 1549 1970 1634 1994; x_wconf 89' lang='lat' dir='ltr'><strong>cum</strong></span> 
     </span>
     <span class='ocr_line' id='line_1_71' title="bbox 896 2007 1636 2054; baseline 0.004 -13"><span class='ocrx_word' id='word_1_386' title='bbox 896 2007 1232 2051; x_wconf 79' lang='lat' dir='ltr'><strong>praecedentibus:</strong></span> <span class='ocrx_word' id='word_1_387' title='bbox 1276 2007 1475 2054; x_wconf 78' lang='lat' dir='ltr'><strong>„adeoque</strong></span> <span class='ocrx_word' id='word_1_388' title='bbox 1520 2009 1636 2044; x_wconf 90' lang='lat' dir='ltr'><strong>mole-</strong></span> 
     </span>
     <span class='ocr_line' id='line_1_72' title="bbox 898 2055 1635 2091; baseline 0.004 -3"><span class='ocrx_word' id='word_1_389' title='bbox 898 2057 978 2089; x_wconf 86' lang='lat' dir='ltr'><strong>stus</strong></span> <span class='ocrx_word' id='word_1_390' title='bbox 1003 2055 1101 2089; x_wconf 85' lang='lat' dir='ltr'><strong>fiat.“</strong></span> <span class='ocrx_word' id='word_1_391' title='bbox 1147 2055 1225 2089; x_wconf 79' lang='lat' dir='ltr'><strong>Alii</strong></span> <span class='ocrx_word' id='word_1_392' title='bbox 1251 2056 1298 2090; x_wconf 84' lang='lat' dir='ltr'><strong>ab</strong></span> <span class='ocrx_word' id='word_1_393' title='bbox 1323 2057 1394 2090; x_wconf 87' lang='lat' dir='ltr'><strong>hac</strong></span> <span class='ocrx_word' id='word_1_394' title='bbox 1421 2067 1510 2091; x_wconf 83' lang='lat' dir='ltr'><strong>voce</strong></span> <span class='ocrx_word' id='word_1_395' title='bbox 1536 2057 1635 2091; x_wconf 88' lang='lat' dir='ltr'><strong>dire-</strong></span> 
     </span>
     <span class='ocr_line' id='line_1_73' title="bbox 898 2103 1634 2148; baseline 0.001 -13"><span class='ocrx_word' id='word_1_396' title='bbox 898 2103 995 2136; x_wconf 83' lang='lat' dir='ltr'><strong>ctam</strong></span> <span class='ocrx_word' id='word_1_397' title='bbox 1037 2103 1244 2137; x_wconf 82' lang='lat' dir='ltr'><strong>0rationem</strong></span> <span class='ocrx_word' id='word_1_398' title='bbox 1293 2103 1509 2148; x_wconf 85' lang='lat' dir='ltr'><strong>incipiunt:</strong></span> <span class='ocrx_word' id='word_1_399' title='bbox 1558 2113 1634 2137; x_wconf 75' lang='lat' dir='ltr'><strong>ser-</strong></span> 
     </span>
     <span class='ocr_line' id='line_1_74' title="bbox 896 2151 1635 2193; baseline 0.003 -11"><span class='ocrx_word' id='word_1_400' title='bbox 896 2157 1031 2183; x_wconf 81' lang='lat' dir='ltr'><strong>mone.-</strong></span> <span class='ocrx_word' id='word_1_401' title='bbox 1065 2151 1271 2191; x_wconf 72' lang='lat' dir='ltr'><strong>„Molestus</strong></span> <span class='ocrx_word' id='word_1_402' title='bbox 1297 2151 1421 2193; x_wconf 85' lang='lat' dir='ltr'><strong>(est),</strong></span> <span class='ocrx_word' id='word_1_403' title='bbox 1453 2153 1635 2184; x_wconf 78' lang='lat' dir='ltr'><strong>commum·</strong></span> 
     </span>
     <span class='ocr_line' id='line_1_75' title="bbox 898 2197 1634 2241; baseline 0.003 -12"><span class='ocrx_word' id='word_1_404' title='bbox 898 2199 988 2238; x_wconf 58' lang='lat' dir='ltr'><strong>cet„</strong></span> <span class='ocrx_word' id='word_1_405' title='bbox 1027 2200 1069 2230; x_wconf 89' lang='lat' dir='ltr'><strong>ut</strong></span> <span class='ocrx_word' id='word_1_406' title='bbox 1102 2197 1195 2231; x_wconf 88' lang='lat' dir='ltr'><strong>haec</strong></span> <span class='ocrx_word' id='word_1_407' title='bbox 1228 2198 1418 2232; x_wconf 86' lang='lat' dir='ltr'><strong>sentent-ia</strong></span> <span class='ocrx_word' id='word_1_408' title='bbox 1451 2198 1522 2232; x_wconf 77' lang='lat' dir='ltr'><strong>sit-2</strong></span> <span class='ocrx_word' id='word_1_409' title='bbox 1563 2197 1634 2241; x_wconf 82' lang='lat' dir='ltr'><strong>„Si</strong></span> 
     </span>
     <span class='ocr_line' id='line_1_76' title="bbox 899 2243 1634 2288; baseline 0.005 -13"><span class='ocrx_word' id='word_1_410' title='bbox 899 2243 984 2286; x_wconf 88' lang='lat' dir='ltr'><strong>quis</strong></span> <span class='ocrx_word' id='word_1_411' title='bbox 1007 2244 1122 2286; x_wconf 87' lang='lat' dir='ltr'><strong>paulo</strong></span> <span class='ocrx_word' id='word_1_412' title='bbox 1148 2243 1356 2288; x_wconf 89' lang='lat' dir='ltr'><strong>simplicior</strong></span> <span class='ocrx_word' id='word_1_413' title='bbox 1374 2247 1444 2288; x_wconf 89' lang='lat' dir='ltr'><strong>est,</strong></span> <span class='ocrx_word' id='word_1_414' title='bbox 1470 2247 1522 2286; x_wconf 83' lang='lat' dir='ltr'><strong>ut,</strong></span> <span class='ocrx_word' id='word_1_415' title='bbox 1548 2255 1634 2278; x_wconf 89' lang='lat' dir='ltr'><strong>cum</strong></span> 
     </span>
     <span class='ocr_line' id='line_1_77' title="bbox 899 2289 1634 2335; baseline 0.005 -13"><span class='ocrx_word' id='word_1_416' title='bbox 899 2289 991 2333; x_wconf 85' lang='lat' dir='ltr'><strong>quid</strong></span> <span class='ocrx_word' id='word_1_417' title='bbox 1015 2289 1162 2332; x_wconf 84' lang='lat' dir='ltr'><strong>habeat,</strong></span> <span class='ocrx_word' id='word_1_418' title='bbox 1187 2291 1290 2335; x_wconf 88' lang='lat' dir='ltr'><strong>quod</strong></span> <span class='ocrx_word' id='word_1_419' title='bbox 1315 2292 1425 2325; x_wconf 81' lang='lat' dir='ltr'><strong>amici</strong></span> <span class='ocrx_word' id='word_1_420' title='bbox 1448 2291 1634 2327; x_wconf 83' lang='lat' dir='ltr'><strong>interesse</strong></span> 
     </span>
     <span class='ocr_line' id='line_1_78' title="bbox 897 2337 1634 2380; baseline 0.005 -11"><span class='ocrx_word' id='word_1_421' title='bbox 897 2339 1006 2380; x_wconf 85' lang='lat' dir='ltr'><strong>putet</strong></span> <span class='ocrx_word' id='word_1_422' title='bbox 1028 2337 1173 2379; x_wconf 84' lang='lat' dir='ltr'><strong>audire,</strong></span> <span class='ocrx_word' id='word_1_423' title='bbox 1202 2338 1323 2372; x_wconf 83' lang='lat' dir='ltr'><strong>laetus</strong></span> <span class='ocrx_word' id='word_1_424' title='bbox 1348 2341 1524 2374; x_wconf 82' lang='lat' dir='ltr'><strong>accurrat</strong></span> <span class='ocrx_word' id='word_1_425' title='bbox 1549 2349 1634 2373; x_wconf 92' lang='lat' dir='ltr'><strong>cum</strong></span> 
     </span>
     <span class='ocr_line' id='line_1_79' title="bbox 899 2385 1633 2428; baseline 0.004 -11"><span class='ocrx_word' id='word_1_426' title='bbox 899 2394 1020 2428; x_wconf 89' lang='lat' dir='ltr'><strong>eoque</strong></span> <span class='ocrx_word' id='word_1_427' title='bbox 1045 2385 1157 2418; x_wconf 85' lang='lat' dir='ltr'><strong>etiam</strong></span> <span class='ocrx_word' id='word_1_428' title='bbox 1179 2385 1306 2419; x_wconf 88' lang='lat' dir='ltr'><strong>minus</strong></span> <span class='ocrx_word' id='word_1_429' title='bbox 1325 2386 1516 2420; x_wconf 89' lang='lat' dir='ltr'><strong>commodo</strong></span> <span class='ocrx_word' id='word_1_430' title='bbox 1541 2389 1633 2420; x_wconf 83' lang='lat' dir='ltr'><strong>tem·</strong></span> 
     </span>
     <span class='ocr_line' id='line_1_80' title="bbox 898 2431 1632 2475; baseline 0.004 -11"><span class='ocrx_word' id='word_1_431' title='bbox 898 2441 988 2474; x_wconf 86' lang='lat' dir='ltr'><strong>pore</strong></span> <span class='ocrx_word' id='word_1_432' title='bbox 1013 2431 1111 2465; x_wconf 90' lang='lat' dir='ltr'><strong>illud</strong></span> <span class='ocrx_word' id='word_1_433' title='bbox 1136 2432 1405 2475; x_wconf 80' lang='lat' dir='ltr'><strong>communicet,</strong></span> <span class='ocrx_word' id='word_1_434' title='bbox 1430 2433 1632 2467; x_wconf 84' lang='lat' dir='ltr'><strong>molestum</strong></span> 
     </span>
     <span class='ocr_line' id='line_1_81' title="bbox 898 2477 1632 2524; baseline 0.005 -14"><span class='ocrx_word' id='word_1_435' title='bbox 898 2478 999 2511; x_wconf 91' lang='lat' dir='ltr'><strong>hunc</strong></span> <span class='ocrx_word' id='word_1_436' title='bbox 1031 2477 1192 2513; x_wconf 85' lang='lat' dir='ltr'><strong>dicimus</strong></span> <span class='ocrx_word' id='word_1_437' title='bbox 1217 2479 1392 2524; x_wconf 84' lang='lat' dir='ltr'><strong>vitaeque</strong></span> <span class='ocrx_word' id='word_1_438' title='bbox 1423 2481 1632 2514; x_wconf 89' lang='lat' dir='ltr'><strong>communis</strong></span> 
     </span>
     <span class='ocr_line' id='line_1_82' title="bbox 897 2525 1632 2571; baseline 0.003 -13"><span class='ocrx_word' id='word_1_439' title='bbox 897 2525 1010 2568; x_wconf 84' lang='lat' dir='ltr'><strong>plane</strong></span> <span class='ocrx_word' id='word_1_440' title='bbox 1026 2526 1233 2571; x_wconf 81' lang='lat' dir='ltr'><strong>ignarum.“</strong></span> <span class='ocrx_word' id='word_1_441' title='bbox 1246 2545 1290 2550; x_wconf 90' lang='lat'><em>-</em></span> <span class='ocrx_word' id='word_1_442' title='bbox 1302 2528 1489 2560; x_wconf 74' lang='lat' dir='ltr'><strong>Communi</strong></span> <span class='ocrx_word' id='word_1_443' title='bbox 1511 2527 1632 2569; x_wconf 73' lang='lat' dir='ltr'><strong>sensu]</strong></span> 
     </span>
     <span class='ocr_line' id='line_1_83' title="bbox 897 2572 1633 2618; baseline 0.003 -13"><span class='ocrx_word' id='word_1_444' title='bbox 897 2573 934 2605; x_wconf 92' lang='lat' dir='ltr'><strong>h.</strong></span> <span class='ocrx_word' id='word_1_445' title='bbox 953 2572 978 2605; x_wconf 85' lang='lat' dir='ltr'><strong>l.</strong></span> <span class='ocrx_word' id='word_1_446' title='bbox 1006 2573 1111 2616; x_wconf 83' lang='lat' dir='ltr'><strong>„eius</strong></span> <span class='ocrx_word' id='word_1_447' title='bbox 1129 2573 1231 2617; x_wconf 91' lang='lat' dir='ltr'><strong>quod</strong></span> <span class='ocrx_word' id='word_1_448' title='bbox 1249 2573 1375 2617; x_wconf 85' lang='lat' dir='ltr'><strong>decet;</strong></span> <span class='ocrx_word' id='word_1_449' title='bbox 1402 2574 1525 2618; x_wconf 87' lang='lat' dir='ltr'><strong>qualis</strong></span> <span class='ocrx_word' id='word_1_450' title='bbox 1549 2573 1633 2618; x_wconf 89' lang='lat' dir='ltr'><strong>qui-</strong></span> 
     </span>
     <span class='ocr_line' id='line_1_84' title="bbox 897 2619 1631 2654; baseline 0.003 -2"><span class='ocrx_word' id='word_1_451' title='bbox 897 2619 982 2653; x_wconf 91' lang='lat' dir='ltr'><strong>dem</strong></span> <span class='ocrx_word' id='word_1_452' title='bbox 1001 2630 1136 2654; x_wconf 87' lang='lat' dir='ltr'><strong>sensus</strong></span> <span class='ocrx_word' id='word_1_453' title='bbox 1154 2621 1321 2654; x_wconf 91' lang='lat' dir='ltr'><strong>omnium</strong></span> <span class='ocrx_word' id='word_1_454' title='bbox 1338 2621 1532 2654; x_wconf 87' lang='lat' dir='ltr'><strong>hominum</strong></span> <span class='ocrx_word' id='word_1_455' title='bbox 1548 2631 1631 2654; x_wconf 88' lang='lat' dir='ltr'><strong>esse</strong></span> 
     </span>
     <span class='ocr_line' id='line_1_85' title="bbox 899 2666 1631 2709; baseline 0 -9"><span class='ocrx_word' id='word_1_456' title='bbox 899 2666 1043 2700; x_wconf 82' lang='lat' dir='ltr'><strong>debet.“</strong></span> <span class='ocrx_word' id='word_1_457' title='bbox 1095 2666 1239 2702; x_wconf 86' lang='lat' dir='ltr'><strong>Seneca</strong></span> <span class='ocrx_word' id='word_1_458' title='bbox 1270 2667 1317 2701; x_wconf 87' lang='lat' dir='ltr'><strong>de</strong></span> <span class='ocrx_word' id='word_1_459' title='bbox 1342 2667 1472 2701; x_wconf 86' lang='lat' dir='ltr'><strong>Benef.</strong></span> <span class='ocrx_word' id='word_1_460' title='bbox 1500 2670 1537 2709; x_wconf 88' lang='lat'><strong>1,</strong></span> <span class='ocrx_word' id='word_1_461' title='bbox 1565 2669 1631 2701; x_wconf 86' lang='lat'><strong>12:</strong></span> 
     </span>
     <span class='ocr_line' id='line_1_86' title="bbox 896 2714 1632 2755; baseline 0.001 -9"><span class='ocrx_word' id='word_1_462' title='bbox 896 2714 950 2746; x_wconf 82' lang='lat' dir='ltr'><strong>Sil</strong></span> <span class='ocrx_word' id='word_1_463' title='bbox 981 2714 1022 2746; x_wconf 80' lang='lat' dir='ltr'><strong>in</strong></span> <span class='ocrx_word' id='word_1_464' title='bbox 1051 2715 1221 2755; x_wconf 72' lang='lat' dir='ltr'><strong>beneficio</strong></span> <span class='ocrx_word' id='word_1_465' title='bbox 1250 2723 1375 2747; x_wconf 76' lang='lat' dir='ltr'><strong>sensus</strong></span> <span class='ocrx_word' id='word_1_466' title='bbox 1405 2715 1632 2748; x_wconf 74' lang='lat' dir='ltr'><strong>communis:</strong></span> 
     </span>
    </p>
   </div>
  </div>
 </body>
</html>
