1774 2930
25 1505 39 1514 »
85 1486 182 1521 Davi
222 1487 395 1531 repetitio
436 1498 469 1520 v.
511 1487 591 1520 237.

666 175 761 211 Ans
784 173 1008 211 POETICA.

199 280 448 324 Maturusne
478 291 614 321 senex
643 291 699 320 an
729 275 868 319 adhuc
896 275 1075 318 florente
1106 274 1283 317 iuventa

1507 172 1596 214 489

1514 272 1597 313 115

198 349 422 404 Pei-vidus,
454 353 497 392 et
527 352 721 391 matrona
749 350 904 404 potens
936 360 992 389 an
1023 344 1172 388 sedula
1202 343 1368 397 nutrix,

199 422 465 465 Mercatorne
495 433 630 475 vagus
662 418 852 461 cultorne
881 416 1059 460 virentis
1091 415 1240 471 agelli,

201 491 387 535 Colchus
418 505 473 534 an
503 490 721 546 Assyrius,
754 488 916 531 Thebis
948 487 1134 529 nutritus
1167 500 1222 528 an
1253 484 1399 541 Argis.

200 563 290 604 Aut
318 561 476 604 famam
506 574 686 617 sequere
717 562 791 602 aut
822 558 906 600 sibi
937 557 1236 601 convenientia
1266 555 1396 612 finge.

181 704 260 738 117.
282 703 434 744 viventis
458 713 490 743 c,
516 703 657 746 septem
680 698 791 745 Regii
816 698 972 743 aliique,
997 698 1097 739 133—
1114 699 1192 731 119.
1220 698 1301 732 120.
1326 698 1430 739 anae,
1456 697 1551 731 Scri-

129 752 225 793 paor.
275 751 507 783 Honoratum
550 747 788 793 distinguunt
830 745 929 787 Lot,
970 747 1064 788 nnuc
1102 746 1280 786 scriptor.
1330 745 1550 778 Homer-eum

131 796 328 832 Bentleius
353 795 582 830 coniectura.

86 926 285 969 (Erasmus
294 926 322 968 ),
362 925 459 959 ratio
499 924 630 959 haberi
670 923 816 968 nequit.
861 924 999 963 polens.
1026 939 1070 945 —-
1095 921 1226 954 sedula
1263 919 1414 963 nutrix]
1452 922 1494 953 ιιι
1535 919 1602 954 illa

85 973 250 1008 Externa
274 972 472 1017 utriusque
497 970 672 1005 lectionis
685 973 816 1014 ,aucto-

86 1020 179 1055 ritas
203 1020 283 1054 fere
309 1030 379 1064 par
410 1021 477 1053 est.
525 1017 709 1062 Equidem
734 1027 820 1061 pro-

84 1069 170 1112 pter
199 1067 268 1101 has
299 1065 536 1110 potissimum
567 1065 736 1098 rationes
766 1065 820 1096 dt·-

83 1122 197 1148 mune
219 1113 394 1157 praetuli,
432 1112 522 1157 quis
545 1123 614 1156 per
638 1114 757 1145 totum
782 1112 819 1144 h.

85 1159 111 1194 l.
134 1159 181 1194 de
204 1158 400 1205 tragoedia
423 1159 511 1205 agit,
536 1170 558 1193 a
583 1170 659 1204 qua
682 1158 820 1192 transit

85 1206 133 1241 ad
169 1206 321 1252 Satyros
356 1217 390 1240 v,
422 1209 521 1248 22o.;
560 1206 650 1240 satis
688 1205 819 1239 incon-

86 1254 282 1293 venienter
313 1253 429 1298 igitur
461 1253 521 1288 hic
546 1253 819 1287 immisceretur

86 1309 248 1344 persona
306 1301 471 1341 comica,
531 1311 615 1333 cum
672 1303 818 1333 ceterae

86 1357 216 1381 omnes
250 1346 323 1380 rite
353 1346 400 1380 ad
431 1347 660 1391 tragoediam
685 1346 819 1379 referri

85 1394 245 1438 possint.
268 1393 441 1438 Denique
459 1393 710 1427 intolerabilis
727 1393 819 1425 mihi

87 1440 218 1475 saltem
264 1440 415 1474 videtur
463 1440 631 1474 eiusdem
680 1439 820 1474 servuli

87 1537 213 1568 autem
245 1545 322 1568 non
354 1536 616 1578 opponuntur,
656 1533 741 1575 sed,
779 1536 822 1567 ut

86 1581 195 1615 locus
219 1581 302 1625 ipse
326 1581 565 1625 requirebat,
592 1591 821 1625 componun-

86 1630 150 1661 tur
174 1629 263 1662 deus
287 1630 324 1662 et
353 1629 468 1662 heros.
516 1628 564 1661 Et
597 1628 662 1672 qui
695 1627 822 1661 favent

87 1675 198 1709 alteri
235 1675 408 1717 lectioni,
446 1674 633 1720 quomodo
666 1685 743 1708 non
769 1675 822 1707 vi-

86 1722 224 1756 derunt
259 1733 302 1756 re
333 1733 423 1756 vera
459 1722 610 1756 differre
647 1722 747 1756 inter
781 1732 821 1755 se

87 1778 279 1804 sermones
316 1769 470 1803 deorum
507 1772 545 1803 et
584 1769 742 1802 heroum
780 1768 820 1802 in

87 1815 290 1861 tragoediis
331 1815 513 1850 Graecis?
575 1816 722 1860 Quippe
763 1815 821 1849 illi

88 1862 238 1907 (Apollo
271 1865 310 1897 et
332 1862 501 1897 Minerva
532 1864 572 1896 in
604 1863 822 1896 Eumenidi-

87 1909 178 1950 bus,
211 1909 379 1943 Minerva
402 1910 442 1943 in
466 1911 601 1952 Aiace,
633 1910 756 1944 Diana
780 1910 821 1943 in

88 1955 303 1999 Hippolyto,
337 1957 474 1997 ceteri)
511 1967 601 2000 prae
629 1967 668 1990 se
693 1957 823 1990 ferunt

90 2002 219 2035 nescio
257 2002 348 2045 quid
388 2002 616 2036 sublimioris
654 2003 822 2047 spiritus,

74 2048 177 2092 ‚plus
214 2058 325 2092 quam
361 2049 533 2091 humani,
578 2059 665 2082 vere
702 2050 822 2083 caele-

91 2095 177 2136 stis,
214 2095 352 2139 quippe
379 2096 443 2139 qui
469 2106 614 2129 summa
637 2096 823 2140 tranquil-

91 2141 196 2175 litate
237 2144 351 2186 atque
392 2144 548 2176 aeterna
593 2142 823 2176 beatitudine

91 2188 348 2232 perfruantur,
372 2188 460 2222 dum
484 2190 543 2222 vel
568 2191 742 2223 aestuant
766 2189 824 2223 vel

91 2235 305 2269 mortalium
352 2236 594 2280 aegrimoniis
640 2236 823 2280 malisque

92 2282 356 2316 conflictantur
382 2283 526 2316 heroes.

141 2354 306 2387 115·118.
331 2354 548 2388 Maturume
573 2353 702 2396 senex]
738 2352 824 2386 Vid.

92 2398 141 2433 ad
173 2398 242 2433 Od.
280 2402 321 2442 4,
358 2401 399 2442 4,
436 2401 493 2433 55.
542 2400 646 2445 Virg.
670 2400 764 2433 Aen.
790 2402 824 2443 9,

93 2447 180 2479 246:
207 2448 312 2480 annis
337 2448 456 2488 aravi-⁴5
474 2450 583 2488 atque
609 2448 724 2480 animi
746 2456 825 2480 ma-

93 2493 198 2526 turm
231 2494 360 2527 Aletes.
388 2513 431 2517 —
456 2495 603 2527 iuventa
633 2494 824 2536 Fer-vidus]

94 2537 155 2574 Sic
190 2537 341 2583 ἡλικίας
375 2537 534 2584 ζεούσης
569 2540 706 2574 Achill.
745 2541 825 2575 Tat.

93 2596 130 2630 p.
154 2589 211 2621 90.
242 2586 387 2622 Iacobs.
413 2607 457 2612 —
482 2590 654 2621 matrona
682 2587 824 2631 potem]

97 2643 213 2677 „quae
230 2634 476 2669 domesticum
497 2635 604 2680 quasi
626 2635 825 2679 imperium

96 2679 218 2722 tenet,
261 2683 318 2715 die
355 2683 556 2723 qebietende
592 2682 823 2723 Haussrau.“

95 2723 260 2762 Iuvenal.
285 2730 301 2761 1
316 2754 325 2770 ,
351 2731 419 2762 69:
458 2730 623 2764 occurrit
654 2731 825 2763 matrona

865 967 1003 1002 Cilissa
1037 968 1078 1001 in
1116 967 1294 1013 Aeschyli
1332 967 1497 1011 Choeph.
1532 968 1601 1001 734

868 1025 973 1060 seqq.
1014 1018 1053 1048 et
1091 1014 1188 1049 aliae
1229 1014 1269 1047 in
1311 1014 1524 1048 Trachiniis
1565 1016 1604 1048 et

866 1062 1081 1119 Hippolyto.
1121 1081 1164 1085 —
1201 1063 1432 1095 Mercator-ne
1472 1061 1602 1104 υαωιε]

867 1113 910 1143 ut
933 1119 1102 1156 εμπορος
1133 1109 1173 1142 in
1207 1108 1429 1143 Philocteta.
1456 1127 1500 1132 -
1527 1109 1603 1142 cub-

867 1159 952 1190 tor-
967 1156 1122 1199 -aqellil
1159 1156 1328 1200 tragicus
1353 1155 1419 1189 ille
1444 1153 1604 1203 αὐτουρ-

866 1202 936 1248 γὸς
975 1204 1015 1236 in
1056 1203 1248 1247 Euripidis
1288 1202 1449 1237 Electra.
1476 1221 1519 1226 —
1551 1203 1605 1235 υἰρ

866 1250 995 1293 remis]
1019 1250 1162 1294 Agrum
1185 1250 1367 1295 pinguem
1384 1252 1497 1294 atque
1515 1249 1604 1283 ube-

867 1308 947 1331 rem
996 1297 1107 1331 nobis
1155 1301 1243 1331 ante
1290 1297 1422 1331 oculos
1469 1297 1604 1341 ponit:

868 1353 957 1386 aqer
980 1346 1104 1386 viam
1129 1345 1175 1378 ab
1208 1344 1292 1388 ipsa
1316 1344 1519 1378 Latinitate
1544 1355 1604 1378 re-

869 1392 954 1436 spui
979 1391 1141 1425 videtur.
1160 1410 1199 1415 —
1230 1391 1394 1434 Colchus]
1419 1390 1604 1425 barbarus

868 1439 979 1473 ferus
997 1441 1035 1473 et
1059 1441 1162 1480 trux,
1188 1441 1230 1472 ut
1254 1438 1402 1472 Aeetes.
1429 1457 1473 1461 —
1498 1439 1604 1479 Assy-

868 1486 959 1529 rius]
999 1485 1233 1527 „Astutum“
1273 1487 1466 1530 exponunt
1492 1484 1607 1519 Scho-

869 1533 1013 1566 liastae.
1062 1531 1128 1566 Est
1163 1532 1290 1576 potius
1317 1532 1494 1577 „quaevis
1519 1543 1605 1576 per-

870 1590 963 1614 sona
986 1579 1171 1622 Asiatica,
1196 1579 1339 1621 mollis,
1364 1579 1455 1613 luxu
1482 1578 1606 1613 difflu-

870 1637 949 1669 ens,
973 1627 1105 1671 pusilli
1122 1626 1249 1668 animi,
1274 1626 1315 1659 in
1340 1627 1457 1660 rebus
1474 1626 1606 1660 adver-

869 1674 921 1708 sis
946 1674 1203 1715 meticulosa,“
1231 1675 1273 1707 ut
1296 1674 1337 1706 in
1357 1673 1487 1707 Persis
1511 1673 1607 1707 Xer-

868 1731 953 1763 xes,
991 1721 1031 1754 in
1065 1720 1197 1755 Oreste
1230 1720 1367 1765 Phryx.
1395 1739 1438 1744 ——-
1465 1722 1606 1754 Thebis-

869 1768 991 1811 Arai-5]
1008 1768 1186 1802 Barbaris
1200 1770 1445 1812 opponuntur
1459 1767 1607 1810 Graeci,

869 1815 971 1848 inter
1002 1826 1098 1859 quos
1131 1815 1233 1859 ipsos
1267 1825 1402 1848 rursus
1437 1817 1495 1849 est
1531 1814 1608 1849 dis-

871 1861 1031 1903 crimen,
1064 1865 1106 1895 ιιι
1130 1862 1230 1895 inter
1256 1861 1467 1903 Thebanos,
1497 1861 1608 1896 Eteo-

871 1909 966 1942 clem
992 1911 1029 1943 et
1054 1909 1274 1951 Creontem,
1300 1911 1336 1943 et
1360 1909 1536 1954 Argivos,
1562 1909 1608 1943 il-

870 1956 992 1990 lorum
1011 1957 1149 1990 hostes.
1176 1956 1251 1990 Cfr.
1265 1956 1444 2001 Aeschyli
1459 1955 1608 2000 Septem

870 2003 1051 2037 adversus
1070 2003 1219 2037 Thebas
1245 2006 1282 2036 et
1299 2003 1494 2047 Euripidis
1512 2003 1608 2047 Sup-

870 2049 1001 2092 plices.
1025 2049 1215 2093 (Ceterum
1232 2050 1324 2083 haec
1342 2049 1466 2083 omnia
1483 2061 1609 2083 exem-

871 2096 926 2139 pli
951 2096 1142 2129 dumtaxat
1166 2106 1279 2130 causa
1304 2096 1431 2137 attuli,
1463 2106 1541 2130 non
1567 2098 1610 2130 ut

873 2142 1022 2176 credam
1046 2143 1115 2176 has
1139 2142 1242 2186 ipsas
1269 2143 1482 2187 tragoedias
1509 2143 1609 2178 solas

872 2199 998 2233 neque
1015 2200 1103 2223 vero
1120 2190 1213 2223 alias
1231 2192 1318 2223 ante
1335 2189 1483 2224 Horatii
1503 2201 1608 2224 men-

873 2238 947 2270 tem
985 2236 1202 2270 obversatas
1245 2247 1347 2279 esse,
1389 2247 1474 2271 cum
1514 2238 1608 2273 haec

826 2307 830 2310 -
874 2282 1081 2326 scriberet.)

923 2355 1002 2388 119.
1031 2354 1102 2387 Aul
1126 2355 1266 2395 samam
1292 2354 1382 2397 cet]
1414 2355 1482 2388 Vv.
1512 2357 1607 2389 119-

875 2402 955 2434 135.
979 2401 1071 2435 haec
1102 2401 1283 2445 primaria
1314 2401 1503 2436 sententia
1530 2405 1608 2436 est:

875 2447 973 2490 „Aut
996 2448 1135 2491 μῦθον,
1160 2451 1274 2492 prout
1297 2449 1415 2483 semel
1439 2449 1484 2483 ab
1512 2449 1609 2483 anti-

874 2495 959 2538 quis
993 2498 1051 2529 est
1081 2495 1261 2537 traditus,
1306 2496 1463 2530 servatis
1496 2497 1608 2530 etiam

873 2552 1120 2585 personarum
1162 2543 1330 2577 moribus
1371 2546 1483 2587 atque
1531 2545 1611 2577 tota

873 2588 1013 2631 indole,
1031 2589 1070 2622 in
1088 2589 1282 2634 tragoedia
1299 2600 1470 2634 sequere,
1484 2600 1609 2633 neque

873 2645 961 2669 vero
986 2636 1169 2678 addendo,
1203 2636 1399 2678 demendo,
1429 2636 1608 2671 mutando

875 2692 959 2716 eum
976 2682 1161 2726 deforma3
1187 2694 1286 2726 nam,
1311 2683 1378 2727 qui
1403 2683 1444 2716 in
1469 2684 1608 2718 talibus

873 2740 933 2763 res
959 2740 1075 2764 novas
1107 2730 1273 2773 molitur,
1304 2731 1528 2775 plerumque
1555 2731 1608 2765 of-
