1786 2912
184 127 265 169 112

681 127 889 163 HORATH
913 128 1196 163 SATIRARUM

298 229 495 282 Antiquis
521 235 667 283 posset
701 236 853 270 contra
883 230 1077 282 fastidia*
1096 237 1264 281 nostra,

300 301 674 341 Grammaticorum
707 302 888 353 equitum
920 302 1197 343 doctissimus.
1235 303 1285 344 Ut
1317 305 1483 345 redeam
1513 305 1638 345 illuc:

297 370 462 427 Nempe
493 371 775 427 incomposito
807 370 897 412 dixi
927 371 1037 427 pede
1069 386 1239 415 currere
1269 386 1420 416 versus

295 441 449 484 Lucili.

513 441 618 490 Quis
650 446 739 484 tam
769 441 910 483 Lucili
942 442 1081 484 fautor
1111 443 1256 499 inepte
1287 448 1372 498 est,

295 513 353 554 Ut
384 527 470 554 non
501 512 582 554 hoc
614 513 828 555 fateatur?
858 513 917 554 At
947 513 1089 567 idem,
1114 514 1227 570 quod
1258 516 1347 558 sale
1377 516 1511 558 multo

296 584 454 626 Urbem
486 583 703 638 defricuit,
737 584 884 626 charta
913 584 1109 626 laudatur
1140 585 1304 628 eadem.

295 655 385 697 Nec
400 660 544 697 tamen
561 655 642 697 hoc
657 655 851 698 tribuens
869 655 1059 698 dederim
1076 670 1245 712 quoque
1262 660 1426 712 cetera3
1446 671 1549 700 nam
1565 658 1627 700 sic
1669 658 1696 699 5

293 725 352 767 Et
382 725 541 768 Laberi
571 727 724 768 mimos
755 731 804 768 ut
833 726 1011 783 pulchra
1041 730 1242 783 poemata
1271 728 1414 771 mirer.

293 796 409 852 Ergo
440 812 526 839 non
559 798 661 840 satis
694 802 760 840 est
789 798 879 839 risu
910 797 1109 840 diducere
1139 799 1294 840 rictum

293 868 538 923 Auditoris3
560 894 612 898 ——
631 873 674 911 et
696 873 761 911 est
782 868 991 925 quaedam
1012 874 1155 912 tamen
1176 869 1247 912 hic
1268 884 1437 927 quoque
1458 871 1618 925 virtus3
1642 895 1695 902 —-

227 1003 307 1035 nos,
333 1003 368 1037 p,
387 992 443 1035 G.)
471 1012 512 1016 —
539 993 629 1027 Post
653 993 745 1027 haec
771 992 974 1027 subditicia
995 992 1035 1026 in
1054 991 1143 1027 Cod.
1169 992 1193 1027 b
1218 996 1275 1027 est
1300 994 1460 1039 spatium
1486 1003 1645 1028 vacuum

222 1039 382 1074 duorum
407 1051 596 1074 versuum.

225 1142 296 1174 1-5.
322 1140 473 1183 Nempe]
499 1140 777 1183 „concedentis‚
805 1140 912 1184 quasi

174 1187 330 1229 diceret,
355 1188 476 1222 fateor
502 1199 560 1222 me
579 1188 753 1222 dixisse.“
783 1187 910 1222 COMM.

174 1235 296 1274 CRUQ.
321 1234 389 1269 Est
414 1238 585 1269 nostrum
605 1237 650 1275 ja
670 1236 774 1278 wohl,
800 1237 910 1268 aller-

172 1284 288 1324 dinos.
323 1281 381 1316 Ab
409 1282 538 1317 eadem
564 1283 751 1327 particula
777 1282 912 1327 incipit

171 1329 295 1364 Persii
331 1329 454 1364 Satira
491 1331 613 1364 tertia.
650 1349 692 1354 —
727 1332 909 1371 incompo-

171 1379 265 1411 sito·
274 1379 365 1419 pede
391 1386 540 1411 currere
563 1377 705 1420 versus]
734 1388 909 1421 „asperos

172 1425 402 1468 scabrosque
419 1426 627 1469 permultos
640 1435 772 1459 versus
791 1425 908 1459 esse.“

173 1472 246 1506 Sat.
267 1474 298 1510 1,
323 1475 356 1514 4,
383 1474 422 1505 S:
449 1474 564 1505 durus
590 1481 804 1514 componere
829 1481 910 1506 vcr-

171 1529 242 1553 sus.
284 1538 327 1542 —-
369 1521 494 1561 fautor
531 1521 647 1561 inepte
685 1519 756 1562 est]
812 1519 908 1553 Cave

172 1567 314 1601 scribas
363 1569 506 1608 ineptus
557 1578 640 1600 cum
690 1567 909 1611 Doeringio.

170 1613 256 1648 Est:
301 1613 417 1656 „Quis
443 1614 516 1648 iam
542 1618 617 1647 tam
644 1614 772 1658 inepto
799 1614 908 1647 modo

170 1661 337 1701 Lucilio⁸
351 1662 462 1703 favet,
488 1664 530 1694 ut
555 1664 685 1706 aperta
710 1661 793 1703 eius
819 1660 910 1694 vitia

171 1709 329 1754 neget?“
357 1729 402 1734 —
427 1709 519 1751 sale]
562 1709 684 1751 „Sales
709 1708 908 1753 pluraliter

170 1756 320 1791 dicendi
347 1759 447 1799 sunt,
473 1766 558 1790 cum
576 1756 773 1790 urbanitas
792 1756 908 1800 signi-

169 1804 337 1838 ficatur.“
388 1804 485 1837 AER.
538 1803 610 1837 Sed
657 1803 734 1837 Cic.
776 1802 822 1837 de
863 1802 907 1836 N.

168 1851 214 1886 D.
234 1854 266 1894 2,
291 1853 348 1895 29,
375 1853 437 1885 74:
464 1854 526 1885 Ita
550 1852 665 1884 salem
689 1852 809 1892 istum,
836 1859 906 1891 quo

171 1902 269 1933 caret
294 1903 417 1933 vestra
443 1897 766 1943 (Epicureorum)
792 1899 905 1939 natio,

169 1948 209 1979 in
232 1948 427 1980 irridendis
462 1947 563 1979 nobis
596 1947 746 1979 nolitote
779 1953 906 1978 consu-

168 2003 277 2027 mere.
321 1994 427 2029 Conf.
453 1993 548 2038 Epp.
575 1995 608 2035 2,
634 1995 668 2035 2,
693 1995 750 2027 60.
776 2011 820 2015 -
846 1993 906 2026 de-

168 2041 313 2084 fricuit]
350 2042 400 2075 Ut
426 2042 532 2075 dolor
559 2041 701 2083 oritur,
735 2039 800 2074 ubi
827 2039 906 2074 sale

169 2089 374 2123 defricetur
401 2088 499 2122 cutis
533 2088 720 2122 vibicibus
746 2088 805 2121 vel
830 2087 905 2120 alio

169 2147 244 2182 quo
271 2137 381 2171 modo
406 2137 526 2178 laesa,
553 2135 607 2169 sic
632 2136 698 2169 ille
724 2134 905 2168 ridiculos

169 2186 206 2218 et
262 2195 459 2228 perversos
509 2183 727 2228 aequalium
781 2192 905 2215 mores

168 2232 305 2265 acerbe
345 2231 562 2276 castigando
605 2231 744 2264 multos
785 2229 905 2272 laesit,

169 2279 257 2312 dum
295 2279 439 2312 salibus
464 2289 507 2312 ac
533 2277 680 2311 facetiis
706 2277 774 2319 iis,
809 2286 904 2321 quos

168 2337 244 2359 non
259 2328 374 2369 notat,
392 2327 510 2360 risum
529 2325 675 2359 excitat.
696 2344 738 2348 -—
759 2325 904 2357 charta-

169 2373 315 2416 eadem]
349 2373 418 2415 „in
445 2373 575 2407 eadem
600 2373 665 2405 illa
692 2371 843 2405 Satira“
873 2373 904 2413 1,

168 2423 206 2463 4,
234 2422 265 2454 7.
292 2439 335 2444 ——
363 2419 535 2462 dederim]
567 2418 653 2452 vid.
680 2419 726 2452 ad
751 2418 844 2463 Epp.
871 2419 904 2461 2,

170 2470 185 2501 1
228 2469 307 2502 125.

191 2493 249 2549 ‘6.
274 2514 420 2557 Laberi]
444 2513 607 2547 Macrob.
636 2512 785 2546 Saturn.
812 2515 845 2555 2,
871 2514 904 2555 7,

167 2573 202 2607 p.
237 2564 324 2596 342:
367 2561 443 2607 (D.)
484 2562 698 2602 Laberium,
750 2568 903 2602 asperae

169 2610 348 2644 libertatis
380 2609 536 2650 equitem
560 2609 783 2649 Romanum,
818 2608 904 2640 Cae-

105 2654 109 2658 ’
166 2666 230 2690 sar
255 2657 460 2699 quinqentis
485 2656 629 2688 milibus
659 2655 838 2697 invitavit,
863 2657 904 2688 ut

164 2706 330 2745 prodiret
362 2705 404 2737 in
433 2710 578 2736 scenam
604 2704 638 2735 et
669 2703 744 2743 ipse
779 2704 904 2743 aqeret

961 1141 1087 1174 mimos
1121 1149 1210 1181 quos
1242 1142 1484 1183 scriptitabat.
1531 1142 1600 1175 Sed
1628 1150 1696 1183 po-

961 1190 1069 1220 testas
1107 1196 1181 1221 non
1216 1189 1352 1230 solum,
1389 1190 1422 1221 si
1452 1189 1595 1231 invitet,
1633 1190 1698 1222 sed

960 1236 1087 1277 etiam,
1117 1237 1149 1268 si
1172 1236 1367 1278 supplicet,
1394 1237 1507 1278 coait‚·
1538 1237 1633 1269 unde
1656 1245 1696 1269 se

961 1285 992 1315 et
1024 1283 1198 1316 Laberius
1223 1292 1247 1316 a
1273 1285 1427 1317 Caesare
1460 1285 1626 1316 coactum
1654 1283 1695 1315 in

958 1330 1118 1371 Proloqo
1150 1332 1306 1364 testatur
1330 1331 1384 1363 his
1407 1331 1589 1372 versibus,
1623 1332 1693 1364 cet.

959 1375 1138 1421 Sequitur
1163 1377 1351 1423 Prologus
1377 1376 1529 1422 optimis
1561 1377 1694 1422 utique

958 1425 1083 1468 poesis
1109 1423 1266 1458 Latinae
1296 1424 1551 1458 monumentis
1575 1423 1695 1458 adnu-

958 1471 1180 1515 morandum
1215 1482 1345 1506 verum
1378 1471 1482 1505 mimi
1509 1470 1583 1516 ipsi
1616 1481 1694 1505 non

959 1520 1079 1552 solum
1101 1519 1270 1561 Horatio,
1297 1519 1362 1553 sed
1388 1519 1498 1552 etiam
1518 1518 1695 1552 Ciceroni

958 1566 1058 1599 haud
1085 1566 1196 1600 nimis
1227 1566 1439 1610 placebant.
1489 1564 1621 1600 Cicero
1646 1565 1695 1600 ad

957 1612 1056 1646 Fam.
1086 1615 1147 1655 12,
1175 1615 1238 1655 18,
1265 1615 1304 1646 2:
1341 1614 1519 1653 Equidem
1542 1614 1593 1646 sic
1616 1613 1694 1646 iam

958 1661 1115 1693 obdurui
1149 1661 1196 1702 (a.
1231 1671 1268 1693 u.
1302 1670 1334 1693 c.
1370 1660 1484 1703 709.)‚
1523 1662 1564 1692 ut
1598 1660 1694 1693 ludis

959 1708 1123 1740 Caesaris
1148 1708 1265 1740 nostri
1281 1708 1404 1740 animo
1422 1707 1639 1748 aequissimo
1653 1724 1694 1733 —-

958 1756 1125 1788 audirem
1159 1755 1306 1788 Laberii
1344 1757 1376 1787 et
1412 1755 1534 1788 Publii
1574 1753 1692 1799 (Syri)

954 1804 1138 1843 poemata.
1166 1821 1210 1825 —
1235 1801 1386 1845 mimos]
1421 1800 1528 1835 Ovid.
1578 1800 1691 1835 Trist.

957 1850 990 1891 2,
1014 1851 1083 1883 497
1094 1860 1103 1882 2
1131 1850 1236 1892 Quid,
1261 1850 1293 1882 si
1319 1850 1540 1892 scripsissem
1563 1849 1694 1882 mimos

956 1897 1111 1930 obscena
1149 1898 1329 1939 iocantes,
1364 1897 1436 1939 Qui
1469 1904 1609 1938 semper
1631 1904 1692 1929 ve-

955 1944 1012 1976 titi
1036 1945 1172 1977 crimen
1197 1944 1333 1977 amoris
1358 1945 1489 1977 habent
1503 1945 1520 1976 7
1538 1961 1581 1967 —
1604 1943 1692 1984 pul—

955 1991 1057 2034 chra]
1102 1991 1330 2036 „perfecta;“
1372 2001 1458 2024 nam
1500 1989 1602 2034 quod
1642 1989 1693 2024 ad

955 2038 1264 2083 compositionem
1299 2041 1336 2072 et
1368 2037 1598 2072 commodam
1631 2038 1692 2071 to-

954 2086 1029 2119 tius
1055 2086 1215 2120 actionis
1245 2085 1537 2130 implicationem
1562 2094 1606 2118 ac
1631 2094 1692 2118 so-

954 2133 1138 2167 lutionem
1171 2133 1324 2175 attinet,
1356 2132 1459 2166 mimi
1483 2130 1689 2166 Laberiani

955 2191 1045 2214 sane
1063 2179 1318 2225 postponendi
1333 2182 1442 2214 erant
1457 2178 1596 2214 fabulis
1610 2177 1691 2212 Me·-

954 2228 1133 2262 nandreis
1159 2230 1197 2262 et
1221 2227 1473 2262 Terentianis.

1002 2323 1098 2357 7-15.
1132 2323 1303 2356 diducere
1335 2322 1470 2354 rictum
1494 2320 1579 2363 cet.]
1614 2319 1691 2363 „le-

954 2372 1094 2403 ctorem
1110 2370 1169 2403 vel
1195 2368 1356 2402 invitum
1374 2367 1422 2401 ad
1439 2367 1557 2402 risum
1576 2367 1686 2411 quasi

954 2427 1106 2462 cogere,
1143 2416 1179 2450 ei
1215 2416 1334 2449 risum
1373 2414 1573 2459 profusum
1609 2424 1688 2448 mo-

953 2464 1075 2498 vere.“
1127 2463 1284 2503 Quintil.
1311 2464 1351 2506 1,
1385 2464 1446 2504 11,
1479 2464 1520 2496 9:
1559 2462 1690 2495 obser-

951 2513 1111 2545 vandum
1137 2511 1203 2544 erit
1232 2510 1352 2552 etiam,
1368 2517 1465 2543 --ne
1485 2509 1591 2543 labra
1615 2509 1687 2542 dis—

953 2561 1211 2600 torqueamur,
1244 2565 1290 2590 ne
1323 2557 1534 2590 immodicus
1565 2556 1688 2588 hiatus

951 2607 1083 2639 rictum
1119 2605 1311 2638 distendat.
1354 2622 1398 2628 -—
1441 2605 1474 2637 et
1512 2605 1563 2637 est
1600 2600 1687 2644 ceu]

954 2663 1202 2698 „quamquam
1235 2652 1306 2686 hoo
1332 2660 1483 2695 quoque
1513 2660 1590 2684 non
1615 2648 1686 2682 mi-

952 2701 1095 2735 nimum
1109 2698 1251 2735 satirici
1264 2699 1396 2743 poetae
1407 2700 1464 2733 est
1475 2694 1686 2732 meritum!
