1786 2912
0 2694 13 2702 ·,
0 2500 13 2681 *vqs—,wv‹-.-
0 2436 8 2487 ‚w-
0 2375 5 2392 «.

651 146 745 181 Lm.
768 145 798 180 I.
846 144 950 180 ΕΔΤ.
973 143 1022 178 X.

1510 143 1590 184 111

665 345 917 391 sAmA
945 345 1011 388 X.

198 445 359 494 Lucili,
389 456 511 497 quam
541 444 603 484 sis
633 443 874 490 mendosus,
904 445 1011 481 teste
1042 439 1220 487 Catone,

198 516 437 568 Defensore
468 519 562 562 tuo,
588 514 852 566 pervincum,
884 512 956 564 qui
983 511 1090 552 male
1118 510 1260 562 factos

200 586 436 627 Emendare
462 589 594 638 parat
622 597 768 624 versus
778 597 796 631 ;
825 583 903 623 hoc
933 582 1068 622 leuius
1097 581 1186 629 ille,

199 657 281 698 Est
311 670 392 710 quo
423 659 492 696 vir
520 655 687 703 melior,
718 655 842 706 longe
871 652 1069 693 subtilior
1098 652 1191 699 illo,

205 727 289 776 Qui
317 727 486 767 multum
511 739 620 779 puer
649 730 691 766 et
721 724 825 764 loris
856 728 896 763 et
926 722 1101 775 funibus
1131 723 1228 763 udis

203 798 487 846 Exhortatus,
516 801 562 836 ul
594 800 704 836 essee
733 807 851 847 opem
881 795 954 847 qui
983 794 1101 845 ferre
1128 794 1267 845 poetis

182 941 284 977 SAT.
308 941 356 976 X.
381 942 448 975 Vv.
476 943 562 975 1-8.
589 940 809 975 subditicios
834 939 1014 973 exhibent
1040 938 1156 972 Codd.
1182 938 1293 972 Bern.
1318 936 1362 971 N.
1388 939 1446 971 21.
1472 936 1553 970 Sec.

132 989 181 1024 X..
219 989 294 1033 (b),
329 989 375 1023 N.
411 991 493 1023 542.
530 988 611 1022 Sec.
647 987 694 1021 X.
732 987 804 1029 (c),
839 986 883 1020 N.
921 989 1002 1020 619.
1040 985 1122 1020 Sec.
1158 985 1243 1019 XII.
1280 985 1354 1028 (h),
1390 984 1434 1018 N.
1472 985 1552 1018 32⁷.

135 1036 215 1071 Sec.
238 1035 340 1070 xm.
367 1036 431 1079 (i),
463 1035 768 1080 Petropolitanus
794 1034 868 1078 (p),
900 1033 1041 1067 Aldina
1067 1035 1189 1074 1509.,
1222 1031 1283 1066 Lo
1310 1033 1487 1076 (uterque
1514 1031 1552 1064 in

133 1083 476 1126 adnotationibus),
508 1082 583 1116 Fea
608 1085 645 1116 et
668 1081 858 1115 Heindorf
879 1081 935 1123 (in
961 1082 1157 1122 contextu,
1191 1079 1258 1113 sed
1283 1079 1420 1113 litteris
1444 1078 1555 1112 incli-

134 1131 261 1173 uatis)‚
283 1130 321 1163 M
345 1130 429 1173 (sed
454 1129 651 1171 seclusos).
700 1128 774 1162 Eos
800 1129 979 1162 omittunt
1004 1127 1095 1161 Cod.
1114 1126 1383 1172 Sangallensis,
1408 1125 1555 1159 Veneta

137 1179 251 1220 1481„
266 1177 407 1213 Aldina
430 1179 545 1218 1521„
563 1176 799 1217 Torrentius,
823 1175 1031 1216 Bentleius,
1048 1173 1297 1208 Kirchnerus.
1315 1192 1359 1197 ——
1381 1175 1412 1207 1.
1430 1172 1554 1216 quam]

135 1226 234 1266 quod
258 1223 375 1259 Oodd.
399 1223 586 1258 Lambini.
620 1242 663 1247 --
698 1225 731 1256 4.
758 1224 836 1264 Quo
867 1223 998 1255 melior
1030 1222 1087 1255 vir
1119 1224 1170 1254 est
1196 1220 1276 1263 b,L,
1314 1222 1393 1263 Quo
1425 1221 1556 1253 melior

134 1273 192 1305 vir
215 1274 249 1305 et
274 1274 324 1305 ost
346 1271 374 1304 h
399 1273 432 1305 οἱ
455 1272 489 1313 i,
522 1272 601 1313 Quo
625 1272 684 1303 vir
708 1272 759 1303 est
783 1270 912 1302 melior
936 1280 980 1313 p,
1014 1270 1093 1310 Quo
1117 1269 1249 1301 melior
1272 1269 1329 1301 vir
1353 1269 1410 1300 hic
1435 1271 1485 1300 est
1512 1266 1552 1307 G,

138 1319 218 1360 Quo
250 1319 380 1352 melior
410 1319 470 1351 vir
501 1319 602 1351 adest
635 1328 681 1350 ex
714 1316 803 1350 Ood.
836 1316 1002 1350 Berolin.
1034 1315 1326 1359 interpolatione
1359 1313 1557 1348 Heindorf.

138 1365 206 1407 (Ut
229 1375 319 1407 nos,
343 1366 390 1407 c.)
418 1383 461 1388 —
490 1366 593 1405 lonqe
618 1373 663 1396 ac
685 1364 854 1396 subtilior
879 1362 920 1396 C.
947 1382 989 1386 —
1016 1364 1050 1395 5.
1073 1371 1166 1403 puer·
1198 1365 1249 1395 est
1281 1362 1368 1394 loris
1393 1361 1438 1394 de
1466 1360 1558 1394 Ges-

138 1412 222 1445 neri
247 1412 344 1445 coni.
368 1411 565 1452 Heindorf,
590 1419 708 1451 nuper
735 1411 821 1442 loris
846 1409 1084 1454 Rutgersius.
1111 1427 1153 1432 —
1182 1411 1216 1442 6.
1240 1410 1443 1442 lca-ortatus
1469 1408 1556 1450 (sic)

137 1458 163 1491 h
187 1460 226 1492 et
248 1469 346 1493 corr.
369 1459 394 1500 i,
417 1460 605 1492 Exorata-s
630 1456 719 1498 bcL,
743 1458 955 1490 Exomatas
981 1455 1204 1503 Glareanus,
1228 1455 1465 1500 Rutgersius.
1491 1454 1557 1498 (Ut

90 1575 451 1620 petitormm‘wlam
467 1573 821 1617 (onrlfippehen)

88 1621 325 1667 prehendere
364 1621 525 1667 possit;“
568 1621 670 1666 quod
710 1621 821 1665 longe

113 1669 123 1676 “
179 1669 189 1676 “
220 1669 367 1704 cantius
391 1671 450 1703 est
473 1679 585 1713 quam
601 1668 649 1702 al.
666 1675 820 1709 appono,

91 1718 131 1750 et
166 1727 189 1750 a
223 1716 317 1750 meis
354 1715 470 1749 Codd.
508 1715 599 1750 satis
639 1715 821 1748 firmatur.

93 1762 296 1805 „Solebant
342 1763 493 1797 testium
532 1773 644 1796 aures
693 1764 822 1795 tenere

91 1812 131 1844 et
154 1809 209 1844 ita
232 1810 378 1844 dicere:
413 1810 668 1851 ΜῈΜΈΝΤΟ,
695 1810 823 1851 QVOD

92 1857 156 1891 TV
213 1858 339 1892 MIHI
396 1858 455 1890 IN
515 1858 624 1890 ILLA
686 1856 825 1890 CAVSA

93 1905 251 1939 TESTIS
288 1905 427 1938 mus.-
466 1903 568 1948 quod
605 1906 663 1938 est
699 1905 824 1937 antes-

92 1951 200 1984 tari!
237 1951 333 1984 Aen.
368 1951 467 1984 Plin.
501 1951 547 1984 H.
570 1949 615 1984 N.
642 1952 705 1992 11,
739 1952 823 1984 103:

79 1999 159 2031 ‘Est
190 1999 231 2031 in
261 2006 354 2031 aare
382 2000 459 2031 ima
482 1999 680 2031 memor-iae
716 1999 824 2039 locus,

94 2053 203 2085 quem
257 2047 444 2086 muamus
502 2047 738 2078 antestamur.
781 2063 824 2067 —

94 2093 209 2133 Rapit
230 2093 271 2124 in
292 2091 365 2134 ius]
390 2092 437 2126 ad
461 2094 746 2136 recuperatores
766 2091 827 2124 vel

95 2137 144 2172 ad
170 2139 438 2172 centumvirale
463 2138 655 2172 iudicium.
704 2138 827 2171 Plaut.

96 2184 212 2218 Poen.
238 2186 271 2227 3,
295 2186 330 2228 5,
354 2187 419 2218 45:
445 2186 663 2225 Priusquam
687 2186 827 2218 obtorto

97 2232 190 2265 collo
239 2233 289 2265 ad
332 2234 543 2273 praetorem
598 2233 741 2264 trahar.
783 2250 827 2254 —

98 2279 239 2312 clamor
262 2279 455 2322 utrinque]
487 2278 649 2312 hominis
682 2278 828 2312 molesti

42 2349 51 2360 .
97 2327 138 2359 et
166 2326 248 2359 eius
282 2325 506 2368 adversarii,
539 2336 613 2370 quo
647 2325 829 2359 excitatur

96 2372 482 2407 circumforaneorum
519 2382 745 2414 concursus,
787 2374 830 2405 ut

98 2418 221 2452 Plaut.
259 2419 368 2454 Cure.
401 2421 426 2453 l.
457 2420 483 2453 l.
513 2430 546 2453 V.
580 2421 643 2453 27:
682 2418 749 2452 ΟΠ.
800 2420 829 2452 0

95 2466 212 2507 cives,
262 2468 376 2500 cives!
412 2466 484 2500 ΤΗ.
534 2468 630 2508 Quid
666 2467 830 2499 clamas?

100 2512 172 2546 ΡΗ.
209 2514 305 2554 Quid
329 2515 393 2546 tibi
416 2515 525 2547 istum
550 2515 659 2547 tactio
686 2514 760 2546 est?
786 2532 829 2536 ——

99 2556 248 2603 Apollo]
286 2557 527 2602 ἀλεξίκακος,
570 2556 831 2606 ἀποτρόπαιος

101 2606 261 2648 (Φοῖβος
291 2604 462 2654 ἀκέστωρ
492 2606 622 2651 Eurip.
653 2606 830 2641 Androm.

103 2651 217 2696 900.)‚
250 2656 292 2687 ut
324 2654 510 2699 benignus
542 2653 737 2698 poetarum
768 2665 831 2688 cu-

97 2701 179 2733 stos
213 2702 250 2733 et
281 2700 469 2735 defensor.
518 2701 626 2735 Hom.
664 2701 771 2735 Iliad.
797 2713 830 2742 v,

870 1574 959 1606 443:
1000 1572 1068 1606 τὸν
1104 1572 1137 1605 δ’
1173 1569 1383 1618 ἐξήρπαξεν
1417 1568 1604 1605 Ἀπόλλων

866 1616 964 1652 Ῥεῖα
987 1616 1089 1662 μάλ’,
1113 1615 1167 1662 ὥς
1191 1630 1231 1653 τε
1255 1617 1358 1661 θεός,
1383 1615 1555 1661 ἐκάλυψε
1572 1618 1604 1651 δ’

869 1663 929 1714 ἄρ’
954 1665 1041 1713 ἠέρι
1066 1666 1197 1712 πολλῇ.

917 1713 964 1747 Χ.
989 1714 1091 1748 Haec
1109 1715 1225 1748 satira
1241 1714 1499 1748 defensionem
1516 1724 1604 1748 con-

870 1761 966 1795 tinet
989 1761 1134 1804 iudicii,
1160 1761 1259 1806 quod
1276 1761 1456 1795 Horatius
1483 1760 1606 1795 Satira

871 1809 985 1842 huius
1003 1809 1094 1842 libri
1108 1811 1243 1853 quarta
1257 1808 1303 1841 de
1317 1808 1465 1842 Lucilio
1483 1819 1607 1852 prom-

871 1858 1016 1899 pserat,
1053 1856 1099 1889 ab
1129 1855 1379 1900 antiquariis,
1416 1856 1605 1899 perversis

871 1903 986 1937 huius
1003 1905 1135 1947 poetae
1152 1903 1375 1944 fautoribus,
1392 1902 1534 1936 iniuste
1547 1913 1607 1936 re-

872 1950 1064 1994 prehensi,
1090 1950 1279 1994 simulque
1296 1950 1414 1983 multa
1431 1960 1518 1983 cum
1543 1961 1606 1983 ur-

872 1997 1039 2031 banitate
1080 1999 1285 2039 monstrat,
1327 2007 1438 2041 quam
1479 1997 1607 2030 insciti

874 2044 952 2078 sint
967 2045 1139 2078 homines
1157 2046 1271 2088 atque
1287 2046 1389 2078 recte
1414 2043 1607 2078 iudicandi

874 2091 1053 2124 facultate
1070 2091 1252 2133 destituti,
1277 2092 1344 2135 qui
1361 2094 1515 2134 propter
1531 2101 1608 2124 me·

874 2148 958 2170 rum
976 2137 1103 2171 odium
1128 2138 1308 2171 adversus
1333 2138 1530 2182 aequalem
1546 2148 1608 2171 ve·

874 2187 992 2218 terem
1016 2186 1166 2229 poiitam
1190 2185 1317 2218 nimiis
1345 2184 1522 2218 laudibus
1548 2195 1609 2218 ex-

875 2232 1021 2265 tollant.
1046 2231 1209 2276 Egregia
1232 2234 1358 2265 autem
1384 2232 1454 2265 hac
1479 2231 1609 2266 defen-

876 2278 991 2312 dendi
1029 2289 1069 2311 se
1107 2279 1233 2312 oblata
1268 2279 1465 2313 occasione
1502 2289 1610 2323 prae-

877 2328 985 2369 cepta
1010 2325 1103 2359 artis
1135 2326 1304 2370 poEticae
1336 2325 1476 2370 passim
1508 2327 1610 2360 inse·

877 2372 939 2405 rit.
995 2371 1141 2416 Scripta
1181 2372 1330 2406 videtur
1370 2372 1532 2406 Webero
1573 2375 1612 2407 et

879 2419 1122 2453 Grotefendio
1148 2429 1181 2453 a.
1206 2431 1244 2454 u.
1270 2431 1302 2454 c.
1326 2421 1419 2461 718„
1444 2419 1610 2454 Frankio

878 2477 910 2499 a.
938 2468 1028 2508 719„
1052 2466 1279 2509 Weicherto,
1304 2466 1516 2501 Kirchnero
1543 2467 1612 2500 ali-

878 2514 986 2557 isque
1012 2524 1046 2547 a.
1071 2515 1150 2547 723.
1188 2514 1271 2553 Quo
1296 2525 1386 2547 vero
1411 2514 1610 2547 intervallo

878 2561 978 2593 intra
1003 2563 1175 2604 quartam
1192 2561 1397 2605 composita
1423 2562 1483 2601 sit,
1510 2560 1611 2604 quis-

879 2618 965 2640 nam
989 2607 1168 2642 definiet?
1208 2607 1319 2642 Haud
1350 2607 1461 2640 nimis
1494 2607 1611 2649 brevi,

880 2657 923 2687 ut
946 2654 1036 2688 mihi
1054 2655 1205 2699 quidem
1223 2655 1383 2688 videtur.
1398 2673 1442 2678 ——
1455 2653 1510 2687 De
1529 2664 1611 2688 ver-

880 2701 986 2735 sibus
1011 2702 1224 2736 subditieiis
1246 2701 1331 2735 vide
1348 2700 1558 2735 Excursum
1582 2701 1611 2734 I.
