<?xml version="1.0" encoding="UTF-8"?>
<!DOCTYPE html PUBLIC "-//W3C//DTD XHTML 1.0 Transitional//EN"
    "http://www.w3.org/TR/xhtml1/DTD/xhtml1-transitional.dtd">
<html xmlns="http://www.w3.org/1999/xhtml" xml:lang="en" lang="en">
 <head>
  <title>
</title>
<meta http-equiv="Content-Type" content="text/html;charset=utf-8" />
  <meta name='ocr-system' content='tesseract 3.04.00' />
  <meta name='ocr-capabilities' content='ocr_page ocr_carea ocr_par ocr_line ocrx_word'/>
</head>
<body>
  <div class='ocr_page' id='page_1' title='image "./qhoratiusflaccus00horauoft_0024.png"; bbox 0 0 1786 2912; ppageno 0'>
   <div class='ocr_carea' id='block_1_1' title="bbox 643 153 1162 191">
    <p class='ocr_par' dir='ltr' id='par_1_1' title="bbox 643 153 1162 191">
     <span class='ocr_line' id='line_1_1' title="bbox 643 153 1162 191; baseline 0.004 -2"><span class='ocrx_word' id='word_1_1' title='bbox 643 153 851 190; x_wconf 75' lang='lat' dir='ltr'>HORATH</span> <span class='ocrx_word' id='word_1_2' title='bbox 876 154 1162 191; x_wconf 74' lang='lat' dir='ltr'>SATIRARUM</span> 
     </span>
    </p>
   </div>
   <div class='ocr_carea' id='block_1_2' title="bbox 265 254 1509 392">
    <p class='ocr_par' dir='ltr' id='par_1_2' title="bbox 265 254 1509 392">
     <span class='ocr_line' id='line_1_2' title="bbox 267 254 1299 312; baseline 0.001 -14"><span class='ocrx_word' id='word_1_3' title='bbox 267 254 340 298; x_wconf 82' lang='lat' dir='ltr'>Sic</span> <span class='ocrx_word' id='word_1_4' title='bbox 369 255 591 299; x_wconf 72' lang='lat' dir='ltr'><strong>festinanti</strong></span> <span class='ocrx_word' id='word_1_5' title='bbox 623 269 794 312; x_wconf 86' lang='lat' dir='ltr'>semper</span> <span class='ocrx_word' id='word_1_6' title='bbox 823 256 1077 312; x_wconf 81' lang='lat' dir='ltr'>locupletior</span> <span class='ocrx_word' id='word_1_7' title='bbox 1108 255 1269 311; x_wconf 81' lang='lat' dir='ltr'>obstat,</span> <span class='ocrx_word' id='word_1_8' title='bbox 1294 283 1299 288; x_wconf 92' lang='lat'>·</span> 
     </span>
     <span class='ocr_line' id='line_1_3' title="bbox 265 325 1509 392; baseline 0.003 -24"><span class='ocrx_word' id='word_1_9' title='bbox 265 325 342 380; x_wconf 84' lang='lat' dir='ltr'>Ut,</span> <span class='ocrx_word' id='word_1_10' title='bbox 375 340 471 369; x_wconf 89' lang='lat' dir='ltr'>cum</span> <span class='ocrx_word' id='word_1_11' title='bbox 502 327 746 369; x_wconf 76' lang='lat' dir='ltr'>carceribus</span> <span class='ocrx_word' id='word_1_12' title='bbox 777 327 933 369; x_wconf 83' lang='lat' dir='ltr'>missos</span> <span class='ocrx_word' id='word_1_13' title='bbox 964 327 1078 383; x_wconf 81' lang='lat' dir='ltr'><strong>rapit</strong></span> <span class='ocrx_word' id='word_1_14' title='bbox 1107 327 1270 383; x_wconf 78' lang='lat' dir='ltr'>ungula</span> <span class='ocrx_word' id='word_1_15' title='bbox 1299 342 1468 384; x_wconf 84' lang='lat' dir='ltr'>currus,</span> <span class='ocrx_word' id='word_1_16' title='bbox 1504 372 1509 392; x_wconf 47' lang='grc' dir='ltr'>Ι</span> 
     </span>
    </p>
   </div>
   <div class='ocr_carea' id='block_1_3' title="bbox 265 396 1342 453">
    <p class='ocr_par' dir='ltr' id='par_1_3' title="bbox 265 396 1342 453">
     <span class='ocr_line' id='line_1_4' title="bbox 265 396 1342 453; baseline 0.003 -15"><span class='ocrx_word' id='word_1_17' title='bbox 265 396 403 440; x_wconf 85' lang='lat' dir='ltr'>Instat</span> <span class='ocrx_word' id='word_1_18' title='bbox 433 398 553 453; x_wconf 89' lang='lat' dir='ltr'>equis</span> <span class='ocrx_word' id='word_1_19' title='bbox 585 398 736 453; x_wconf 83' lang='lat' dir='ltr'>auriga</span> <span class='ocrx_word' id='word_1_20' title='bbox 766 411 866 439; x_wconf 88' lang='lat' dir='ltr'>suos</span> <span class='ocrx_word' id='word_1_21' title='bbox 896 398 1188 452; x_wconf 83' lang='lat' dir='ltr'>vincentibus,</span> <span class='ocrx_word' id='word_1_22' title='bbox 1219 399 1342 442; x_wconf 89' lang='lat' dir='ltr'>illum</span> 
     </span>
    </p>
   </div>
   <div class='ocr_carea' id='block_1_4' title="bbox 1581 401 1666 443">
    <p class='ocr_par' dir='ltr' id='par_1_4' title="bbox 1581 401 1666 443">
     <span class='ocr_line' id='line_1_5' title="bbox 1581 401 1666 443; baseline 0.012 -1"><span class='ocrx_word' id='word_1_23' title='bbox 1581 401 1666 443; x_wconf 82' lang='lat'>115</span> 
     </span>
    </p>
   </div>
   <div class='ocr_carea' id='block_1_5' title="bbox 262 467 1435 738">
    <p class='ocr_par' dir='ltr' id='par_1_5' title="bbox 263 467 1386 594">
     <span class='ocr_line' id='line_1_6' title="bbox 264 467 1386 524; baseline 0.003 -14"><span class='ocrx_word' id='word_1_24' title='bbox 264 467 551 511; x_wconf 80' lang='lat' dir='ltr'>Praeteritum</span> <span class='ocrx_word' id='word_1_25' title='bbox 582 470 1026 524; x_wconf 57' lang='lat' dir='ltr'>temnenssextremos</span> <span class='ocrx_word' id='word_1_26' title='bbox 1057 469 1170 512; x_wconf 88' lang='lat' dir='ltr'>inter</span> <span class='ocrx_word' id='word_1_27' title='bbox 1200 474 1386 513; x_wconf 88' lang='lat' dir='ltr'>cuntem.</span> 
     </span>
     <span class='ocr_line' id='line_1_7' title="bbox 263 538 1267 594; baseline 0 -12"><span class='ocrx_word' id='word_1_28' title='bbox 263 538 368 582; x_wconf 86' lang='lat' dir='ltr'>Inde</span> <span class='ocrx_word' id='word_1_29' title='bbox 398 539 464 592; x_wconf 81' lang='lat' dir='ltr'>fit,</span> <span class='ocrx_word' id='word_1_30' title='bbox 498 543 545 580; x_wconf 91' lang='lat' dir='ltr'>ut</span> <span class='ocrx_word' id='word_1_31' title='bbox 575 552 685 592; x_wconf 85' lang='lat' dir='ltr'>raro,</span> <span class='ocrx_word' id='word_1_32' title='bbox 719 540 792 594; x_wconf 94' lang='lat' dir='ltr'>qui</span> <span class='ocrx_word' id='word_1_33' title='bbox 824 553 872 582; x_wconf 86' lang='lat' dir='ltr'>se</span> <span class='ocrx_word' id='word_1_34' title='bbox 902 540 1063 583; x_wconf 84' lang='lat' dir='ltr'>vixisse</span> <span class='ocrx_word' id='word_1_35' title='bbox 1094 539 1267 582; x_wconf 78' lang='lat' dir='ltr'>beatum</span> 
     </span>
    </p>

    <p class='ocr_par' dir='ltr' id='par_1_6' title="bbox 262 609 1247 667">
     <span class='ocr_line' id='line_1_8' title="bbox 262 609 1247 667; baseline 0.003 -16"><span class='ocrx_word' id='word_1_36' title='bbox 262 609 391 652; x_wconf 85' lang='lat' dir='ltr'>Dicat</span> <span class='ocrx_word' id='word_1_37' title='bbox 422 614 465 652; x_wconf 85' lang='lat' dir='ltr'>et</span> <span class='ocrx_word' id='word_1_38' title='bbox 496 614 648 652; x_wconf 84' lang='lat' dir='ltr'>exacto</span> <span class='ocrx_word' id='word_1_39' title='bbox 681 614 903 652; x_wconf 85' lang='lat' dir='ltr'>contentus</span> <span class='ocrx_word' id='word_1_40' title='bbox 933 614 1126 667; x_wconf 85' lang='lat' dir='ltr'>tempore</span> <span class='ocrx_word' id='word_1_41' title='bbox 1153 611 1247 654; x_wconf 24' lang='lat' dir='ltr'>*vita</span> 
     </span>
    </p>

    <p class='ocr_par' dir='ltr' id='par_1_7' title="bbox 266 680 1435 738">
     <span class='ocr_line' id='line_1_9' title="bbox 266 680 1435 738; baseline 0.001 -15"><span class='ocrx_word' id='word_1_42' title='bbox 266 680 402 723; x_wconf 77' lang='lat' dir='ltr'>Cedat</span> <span class='ocrx_word' id='word_1_43' title='bbox 432 681 495 722; x_wconf 84' lang='lat' dir='ltr'>uti</span> <span class='ocrx_word' id='word_1_44' title='bbox 528 681 707 723; x_wconf 79' lang='lat' dir='ltr'>conviva</span> <span class='ocrx_word' id='word_1_45' title='bbox 739 685 869 735; x_wconf 80' lang='lat' dir='ltr'>satur,</span> <span class='ocrx_word' id='word_1_46' title='bbox 900 682 1092 738; x_wconf 87' lang='lat' dir='ltr'>reperire</span> <span class='ocrx_word' id='word_1_47' title='bbox 1123 695 1348 737; x_wconf 72' lang='lat' dir='ltr'>queamus.v</span> <span class='ocrx_word' id='word_1_48' title='bbox 1374 707 1435 712; x_wconf 94' lang='lat'><strong>—</strong></span> 
     </span>
    </p>
   </div>
   <div class='ocr_carea' id='block_1_6' title="bbox 262 750 1359 810">
    <p class='ocr_par' dir='ltr' id='par_1_8' title="bbox 262 750 1359 810">
     <span class='ocr_line' id='line_1_10' title="bbox 262 750 1359 810; baseline 0.001 -16"><span class='ocrx_word' id='word_1_49' title='bbox 262 751 352 794; x_wconf 83' lang='lat' dir='ltr'>Iam</span> <span class='ocrx_word' id='word_1_50' title='bbox 385 752 490 793; x_wconf 82' lang='lat' dir='ltr'>satis</span> <span class='ocrx_word' id='word_1_51' title='bbox 523 756 602 794; x_wconf 84' lang='lat' dir='ltr'>est.</span> <span class='ocrx_word' id='word_1_52' title='bbox 642 750 710 794; x_wconf 88' lang='lat' dir='ltr'>Ne</span> <span class='ocrx_word' id='word_1_53' title='bbox 743 766 813 794; x_wconf 88' lang='lat' dir='ltr'>me</span> <span class='ocrx_word' id='word_1_54' title='bbox 843 751 1032 809; x_wconf 82' lang='lat' dir='ltr'>Crispini</span> <span class='ocrx_word' id='word_1_55' title='bbox 1064 754 1222 796; x_wconf 80' lang='lat' dir='ltr'>scrinia</span> <span class='ocrx_word' id='word_1_56' title='bbox 1250 753 1359 810; x_wconf 88' lang='lat' dir='ltr'>lippi</span> 
     </span>
    </p>
   </div>
   <div class='ocr_carea' id='block_1_7' title="bbox 1579 754 1663 797">
    <p class='ocr_par' dir='ltr' id='par_1_9' title="bbox 1579 754 1663 797">
     <span class='ocr_line' id='line_1_11' title="bbox 1579 754 1663 797; baseline 0.024 -2"><span class='ocrx_word' id='word_1_57' title='bbox 1579 754 1663 797; x_wconf 82' lang='lat'>120</span> 
     </span>
    </p>
   </div>
   <div class='ocr_carea' id='block_1_8' title="bbox 215 822 1452 880">
    <p class='ocr_par' dir='ltr' id='par_1_10' title="bbox 215 822 1452 880">
     <span class='ocr_line' id='line_1_12' title="bbox 215 822 1452 880; baseline 0.002 -16"><span class='ocrx_word' id='word_1_58' title='bbox 215 841 217 843; x_wconf 96' lang='lat'>·</span> <span class='ocrx_word' id='word_1_59' title='bbox 263 822 531 879; x_wconf 80' lang='lat' dir='ltr'>Compilasse</span> <span class='ocrx_word' id='word_1_60' title='bbox 562 827 710 879; x_wconf 89' lang='lat' dir='ltr'>putes,</span> <span class='ocrx_word' id='word_1_61' title='bbox 742 822 920 865; x_wconf 80' lang='lat' dir='ltr'>verbum</span> <span class='ocrx_word' id='word_1_62' title='bbox 951 838 1037 866; x_wconf 90' lang='lat' dir='ltr'>non</span> <span class='ocrx_word' id='word_1_63' title='bbox 1068 824 1251 880; x_wconf 78' lang='lat' dir='ltr'>amplius</span> <span class='ocrx_word' id='word_1_64' title='bbox 1283 823 1452 868; x_wconf 77' lang='lat' dir='ltr'><strong>addam.</strong></span> 
     </span>
    </p>
   </div>
   <div class='ocr_carea' id='block_1_9' title="bbox 239 952 1009 994">
    <p class='ocr_par' dir='ltr' id='par_1_11' title="bbox 239 952 1009 994">
     <span class='ocr_line' id='line_1_13' title="bbox 239 952 1009 994; baseline 0.001 -7"><span class='ocrx_word' id='word_1_65' title='bbox 239 954 317 987; x_wconf 86' lang='lat'>120.</span> <span class='ocrx_word' id='word_1_66' title='bbox 345 953 482 994; x_wconf 74' lang='lat' dir='ltr'>lippum</span> <span class='ocrx_word' id='word_1_67' title='bbox 509 963 529 987; x_wconf 84' lang='lat' dir='ltr'>c</span> <span class='ocrx_word' id='word_1_68' title='bbox 556 953 776 988; x_wconf 79' lang='lat' dir='ltr'>coniectura</span> <span class='ocrx_word' id='word_1_69' title='bbox 800 952 1009 988; x_wconf 82' lang='lat' dir='ltr'>Bentleius.</span> 
     </span>
    </p>
   </div>
   <div class='ocr_carea' id='block_1_10' title="bbox 135 1065 880 1962">
    <p class='ocr_par' dir='ltr' id='par_1_12' title="bbox 135 1065 879 1962">
     <span class='ocr_line' id='line_1_14' title="bbox 142 1065 878 1110; baseline -0.001 -11"><span class='ocrx_word' id='word_1_70' title='bbox 142 1066 243 1108; x_wconf 81' lang='lat' dir='ltr'>rato,</span> <span class='ocrx_word' id='word_1_71' title='bbox 280 1075 414 1099; x_wconf 86' lang='lat' dir='ltr'>rursus</span> <span class='ocrx_word' id='word_1_72' title='bbox 454 1065 721 1110; x_wconf 75' lang='lat' dir='ltr'>sequentem3⁴⁶</span> <span class='ocrx_word' id='word_1_73' title='bbox 759 1067 878 1105; x_wconf 77' lang='lat' dir='ltr'>jetzt</span> 
     </span>
     <span class='ocr_line' id='line_1_15' title="bbox 141 1113 880 1155; baseline 0 -9"><span class='ocrx_word' id='word_1_74' title='bbox 141 1113 245 1154; x_wconf 82' lang='lat' dir='ltr'>den,</span> <span class='ocrx_word' id='word_1_75' title='bbox 285 1113 437 1154; x_wconf 72' lang='lat' dir='ltr'>oteich</span> <span class='ocrx_word' id='word_1_76' title='bbox 462 1113 645 1155; x_wconf 72' lang='lat' dir='ltr'>darauf</span> <span class='ocrx_word' id='word_1_77' title='bbox 673 1114 759 1146; x_wconf 80' lang='lat' dir='ltr'>den</span> <span class='ocrx_word' id='word_1_78' title='bbox 782 1113 880 1146; x_wconf 84' lang='lat' dir='ltr'>Fot-</span> 
     </span>
     <span class='ocr_line' id='line_1_16' title="bbox 142 1160 878 1203; baseline 0.001 -11"><span class='ocrx_word' id='word_1_79' title='bbox 142 1161 333 1202; x_wconf 75' lang='lat' dir='ltr'>aenden.</span> <span class='ocrx_word' id='word_1_80' title='bbox 378 1179 420 1184; x_wconf 43' lang='grc' dir='ltr'>-κ</span> <span class='ocrx_word' id='word_1_81' title='bbox 465 1162 522 1194; x_wconf 78' lang='lat' dir='ltr'>Sic</span> <span class='ocrx_word' id='word_1_82' title='bbox 563 1161 753 1202; x_wconf 72' lang='lat' dir='ltr'>festinanti</span> <span class='ocrx_word' id='word_1_83' title='bbox 794 1160 878 1203; x_wconf 68' lang='lat' dir='ltr'>cet]</span> 
     </span>
     <span class='ocr_line' id='line_1_17' title="bbox 142 1206 879 1252; baseline 0.004 -13"><span class='ocrx_word' id='word_1_84' title='bbox 142 1206 233 1250; x_wconf 82' lang='lat' dir='ltr'>„Ei,</span> <span class='ocrx_word' id='word_1_85' title='bbox 260 1207 324 1252; x_wconf 91' lang='lat' dir='ltr'>qui</span> <span class='ocrx_word' id='word_1_86' title='bbox 350 1207 406 1241; x_wconf 88' lang='lat' dir='ltr'>sic</span> <span class='ocrx_word' id='word_1_87' title='bbox 430 1207 476 1241; x_wconf 82' lang='lat' dir='ltr'>ad</span> <span class='ocrx_word' id='word_1_88' title='bbox 501 1207 654 1242; x_wconf 81' lang='lat' dir='ltr'>divitias</span> <span class='ocrx_word' id='word_1_89' title='bbox 677 1207 879 1252; x_wconf 79' lang='lat' dir='ltr'>ampliores</span> 
     </span>
     <span class='ocr_line' id='line_1_18' title="bbox 141 1254 877 1299; baseline 0.001 -11"><span class='ocrx_word' id='word_1_90' title='bbox 141 1254 353 1296; x_wconf 81' lang='lat' dir='ltr'>contendit,</span> <span class='ocrx_word' id='word_1_91' title='bbox 388 1266 534 1299; x_wconf 87' lang='lat' dir='ltr'>semper</span> <span class='ocrx_word' id='word_1_92' title='bbox 560 1254 659 1289; x_wconf 80' lang='lat' dir='ltr'>alius</span> <span class='ocrx_word' id='word_1_93' title='bbox 685 1255 796 1290; x_wconf 83' lang='lat' dir='ltr'>etiam</span> <span class='ocrx_word' id='word_1_94' title='bbox 823 1255 877 1289; x_wconf 92' lang='lat' dir='ltr'>lo-</span> 
     </span>
     <span class='ocr_line' id='line_1_19' title="bbox 140 1302 876 1346; baseline 0 -10"><span class='ocrx_word' id='word_1_95' title='bbox 140 1302 327 1346; x_wconf 72' lang='lat' dir='ltr'>cupletior</span> <span class='ocrx_word' id='word_1_96' title='bbox 353 1302 392 1335; x_wconf 89' lang='lat' dir='ltr'>in</span> <span class='ocrx_word' id='word_1_97' title='bbox 418 1303 549 1336; x_wconf 88' lang='lat' dir='ltr'>oculos</span> <span class='ocrx_word' id='word_1_98' title='bbox 575 1302 739 1336; x_wconf 83' lang='lat' dir='ltr'>incurrit</span> <span class='ocrx_word' id='word_1_99' title='bbox 763 1305 876 1346; x_wconf 82' lang='lat' dir='ltr'>atque</span> 
     </span>
     <span class='ocr_line' id='line_1_20' title="bbox 138 1349 875 1389; baseline 0.001 -7"><span class='ocrx_word' id='word_1_100' title='bbox 138 1349 321 1383; x_wconf 81' lang='lat' dir='ltr'>molestus</span> <span class='ocrx_word' id='word_1_101' title='bbox 347 1352 435 1383; x_wconf 78' lang='lat' dir='ltr'>est.“</span> <span class='ocrx_word' id='word_1_102' title='bbox 457 1369 500 1374; x_wconf 86' lang='lat'>—</span> <span class='ocrx_word' id='word_1_103' title='bbox 522 1352 580 1389; x_wconf 86' lang='lat' dir='ltr'>Ut,</span> <span class='ocrx_word' id='word_1_104' title='bbox 614 1358 694 1383; x_wconf 81' lang='lat' dir='ltr'>cum</span> <span class='ocrx_word' id='word_1_105' title='bbox 720 1352 875 1383; x_wconf 78' lang='lat' dir='ltr'>carceri-</span> 
     </span>
     <span class='ocr_line' id='line_1_21' title="bbox 139 1396 874 1442; baseline 0.003 -13"><span class='ocrx_word' id='word_1_106' title='bbox 139 1397 205 1429; x_wconf 79' lang='lat' dir='ltr'>bus</span> <span class='ocrx_word' id='word_1_107' title='bbox 231 1396 317 1439; x_wconf 88' lang='lat' dir='ltr'>cet.]</span> <span class='ocrx_word' id='word_1_108' title='bbox 345 1396 488 1431; x_wconf 84' lang='lat' dir='ltr'>Versus</span> <span class='ocrx_word' id='word_1_109' title='bbox 527 1397 662 1442; x_wconf 81' lang='lat' dir='ltr'>utique</span> <span class='ocrx_word' id='word_1_110' title='bbox 699 1397 874 1431; x_wconf 86' lang='lat' dir='ltr'>heroicus</span> 
     </span>
     <span class='ocr_line' id='line_1_22' title="bbox 138 1441 875 1479; baseline 0.003 -2"><span class='ocrx_word' id='word_1_111' title='bbox 138 1441 349 1478; x_wconf 85' lang='lat' dir='ltr'>Kirchnero</span> <span class='ocrx_word' id='word_1_112' title='bbox 384 1448 421 1478; x_wconf 89' lang='lat' dir='ltr'>et</span> <span class='ocrx_word' id='word_1_113' title='bbox 445 1444 609 1478; x_wconf 76' lang='lat' dir='ltr'>Frankio</span> <span class='ocrx_word' id='word_1_114' title='bbox 641 1444 791 1479; x_wconf 82' lang='lat' dir='ltr'>videtur</span> <span class='ocrx_word' id='word_1_115' title='bbox 822 1445 875 1479; x_wconf 84' lang='lat' dir='ltr'>fe·</span> 
     </span>
     <span class='ocr_line' id='line_1_23' title="bbox 139 1491 872 1537; baseline 0.001 -12"><span class='ocrx_word' id='word_1_116' title='bbox 139 1491 235 1525; x_wconf 79' lang='lat' dir='ltr'>stiva</span> <span class='ocrx_word' id='word_1_117' title='bbox 258 1491 415 1535; x_wconf 78' lang='lat' dir='ltr'>pai-odia</span> <span class='ocrx_word' id='word_1_118' title='bbox 439 1492 640 1537; x_wconf 77' lang='lat' dir='ltr'>Virgiliani</span> <span class='ocrx_word' id='word_1_119' title='bbox 674 1492 780 1526; x_wconf 90' lang='lat' dir='ltr'>illius</span> <span class='ocrx_word' id='word_1_120' title='bbox 807 1491 872 1526; x_wconf 88' lang='lat' dir='ltr'>Ge.</span> 
     </span>
     <span class='ocr_line' id='line_1_24' title="bbox 140 1540 873 1580; baseline 0.001 -9"><span class='ocrx_word' id='word_1_121' title='bbox 140 1541 173 1580; x_wconf 88' lang='lat'>1,</span> <span class='ocrx_word' id='word_1_122' title='bbox 191 1540 277 1571; x_wconf 81' lang='lat'>512:</span> <span class='ocrx_word' id='word_1_123' title='bbox 307 1541 346 1572; x_wconf 76' lang='grc' dir='ltr'>ω</span> <span class='ocrx_word' id='word_1_124' title='bbox 365 1547 445 1572; x_wconf 83' lang='lat' dir='ltr'>cum</span> <span class='ocrx_word' id='word_1_125' title='bbox 463 1541 668 1573; x_wconf 77' lang='lat' dir='ltr'>carceribus</span> <span class='ocrx_word' id='word_1_126' title='bbox 690 1548 768 1573; x_wconf 78' lang='lat' dir='ltr'>sese</span> <span class='ocrx_word' id='word_1_127' title='bbox 787 1542 873 1580; x_wconf 81' lang='lat' dir='ltr'>effu-</span> 
     </span>
     <span class='ocr_line' id='line_1_25' title="bbox 138 1587 872 1628; baseline -0.001 -9"><span class='ocrx_word' id='word_1_128' title='bbox 138 1587 224 1619; x_wconf 76' lang='lat' dir='ltr'>dere</span> <span class='ocrx_word' id='word_1_129' title='bbox 246 1587 461 1628; x_wconf 73' lang='lat' dir='ltr'>quadriqae.</span> <span class='ocrx_word' id='word_1_130' title='bbox 489 1605 532 1611; x_wconf 94' lang='lat'>—</span> <span class='ocrx_word' id='word_1_131' title='bbox 558 1588 684 1620; x_wconf 73' lang='lat' dir='ltr'>missos</span> <span class='ocrx_word' id='word_1_132' title='bbox 709 1604 724 1611; x_wconf 92' lang='lat'>-</span> <span class='ocrx_word' id='word_1_133' title='bbox 749 1603 766 1610; x_wconf 93' lang='lat'><em>—</em></span> <span class='ocrx_word' id='word_1_134' title='bbox 790 1595 872 1619; x_wconf 79' lang='lat' dir='ltr'>cur-</span> 
     </span>
     <span class='ocr_line' id='line_1_26' title="bbox 137 1632 873 1676; baseline 0.001 -11"><span class='ocrx_word' id='word_1_135' title='bbox 137 1632 215 1675; x_wconf 84' lang='lat' dir='ltr'>rus]</span> <span class='ocrx_word' id='word_1_136' title='bbox 253 1633 399 1668; x_wconf 87' lang='lat' dir='ltr'>Ennius</span> <span class='ocrx_word' id='word_1_137' title='bbox 423 1634 522 1668; x_wconf 87' lang='lat' dir='ltr'>Ann.</span> <span class='ocrx_word' id='word_1_138' title='bbox 557 1637 595 1676; x_wconf 90' lang='lat'>1,</span> <span class='ocrx_word' id='word_1_139' title='bbox 631 1635 722 1667; x_wconf 83' lang='lat'>101:</span> <span class='ocrx_word' id='word_1_140' title='bbox 757 1634 873 1667; x_wconf 79' lang='lat' dir='ltr'>veluti</span> 
     </span>
     <span class='ocr_line' id='line_1_27' title="bbox 139 1681 871 1723; baseline 0.003 -11"><span class='ocrx_word' id='word_1_141' title='bbox 139 1681 282 1723; x_wconf 82' lang='lat' dir='ltr'>consul,</span> <span class='ocrx_word' id='word_1_142' title='bbox 321 1690 401 1714; x_wconf 86' lang='lat' dir='ltr'>cum</span> <span class='ocrx_word' id='word_1_143' title='bbox 432 1683 576 1714; x_wconf 75' lang='lat' dir='ltr'>mittere</span> <span class='ocrx_word' id='word_1_144' title='bbox 607 1682 753 1722; x_wconf 78' lang='lat' dir='ltr'>siqnum</span> <span class='ocrx_word' id='word_1_145' title='bbox 782 1682 871 1722; x_wconf 79' lang='lat' dir='ltr'>Vott,</span> 
     </span>
     <span class='ocr_line' id='line_1_28' title="bbox 139 1729 872 1770; baseline 0.003 -10"><span class='ocrx_word' id='word_1_146' title='bbox 139 1735 261 1761; x_wconf 76' lang='lat' dir='ltr'>omnes</span> <span class='ocrx_word' id='word_1_147' title='bbox 294 1730 394 1761; x_wconf 76' lang='lat' dir='ltr'><strong><em>avidi</em></strong></span> <span class='ocrx_word' id='word_1_148' title='bbox 431 1732 595 1770; x_wconf 82' lang='lat' dir='ltr'>spectant</span> <span class='ocrx_word' id='word_1_149' title='bbox 629 1730 678 1762; x_wconf 86' lang='lat' dir='ltr'>ad</span> <span class='ocrx_word' id='word_1_150' title='bbox 714 1729 872 1762; x_wconf 75' lang='lat' dir='ltr'>carceris</span> 
     </span>
     <span class='ocr_line' id='line_1_29' title="bbox 138 1776 872 1817; baseline 0.003 -9"><span class='ocrx_word' id='word_1_151' title='bbox 138 1783 240 1815; x_wconf 80' lang='lat' dir='ltr'>oras,</span> <span class='ocrx_word' id='word_1_152' title='bbox 275 1776 395 1816; x_wconf 80' lang='lat' dir='ltr'>Quam</span> <span class='ocrx_word' id='word_1_153' title='bbox 418 1785 505 1810; x_wconf 75' lang='lat' dir='ltr'>mox</span> <span class='ocrx_word' id='word_1_154' title='bbox 531 1777 669 1809; x_wconf 79' lang='lat' dir='ltr'>emittat</span> <span class='ocrx_word' id='word_1_155' title='bbox 693 1777 799 1817; x_wconf 78' lang='lat' dir='ltr'>pictis</span> <span class='ocrx_word' id='word_1_156' title='bbox 826 1785 872 1810; x_wconf 79' lang='lat' dir='ltr'>ex</span> 
     </span>
     <span class='ocr_line' id='line_1_30' title="bbox 136 1823 870 1863; baseline 0.003 -9"><span class='ocrx_word' id='word_1_157' title='bbox 136 1823 299 1863; x_wconf 75' lang='lat' dir='ltr'>saucibu&#39;</span> <span class='ocrx_word' id='word_1_158' title='bbox 330 1832 469 1857; x_wconf 79' lang='lat' dir='ltr'>currus.</span> <span class='ocrx_word' id='word_1_159' title='bbox 509 1843 551 1847; x_wconf 97' lang='lat'><strong>—</strong></span> <span class='ocrx_word' id='word_1_160' title='bbox 589 1824 696 1856; x_wconf 72' lang='lat' dir='ltr'>illum</span> <span class='ocrx_word' id='word_1_161' title='bbox 722 1825 870 1856; x_wconf 78' lang='lat' dir='ltr'>Praete-</span> 
     </span>
     <span class='ocr_line' id='line_1_31' title="bbox 135 1869 871 1915; baseline 0.004 -14"><span class='ocrx_word' id='word_1_162' title='bbox 135 1869 262 1911; x_wconf 78' lang='lat' dir='ltr'>ritum]</span> <span class='ocrx_word' id='word_1_163' title='bbox 291 1871 512 1915; x_wconf 79' lang='lat' dir='ltr'>„nurigam,“</span> <span class='ocrx_word' id='word_1_164' title='bbox 540 1874 581 1904; x_wconf 82' lang='lat' dir='ltr'>ut</span> <span class='ocrx_word' id='word_1_165' title='bbox 598 1871 871 1915; x_wconf 81' lang='lat' dir='ltr'>interpretatur</span> 
     </span>
     <span class='ocr_line' id='line_1_32' title="bbox 137 1915 870 1962; baseline 0.001 -13"><span class='ocrx_word' id='word_1_166' title='bbox 137 1915 309 1958; x_wconf 76' lang='lat' dir='ltr'>Vossius,</span> <span class='ocrx_word' id='word_1_167' title='bbox 328 1928 401 1950; x_wconf 85' lang='lat' dir='ltr'>non</span> <span class='ocrx_word' id='word_1_168' title='bbox 423 1920 617 1962; x_wconf 72' lang='lat' dir='ltr'>„equum-‘⁴</span> <span class='ocrx_word' id='word_1_169' title='bbox 636 1917 753 1952; x_wconf 82' lang='lat' dir='ltr'>Recte</span> <span class='ocrx_word' id='word_1_170' title='bbox 771 1918 870 1952; x_wconf 87' lang='lat' dir='ltr'>enim</span> 
     </span>
    </p>
   </div>
   <div class='ocr_carea' id='block_1_11' title="bbox 136 1962 896 2008">
    <p class='ocr_par' dir='ltr' id='par_1_13' title="bbox 136 1962 896 2008">
     <span class='ocr_line' id='line_1_33' title="bbox 136 1962 896 2008; baseline 0.004 -12"><span class='ocrx_word' id='word_1_171' title='bbox 136 1962 403 1997; x_wconf 83' lang='lat' dir='ltr'>Funkhaenel:</span> <span class='ocrx_word' id='word_1_172' title='bbox 424 1964 588 2005; x_wconf 81' lang='lat' dir='ltr'>„Plurali</span> <span class='ocrx_word' id='word_1_173' title='bbox 608 1976 765 1999; x_wconf 90' lang='lat' dir='ltr'>numero</span> <span class='ocrx_word' id='word_1_174' title='bbox 779 1975 870 1999; x_wconf 85' lang='lat' dir='ltr'>usus</span> <span class='ocrx_word' id='word_1_175' title='bbox 891 2004 896 2008; x_wconf 21' lang='lat' dir='ltr'><em>q</em></span> 
     </span>
    </p>
   </div>
   <div class='ocr_carea' id='block_1_12' title="bbox 133 2012 871 2762">
    <p class='ocr_par' dir='ltr' id='par_1_14' title="bbox 133 2012 871 2762">
     <span class='ocr_line' id='line_1_34' title="bbox 137 2012 870 2057; baseline 0.003 -13"><span class='ocrx_word' id='word_1_176' title='bbox 137 2014 235 2044; x_wconf 83' lang='lat' dir='ltr'>esset</span> <span class='ocrx_word' id='word_1_177' title='bbox 252 2014 374 2055; x_wconf 69' lang='lat' dir='ltr'>poeta,</span> <span class='ocrx_word' id='word_1_178' title='bbox 401 2012 430 2044; x_wconf 87' lang='lat' dir='ltr'>si</span> <span class='ocrx_word' id='word_1_179' title='bbox 458 2022 574 2056; x_wconf 86' lang='lat' dir='ltr'>equos</span> <span class='ocrx_word' id='word_1_180' title='bbox 601 2012 870 2057; x_wconf 56' lang='lat' dir='ltr'>significa-esen</span> 
     </span>
     <span class='ocr_line' id='line_1_35' title="bbox 136 2058 871 2104; baseline 0.003 -13"><span class='ocrx_word' id='word_1_181' title='bbox 136 2060 248 2102; x_wconf 81' lang='lat' dir='ltr'>atque</span> <span class='ocrx_word' id='word_1_182' title='bbox 272 2058 354 2102; x_wconf 86' lang='lat' dir='ltr'>ipsa</span> <span class='ocrx_word' id='word_1_183' title='bbox 373 2060 600 2103; x_wconf 77' lang='lat' dir='ltr'>comparatio</span> <span class='ocrx_word' id='word_1_184' title='bbox 625 2060 802 2104; x_wconf 78' lang='lat' dir='ltr'>postulat,</span> <span class='ocrx_word' id='word_1_185' title='bbox 829 2063 871 2093; x_wconf 88' lang='lat' dir='ltr'>ut</span> 
     </span>
     <span class='ocr_line' id='line_1_36' title="bbox 137 2106 867 2152; baseline 0.004 -14"><span class='ocrx_word' id='word_1_186' title='bbox 137 2108 341 2139; x_wconf 74' lang='lat' dir='ltr'>certantem</span> <span class='ocrx_word' id='word_1_187' title='bbox 376 2106 543 2151; x_wconf 81' lang='lat' dir='ltr'>aurigam</span> <span class='ocrx_word' id='word_1_188' title='bbox 578 2107 867 2152; x_wconf 83' lang='lat' dir='ltr'>intelligamus.“</span> 
     </span>
     <span class='ocr_line' id='line_1_37' title="bbox 137 2152 869 2195; baseline 0.006 -11"><span class='ocrx_word' id='word_1_189' title='bbox 137 2170 180 2176; x_wconf 92' lang='lat'>—</span> <span class='ocrx_word' id='word_1_190' title='bbox 208 2152 381 2195; x_wconf 76' lang='lat' dir='ltr'>temnens]</span> <span class='ocrx_word' id='word_1_191' title='bbox 420 2153 528 2187; x_wconf 84' lang='lat' dir='ltr'>Haud</span> <span class='ocrx_word' id='word_1_192' title='bbox 562 2165 647 2188; x_wconf 77' lang='lat' dir='ltr'>raro</span> <span class='ocrx_word' id='word_1_193' title='bbox 679 2155 752 2188; x_wconf 89' lang='lat' dir='ltr'>hoc</span> <span class='ocrx_word' id='word_1_194' title='bbox 783 2154 869 2188; x_wconf 87' lang='lat' dir='ltr'>sim-</span> 
     </span>
     <span class='ocr_line' id='line_1_38' title="bbox 135 2199 868 2247; baseline 0.006 -16"><span class='ocrx_word' id='word_1_195' title='bbox 135 2199 226 2243; x_wconf 85' lang='lat' dir='ltr'>plici</span> <span class='ocrx_word' id='word_1_196' title='bbox 253 2200 365 2234; x_wconf 86' lang='lat' dir='ltr'>verbo</span> <span class='ocrx_word' id='word_1_197' title='bbox 393 2203 551 2234; x_wconf 83' lang='lat' dir='ltr'>utuntur</span> <span class='ocrx_word' id='word_1_198' title='bbox 578 2205 722 2246; x_wconf 71' lang='lat' dir='ltr'>poetae.</span> <span class='ocrx_word' id='word_1_199' title='bbox 761 2201 868 2247; x_wconf 86' lang='lat' dir='ltr'>Virg.</span> 
     </span>
     <span class='ocr_line' id='line_1_39' title="bbox 134 2246 868 2290; baseline 0.003 -11"><span class='ocrx_word' id='word_1_200' title='bbox 134 2246 228 2279; x_wconf 82' lang='lat' dir='ltr'>Aen.</span> <span class='ocrx_word' id='word_1_201' title='bbox 259 2249 412 2288; x_wconf 74' lang='lat'>1,542:</span> <span class='ocrx_word' id='word_1_202' title='bbox 452 2250 491 2281; x_wconf 75' lang='lat' dir='ltr'>Si</span> <span class='ocrx_word' id='word_1_203' title='bbox 524 2258 634 2290; x_wconf 75' lang='lat' dir='ltr'>qemts</span> <span class='ocrx_word' id='word_1_204' title='bbox 670 2251 868 2282; x_wconf 74' lang='lat' dir='ltr'>humanum</span> 
     </span>
     <span class='ocr_line' id='line_1_40' title="bbox 137 2295 867 2339; baseline 0.006 -13"><span class='ocrx_word' id='word_1_205' title='bbox 137 2296 169 2326; x_wconf 84' lang='lat' dir='ltr'>et</span> <span class='ocrx_word' id='word_1_206' title='bbox 195 2295 369 2326; x_wconf 75' lang='lat' dir='ltr'>mortalia</span> <span class='ocrx_word' id='word_1_207' title='bbox 394 2297 550 2328; x_wconf 75' lang='lat' dir='ltr'>temnitis</span> <span class='ocrx_word' id='word_1_208' title='bbox 575 2305 693 2329; x_wconf 84' lang='lat' dir='ltr'>arma.</span> <span class='ocrx_word' id='word_1_209' title='bbox 721 2299 754 2339; x_wconf 87' lang='grc'>6,</span> <span class='ocrx_word' id='word_1_210' title='bbox 780 2298 867 2330; x_wconf 79' lang='lat'>620:</span> 
     </span>
     <span class='ocr_line' id='line_1_41' title="bbox 134 2341 869 2377; baseline 0.004 -3"><span class='ocrx_word' id='word_1_211' title='bbox 134 2341 269 2374; x_wconf 76' lang='lat' dir='ltr'>Discite</span> <span class='ocrx_word' id='word_1_212' title='bbox 316 2343 492 2375; x_wconf 73' lang='lat' dir='ltr'>iustittam</span> <span class='ocrx_word' id='word_1_213' title='bbox 539 2345 668 2376; x_wconf 79' lang='lat' dir='ltr'>moniti</span> <span class='ocrx_word' id='word_1_214' title='bbox 715 2346 747 2376; x_wconf 81' lang='lat' dir='ltr'>et</span> <span class='ocrx_word' id='word_1_215' title='bbox 794 2352 869 2377; x_wconf 80' lang='lat' dir='ltr'>non</span> 
     </span>
     <span class='ocr_line' id='line_1_42' title="bbox 136 2389 866 2433; baseline 0.007 -14"><span class='ocrx_word' id='word_1_216' title='bbox 136 2389 295 2421; x_wconf 77' lang='lat' dir='ltr'>temnere</span> <span class='ocrx_word' id='word_1_217' title='bbox 320 2389 431 2421; x_wconf 76' lang='lat' dir='ltr'>divos.</span> <span class='ocrx_word' id='word_1_218' title='bbox 480 2389 523 2422; x_wconf 90' lang='lat' dir='ltr'>In</span> <span class='ocrx_word' id='word_1_219' title='bbox 551 2401 664 2433; x_wconf 80' lang='lat' dir='ltr'>prosa.</span> <span class='ocrx_word' id='word_1_220' title='bbox 697 2391 866 2424; x_wconf 77' lang='lat' dir='ltr'>oratione</span> 
     </span>
     <span class='ocr_line' id='line_1_43' title="bbox 135 2434 803 2478; baseline 0.007 -12"><span class='ocrx_word' id='word_1_221' title='bbox 135 2434 274 2478; x_wconf 85' lang='lat' dir='ltr'>legitur</span> <span class='ocrx_word' id='word_1_222' title='bbox 300 2435 398 2478; x_wconf 81' lang='lat' dir='ltr'>apud</span> <span class='ocrx_word' id='word_1_223' title='bbox 426 2435 540 2469; x_wconf 83' lang='lat' dir='ltr'>Tacit.</span> <span class='ocrx_word' id='word_1_224' title='bbox 566 2436 662 2470; x_wconf 86' lang='lat' dir='ltr'>Hist.</span> <span class='ocrx_word' id='word_1_225' title='bbox 690 2439 722 2477; x_wconf 87' lang='lat'>3,</span> <span class='ocrx_word' id='word_1_226' title='bbox 748 2439 803 2471; x_wconf 82' lang='lat'>47.</span> 
     </span>
     <span class='ocr_line' id='line_1_44' title="bbox 186 2483 867 2526; baseline 0.006 -12"><span class='ocrx_word' id='word_1_227' title='bbox 186 2483 267 2515; x_wconf 83' lang='grc'>117-</span> <span class='ocrx_word' id='word_1_228' title='bbox 272 2483 350 2515; x_wconf 81' lang='lat'>121.</span> <span class='ocrx_word' id='word_1_229' title='bbox 387 2484 475 2515; x_wconf 80' lang='lat' dir='ltr'>Inde</span> <span class='ocrx_word' id='word_1_230' title='bbox 499 2484 537 2524; x_wconf 68' lang='lat' dir='ltr'>lit</span> <span class='ocrx_word' id='word_1_231' title='bbox 565 2484 649 2526; x_wconf 82' lang='lat' dir='ltr'>cet.]</span> <span class='ocrx_word' id='word_1_232' title='bbox 689 2483 867 2525; x_wconf 79' lang='lat' dir='ltr'>„Maxime</span> 
     </span>
     <span class='ocr_line' id='line_1_45' title="bbox 133 2529 867 2572; baseline 0.004 -11"><span class='ocrx_word' id='word_1_233' title='bbox 133 2532 287 2572; x_wconf 77' lang='lat' dir='ltr'>propter</span> <span class='ocrx_word' id='word_1_234' title='bbox 313 2529 486 2562; x_wconf 86' lang='lat' dir='ltr'>insanum</span> <span class='ocrx_word' id='word_1_235' title='bbox 513 2530 584 2563; x_wconf 83' lang='lat' dir='ltr'>hoc</span> <span class='ocrx_word' id='word_1_236' title='bbox 603 2534 747 2565; x_wconf 73' lang='lat' dir='ltr'>ceteros</span> <span class='ocrx_word' id='word_1_237' title='bbox 774 2532 867 2564; x_wconf 87' lang='lat' dir='ltr'>divi-</span> 
     </span>
     <span class='ocr_line' id='line_1_46' title="bbox 134 2575 866 2620; baseline 0.005 -12"><span class='ocrx_word' id='word_1_238' title='bbox 134 2575 197 2609; x_wconf 88' lang='lat' dir='ltr'>tiis</span> <span class='ocrx_word' id='word_1_239' title='bbox 223 2576 425 2620; x_wconf 79' lang='lat' dir='ltr'>superandi</span> <span class='ocrx_word' id='word_1_240' title='bbox 453 2577 614 2610; x_wconf 81' lang='lat' dir='ltr'>studium</span> <span class='ocrx_word' id='word_1_241' title='bbox 643 2578 701 2619; x_wconf 85' lang='lat' dir='ltr'>fit,</span> <span class='ocrx_word' id='word_1_242' title='bbox 726 2582 767 2611; x_wconf 88' lang='lat' dir='ltr'>ut</span> <span class='ocrx_word' id='word_1_243' title='bbox 793 2582 866 2612; x_wconf 83' lang='lat' dir='ltr'>tam</span> 
     </span>
     <span class='ocr_line' id='line_1_47' title="bbox 134 2623 866 2668; baseline 0.005 -13"><span class='ocrx_word' id='word_1_244' title='bbox 134 2633 219 2656; x_wconf 84' lang='lat' dir='ltr'>raro</span> <span class='ocrx_word' id='word_1_245' title='bbox 258 2623 512 2663; x_wconf 81' lang='lat' dir='ltr'>inveniamus,</span> <span class='ocrx_word' id='word_1_246' title='bbox 554 2625 619 2668; x_wconf 90' lang='lat' dir='ltr'>qui</span> <span class='ocrx_word' id='word_1_247' title='bbox 657 2635 789 2668; x_wconf 82' lang='lat' dir='ltr'>reapse</span> <span class='ocrx_word' id='word_1_248' title='bbox 827 2637 866 2659; x_wconf 86' lang='lat' dir='ltr'>se</span> 
     </span>
     <span class='ocr_line' id='line_1_48' title="bbox 136 2669 866 2705; baseline 0.004 -3"><span class='ocrx_word' id='word_1_249' title='bbox 136 2669 284 2703; x_wconf 81' lang='lat' dir='ltr'>beatum</span> <span class='ocrx_word' id='word_1_250' title='bbox 317 2670 511 2704; x_wconf 83' lang='lat' dir='ltr'>existimet.</span> <span class='ocrx_word' id='word_1_251' title='bbox 518 2671 535 2687; x_wconf 74' lang='lat'>⁴⁴·</span> <span class='ocrx_word' id='word_1_252' title='bbox 563 2690 608 2694; x_wconf 93' lang='lat'>—</span> <span class='ocrx_word' id='word_1_253' title='bbox 633 2673 689 2704; x_wconf 82' lang='lat' dir='ltr'>uti</span> <span class='ocrx_word' id='word_1_254' title='bbox 714 2673 866 2705; x_wconf 81' lang='lat' dir='ltr'>conviva</span> 
     </span>
     <span class='ocr_line' id='line_1_49' title="bbox 133 2716 866 2762; baseline 0.005 -13"><span class='ocrx_word' id='word_1_255' title='bbox 133 2716 253 2759; x_wconf 79' lang='lat' dir='ltr'>satur]</span> <span class='ocrx_word' id='word_1_256' title='bbox 284 2716 504 2752; x_wconf 83' lang='lat' dir='ltr'>Aristoteles</span> <span class='ocrx_word' id='word_1_257' title='bbox 530 2717 629 2762; x_wconf 79' lang='lat' dir='ltr'>apud</span> <span class='ocrx_word' id='word_1_258' title='bbox 654 2716 801 2753; x_wconf 80' lang='lat' dir='ltr'>Maxim.</span> <span class='ocrx_word' id='word_1_259' title='bbox 827 2722 866 2753; x_wconf 87' lang='lat' dir='ltr'>et</span> 
     </span>
    </p>
   </div>
   <div class='ocr_carea' id='block_1_13' title="bbox 927 1062 1666 1118">
    <p class='ocr_par' dir='ltr' id='par_1_15' title="bbox 927 1062 1666 1118">
     <span class='ocr_line' id='line_1_50' title="bbox 927 1062 1666 1118; baseline 0.003 -20"><span class='ocrx_word' id='word_1_260' title='bbox 927 1064 1064 1099; x_wconf 83' lang='lat' dir='ltr'>Anton.</span> <span class='ocrx_word' id='word_1_261' title='bbox 1092 1075 1129 1118; x_wconf 85' lang='lat' dir='ltr'>p</span> <span class='ocrx_word' id='word_1_262' title='bbox 1154 1066 1245 1099; x_wconf 82' lang='grc'><strong>878.</strong></span> <span class='ocrx_word' id='word_1_263' title='bbox 1274 1062 1337 1099; x_wconf 76' lang='grc' dir='ltr'>Ἐκ</span> <span class='ocrx_word' id='word_1_264' title='bbox 1363 1062 1431 1100; x_wconf 78' lang='grc' dir='ltr'>τοῦ</span> <span class='ocrx_word' id='word_1_265' title='bbox 1453 1064 1544 1106; x_wconf 83' lang='grc' dir='ltr'><em>βίου</em></span> <span class='ocrx_word' id='word_1_266' title='bbox 1567 1062 1666 1113; x_wconf 79' lang='grc' dir='ltr'><em>κρά-</em></span> 
     </span>
    </p>
   </div>
   <div class='ocr_carea' id='block_1_14' title="bbox 919 1109 1664 1167">
    <p class='ocr_par' dir='ltr' id='par_1_16' title="bbox 919 1109 1664 1167">
     <span class='ocr_line' id='line_1_51' title="bbox 919 1109 1664 1167; baseline 0.001 -21"><span class='ocrx_word' id='word_1_267' title='bbox 919 1109 1059 1147; x_wconf 75' lang='grc' dir='ltr'>,τιστόν</span> <span class='ocrx_word' id='word_1_268' title='bbox 1091 1113 1194 1146; x_wconf 76' lang='grc' dir='ltr'>ἐστιν</span> <span class='ocrx_word' id='word_1_269' title='bbox 1226 1111 1393 1155; x_wconf 75' lang='grc' dir='ltr'>ἐξελθεῖν</span> <span class='ocrx_word' id='word_1_270' title='bbox 1422 1124 1475 1155; x_wconf 89' lang='grc' dir='ltr'>ως</span> <span class='ocrx_word' id='word_1_271' title='bbox 1510 1124 1664 1167; x_wconf 74' lang='grc' dir='ltr'><em>συμπο-</em></span> 
     </span>
    </p>
   </div>
   <div class='ocr_carea' id='block_1_15' title="bbox 925 1156 1661 1312">
    <p class='ocr_par' dir='ltr' id='par_1_17' title="bbox 925 1156 1661 1312">
     <span class='ocr_line' id='line_1_52' title="bbox 929 1156 1661 1204; baseline 0.004 -12"><span class='ocrx_word' id='word_1_272' title='bbox 929 1161 1027 1199; x_wconf 86' lang='grc' dir='ltr'><em>σίου</em></span> <span class='ocrx_word' id='word_1_273' title='bbox 1039 1156 1138 1203; x_wconf 83' lang='grc' dir='ltr'><em>μήτε</em></span> <span class='ocrx_word' id='word_1_274' title='bbox 1150 1158 1337 1201; x_wconf 76' lang='grc' dir='ltr'>διψῶντα,</span> <span class='ocrx_word' id='word_1_275' title='bbox 1349 1157 1661 1204; x_wconf 59' lang='grc' dir='ltr'>μήτεμειποντα.</span> 
     </span>
     <span class='ocr_line' id='line_1_53' title="bbox 925 1207 1660 1253; baseline 0.004 -13"><span class='ocrx_word' id='word_1_276' title='bbox 925 1207 1111 1253; x_wconf 79' lang='lat' dir='ltr'>Anonym.</span> <span class='ocrx_word' id='word_1_277' title='bbox 1137 1207 1236 1252; x_wconf 76' lang='lat' dir='ltr'>apud</span> <span class='ocrx_word' id='word_1_278' title='bbox 1262 1207 1566 1243; x_wconf 75' lang='lat' dir='ltr'>Stob.Gesnne1-i</span> <span class='ocrx_word' id='word_1_279' title='bbox 1591 1207 1660 1243; x_wconf 77' lang='lat' dir='ltr'>Ed.</span> 
     </span>
     <span class='ocr_line' id='line_1_54' title="bbox 926 1253 1660 1312; baseline 0.001 -24"><span class='ocrx_word' id='word_1_280' title='bbox 926 1253 1056 1300; x_wconf 82' lang='lat' dir='ltr'>Tigur.</span> <span class='ocrx_word' id='word_1_281' title='bbox 1077 1257 1177 1290; x_wconf 78' lang='grc'><strong>1559.</strong></span> <span class='ocrx_word' id='word_1_282' title='bbox 1194 1266 1231 1299; x_wconf 87' lang='lat' dir='ltr'>p.</span> <span class='ocrx_word' id='word_1_283' title='bbox 1251 1258 1313 1289; x_wconf 88' lang='grc'>19·</span> <span class='ocrx_word' id='word_1_284' title='bbox 1325 1253 1476 1312; x_wconf 55' lang='grc' dir='ltr'><strong><em>Ὥσπερ</em></strong></span> <span class='ocrx_word' id='word_1_285' title='bbox 1499 1257 1542 1289; x_wconf 72' lang='grc' dir='ltr'>ἐκ</span> <span class='ocrx_word' id='word_1_286' title='bbox 1560 1266 1660 1300; x_wconf 85' lang='grc' dir='ltr'><strong><em>συμ-</em></strong></span> 
     </span>
    </p>
   </div>
   <div class='ocr_carea' id='block_1_16' title="bbox 908 1300 1660 1346">
    <p class='ocr_par' dir='ltr' id='par_1_18' title="bbox 908 1300 1660 1346">
     <span class='ocr_line' id='line_1_55' title="bbox 908 1300 1660 1346; baseline 0.004 -12"><span class='ocrx_word' id='word_1_287' title='bbox 908 1304 1067 1336; x_wconf 79' lang='lat' dir='ltr'>·:·lootov</span> <span class='ocrx_word' id='word_1_288' title='bbox 1103 1300 1392 1346; x_wconf 69' lang='grc' dir='ltr'><em>απαλλαΐΐοίίαι</em></span> <span class='ocrx_word' id='word_1_289' title='bbox 1425 1301 1536 1336; x_wconf 65' lang='grc' dir='ltr'><em>Ουδὲν</em></span> <span class='ocrx_word' id='word_1_290' title='bbox 1567 1302 1660 1337; x_wconf 74' lang='grc' dir='ltr'><em>δυσ·</em></span> 
     </span>
    </p>
   </div>
   <div class='ocr_carea' id='block_1_17' title="bbox 914 1345 1661 2763">
    <p class='ocr_par' dir='ltr' id='par_1_19' title="bbox 914 1345 1661 2763">
     <span class='ocr_line' id='line_1_56' title="bbox 924 1345 1658 1406; baseline 0.003 -24"><span class='ocrx_word' id='word_1_291' title='bbox 924 1351 1123 1406; x_wconf 57' lang='lat' dir='ltr'>nepai-vens</span> <span class='ocrx_word' id='word_1_292' title='bbox 1157 1345 1258 1383; x_wconf 64' lang='grc' dir='ltr'><strong>οὕτω</strong></span> <span class='ocrx_word' id='word_1_293' title='bbox 1289 1351 1356 1384; x_wconf 77' lang='grc' dir='ltr'>καὶ</span> <span class='ocrx_word' id='word_1_294' title='bbox 1388 1349 1432 1383; x_wconf 81' lang='grc' dir='ltr'>ἐκ</span> <span class='ocrx_word' id='word_1_295' title='bbox 1463 1350 1532 1385; x_wconf 80' lang='grc' dir='ltr'>τοῦ</span> <span class='ocrx_word' id='word_1_296' title='bbox 1555 1349 1658 1390; x_wconf 66' lang='grc' dir='ltr'>βίου,</span> 
     </span>
     <span class='ocr_line' id='line_1_57' title="bbox 922 1392 1661 1442; baseline 0.001 -12"><span class='ocrx_word' id='word_1_297' title='bbox 922 1392 1019 1431; x_wconf 82' lang='grc' dir='ltr'><em>ὅταν</em></span> <span class='ocrx_word' id='word_1_298' title='bbox 1043 1394 1067 1441; x_wconf 81' lang='grc' dir='ltr'><em>ἦ</em></span> <span class='ocrx_word' id='word_1_299' title='bbox 1091 1394 1173 1441; x_wconf 75' lang='grc' dir='ltr'>ὥρα</span> <span class='ocrx_word' id='word_1_300' title='bbox 1188 1410 1226 1442; x_wconf 83' lang='grc' dir='ltr'>ῃ.</span> <span class='ocrx_word' id='word_1_301' title='bbox 1251 1396 1404 1432; x_wconf 81' lang='lat' dir='ltr'>Lucret.</span> <span class='ocrx_word' id='word_1_302' title='bbox 1422 1399 1456 1440; x_wconf 83' lang='lat'>3,</span> <span class='ocrx_word' id='word_1_303' title='bbox 1473 1399 1561 1431; x_wconf 82' lang='grc'><strong>951.</strong></span> <span class='ocrx_word' id='word_1_304' title='bbox 1586 1400 1661 1432; x_wconf 74' lang='lat' dir='ltr'>Cur</span> 
     </span>
     <span class='ocr_line' id='line_1_58' title="bbox 923 1446 1656 1487; baseline 0.003 -10"><span class='ocrx_word' id='word_1_305' title='bbox 923 1453 1007 1486; x_wconf 76' lang='lat' dir='ltr'>non,</span> <span class='ocrx_word' id='word_1_306' title='bbox 1032 1447 1074 1478; x_wconf 81' lang='lat' dir='ltr'>ut</span> <span class='ocrx_word' id='word_1_307' title='bbox 1095 1446 1230 1486; x_wconf 77' lang='lat' dir='ltr'>plenus</span> <span class='ocrx_word' id='word_1_308' title='bbox 1252 1446 1350 1479; x_wconf 68' lang='grc' dir='ltr'>υκαι</span> <span class='ocrx_word' id='word_1_309' title='bbox 1376 1446 1534 1487; x_wconf 76' lang='lat' dir='ltr'>conviva,</span> <span class='ocrx_word' id='word_1_310' title='bbox 1558 1453 1656 1480; x_wconf 74' lang='lat' dir='ltr'>rece-</span> 
     </span>
     <span class='ocr_line' id='line_1_59' title="bbox 922 1492 1657 1536; baseline 0.003 -12"><span class='ocrx_word' id='word_1_311' title='bbox 922 1492 977 1525; x_wconf 77' lang='lat' dir='ltr'>dis</span> <span class='ocrx_word' id='word_1_312' title='bbox 993 1493 1118 1533; x_wconf 79' lang='lat' dir='ltr'>Aequo</span> <span class='ocrx_word' id='word_1_313' title='bbox 1135 1493 1334 1533; x_wconf 69' lang='lat' dir='ltr'>animoque</span> <span class='ocrx_word' id='word_1_314' title='bbox 1355 1493 1456 1534; x_wconf 70' lang='lat' dir='ltr'>capis</span> <span class='ocrx_word' id='word_1_315' title='bbox 1478 1501 1657 1536; x_wconf 77' lang='lat' dir='ltr'>securam,</span> 
     </span>
     <span class='ocr_line' id='line_1_60' title="bbox 919 1539 1655 1582; baseline 0.001 -10"><span class='ocrx_word' id='word_1_316' title='bbox 919 1540 1047 1578; x_wconf 71' lang='lat' dir='ltr'>stulte,</span> <span class='ocrx_word' id='word_1_317' title='bbox 1074 1541 1255 1580; x_wconf 79' lang='lat' dir='ltr'>quietem?</span> <span class='ocrx_word' id='word_1_318' title='bbox 1281 1558 1324 1563; x_wconf 93' lang='lat'><em>-</em></span> <span class='ocrx_word' id='word_1_319' title='bbox 1351 1539 1520 1582; x_wconf 72' lang='lat' dir='ltr'>Crispini]</span> <span class='ocrx_word' id='word_1_320' title='bbox 1546 1539 1655 1580; x_wconf 71' lang='lat' dir='ltr'>,Phi-</span> 
     </span>
     <span class='ocr_line' id='line_1_61' title="bbox 921 1585 1657 1631; baseline 0.003 -12"><span class='ocrx_word' id='word_1_321' title='bbox 921 1586 1070 1630; x_wconf 90' lang='lat' dir='ltr'>losophi</span> <span class='ocrx_word' id='word_1_322' title='bbox 1088 1586 1281 1620; x_wconf 78' lang='lat' dir='ltr'>cuiusdam</span> <span class='ocrx_word' id='word_1_323' title='bbox 1307 1585 1564 1631; x_wconf 79' lang='lat' dir='ltr'>loquacissimi</span> <span class='ocrx_word' id='word_1_324' title='bbox 1590 1597 1657 1621; x_wconf 86' lang='lat' dir='ltr'>no·</span> 
     </span>
     <span class='ocr_line' id='line_1_62' title="bbox 919 1631 1656 1680; baseline 0.001 -13"><span class='ocrx_word' id='word_1_325' title='bbox 919 1643 1025 1675; x_wconf 84' lang='lat' dir='ltr'>men,</span> <span class='ocrx_word' id='word_1_326' title='bbox 1064 1634 1130 1678; x_wconf 87' lang='lat' dir='ltr'>qui</span> <span class='ocrx_word' id='word_1_327' title='bbox 1162 1631 1396 1680; x_wconf 77' lang='grc' dir='ltr'><em>ἀρετάλογος</em></span> <span class='ocrx_word' id='word_1_328' title='bbox 1427 1633 1551 1667; x_wconf 71' lang='lat' dir='ltr'>dictus</span> <span class='ocrx_word' id='word_1_329' title='bbox 1575 1636 1656 1678; x_wconf 52' lang='grc' dir='ltr'>θεὶς</span> 
     </span>
     <span class='ocr_line' id='line_1_63' title="bbox 921 1680 1656 1724; baseline 0.003 -10"><span class='ocrx_word' id='word_1_330' title='bbox 921 1680 1072 1724; x_wconf 84' lang='lat' dir='ltr'>scripsit</span> <span class='ocrx_word' id='word_1_331' title='bbox 1121 1681 1233 1715; x_wconf 76' lang='lat' dir='ltr'>etiam</span> <span class='ocrx_word' id='word_1_332' title='bbox 1275 1691 1408 1714; x_wconf 79' lang='lat' dir='ltr'>versus</span> <span class='ocrx_word' id='word_1_333' title='bbox 1450 1680 1503 1715; x_wconf 87' lang='lat' dir='ltr'>-de</span> <span class='ocrx_word' id='word_1_334' title='bbox 1552 1684 1656 1716; x_wconf 70' lang='lat' dir='ltr'>secta</span> 
     </span>
     <span class='ocr_line' id='line_1_64' title="bbox 920 1726 1653 1770; baseline 0 -8"><span class='ocrx_word' id='word_1_335' title='bbox 920 1726 1080 1762; x_wconf 53' lang='grc' dir='ltr'>διοίσω*</span> <span class='ocrx_word' id='word_1_336' title='bbox 1107 1727 1250 1762; x_wconf 73' lang='lat' dir='ltr'>Senot..</span> <span class='ocrx_word' id='word_1_337' title='bbox 1273 1729 1442 1770; x_wconf 78' lang='lat' dir='ltr'>Ineptum</span> <span class='ocrx_word' id='word_1_338' title='bbox 1456 1730 1566 1762; x_wconf 77' lang='lat' dir='ltr'>vocat</span> <span class='ocrx_word' id='word_1_339' title='bbox 1579 1727 1653 1762; x_wconf 79' lang='lat' dir='ltr'>Sat.</span> 
     </span>
     <span class='ocr_line' id='line_1_65' title="bbox 922 1775 1653 1819; baseline 0.003 -11"><span class='ocrx_word' id='word_1_340' title='bbox 922 1778 960 1816; x_wconf 90' lang='lat'>1,</span> <span class='ocrx_word' id='word_1_341' title='bbox 986 1777 1018 1818; x_wconf 85' lang='lat'>3,</span> <span class='ocrx_word' id='word_1_342' title='bbox 1046 1777 1124 1809; x_wconf 82' lang='lat'>138.</span> <span class='ocrx_word' id='word_1_343' title='bbox 1152 1775 1227 1809; x_wconf 82' lang='lat' dir='ltr'>Cfr.</span> <span class='ocrx_word' id='word_1_344' title='bbox 1254 1775 1330 1809; x_wconf 70' lang='lat' dir='ltr'>Sat.</span> <span class='ocrx_word' id='word_1_345' title='bbox 1359 1778 1395 1816; x_wconf 89' lang='lat'>1,</span> <span class='ocrx_word' id='word_1_346' title='bbox 1420 1778 1454 1818; x_wconf 83' lang='lat'>4,</span> <span class='ocrx_word' id='word_1_347' title='bbox 1482 1778 1535 1808; x_wconf 88' lang='lat'>14.</span> <span class='ocrx_word' id='word_1_348' title='bbox 1562 1777 1595 1818; x_wconf 85' lang='lat'>2,</span> <span class='ocrx_word' id='word_1_349' title='bbox 1620 1776 1653 1819; x_wconf 77' lang='lat'>7,</span> 
     </span>
     <span class='ocr_line' id='line_1_66' title="bbox 919 1822 1653 1867; baseline 0.001 -12"><span class='ocrx_word' id='word_1_350' title='bbox 919 1824 977 1855; x_wconf 78' lang='lat'>⁴5.</span> <span class='ocrx_word' id='word_1_351' title='bbox 1012 1841 1054 1846; x_wconf 93' lang='lat'>—-</span> <span class='ocrx_word' id='word_1_352' title='bbox 1092 1823 1194 1866; x_wconf 78' lang='lat' dir='ltr'>lippi]</span> <span class='ocrx_word' id='word_1_353' title='bbox 1244 1822 1335 1856; x_wconf 86' lang='lat' dir='ltr'>Cum</span> <span class='ocrx_word' id='word_1_354' title='bbox 1377 1823 1459 1867; x_wconf 88' lang='lat' dir='ltr'>ipse</span> <span class='ocrx_word' id='word_1_355' title='bbox 1501 1833 1653 1867; x_wconf 82' lang='lat' dir='ltr'>quoque</span> 
     </span>
     <span class='ocr_line' id='line_1_67' title="bbox 918 1869 1653 1915; baseline 0.001 -12"><span class='ocrx_word' id='word_1_356' title='bbox 918 1869 1098 1904; x_wconf 84' lang='lat' dir='ltr'>Horatius</span> <span class='ocrx_word' id='word_1_357' title='bbox 1123 1870 1314 1904; x_wconf 78' lang='lat' dir='ltr'>interdum</span> <span class='ocrx_word' id='word_1_358' title='bbox 1341 1869 1467 1915; x_wconf 84' lang='lat' dir='ltr'>lippus</span> <span class='ocrx_word' id='word_1_359' title='bbox 1501 1869 1593 1912; x_wconf 79' lang='lat' dir='ltr'>(Sat.</span> <span class='ocrx_word' id='word_1_360' title='bbox 1620 1872 1653 1913; x_wconf 85' lang='lat'>1,</span> 
     </span>
     <span class='ocr_line' id='line_1_68' title="bbox 919 1917 1652 1959; baseline 0 -9"><span class='ocrx_word' id='word_1_361' title='bbox 919 1918 961 1959; x_wconf 81' lang='lat'>5,</span> <span class='ocrx_word' id='word_1_362' title='bbox 986 1919 1031 1950; x_wconf 87' lang='lat'>30</span> <span class='ocrx_word' id='word_1_363' title='bbox 1057 1920 1094 1951; x_wconf 89' lang='lat' dir='ltr'>et</span> <span class='ocrx_word' id='word_1_364' title='bbox 1118 1918 1200 1958; x_wconf 78' lang='lat'><strong>49.)</strong></span> <span class='ocrx_word' id='word_1_365' title='bbox 1239 1920 1358 1959; x_wconf 82' lang='lat' dir='ltr'>esset,</span> <span class='ocrx_word' id='word_1_366' title='bbox 1394 1917 1530 1951; x_wconf 77' lang='lat' dir='ltr'>festiva</span> <span class='ocrx_word' id='word_1_367' title='bbox 1565 1917 1601 1951; x_wconf 88' lang='lat' dir='ltr'>h.</span> <span class='ocrx_word' id='word_1_368' title='bbox 1625 1917 1652 1951; x_wconf 87' lang='lat'>1.</span> 
     </span>
     <span class='ocr_line' id='line_1_69' title="bbox 918 1963 1652 2008; baseline 0.001 -11"><span class='ocrx_word' id='word_1_369' title='bbox 918 1964 959 1998; x_wconf 87' lang='lat' dir='ltr'>in</span> <span class='ocrx_word' id='word_1_370' title='bbox 997 1967 1113 1998; x_wconf 84' lang='lat' dir='ltr'>semet</span> <span class='ocrx_word' id='word_1_371' title='bbox 1145 1964 1265 2008; x_wconf 84' lang='lat' dir='ltr'>ipsum</span> <span class='ocrx_word' id='word_1_372' title='bbox 1300 1965 1424 1998; x_wconf 80' lang='lat' dir='ltr'>ironia</span> <span class='ocrx_word' id='word_1_373' title='bbox 1456 1963 1652 2000; x_wconf 84' lang='lat' dir='ltr'>nonnullis</span> 
     </span>
     <span class='ocr_line' id='line_1_70' title="bbox 918 2010 1652 2046; baseline -0.001 -1"><span class='ocrx_word' id='word_1_374' title='bbox 918 2021 1010 2046; x_wconf 84' lang='lat' dir='ltr'>usus</span> <span class='ocrx_word' id='word_1_375' title='bbox 1034 2012 1194 2045; x_wconf 81' lang='lat' dir='ltr'>videtur.</span> <span class='ocrx_word' id='word_1_376' title='bbox 1240 2011 1316 2045; x_wconf 82' lang='lat' dir='ltr'>Cfr.</span> <span class='ocrx_word' id='word_1_377' title='bbox 1343 2011 1495 2045; x_wconf 90' lang='lat' dir='ltr'>omnino</span> <span class='ocrx_word' id='word_1_378' title='bbox 1519 2010 1652 2045; x_wconf 81' lang='lat' dir='ltr'>Iacobs</span> 
     </span>
     <span class='ocr_line' id='line_1_71' title="bbox 918 2057 1652 2103; baseline 0 -11"><span class='ocrx_word' id='word_1_379' title='bbox 918 2057 1037 2093; x_wconf 81' lang='lat' dir='ltr'>Lectt.</span> <span class='ocrx_word' id='word_1_380' title='bbox 1056 2058 1197 2093; x_wconf 74' lang='lat' dir='ltr'>Venus.</span> <span class='ocrx_word' id='word_1_381' title='bbox 1222 2070 1258 2103; x_wconf 91' lang='lat' dir='ltr'>p.</span> <span class='ocrx_word' id='word_1_382' title='bbox 1279 2060 1459 2099; x_wconf 78' lang='lat'>305-317.,</span> <span class='ocrx_word' id='word_1_383' title='bbox 1483 2058 1548 2103; x_wconf 88' lang='lat' dir='ltr'>qui</span> <span class='ocrx_word' id='word_1_384' title='bbox 1574 2057 1652 2093; x_wconf 80' lang='lat'>110-</span> 
     </span>
     <span class='ocr_line' id='line_1_72' title="bbox 918 2105 1651 2149; baseline -0.003 -9"><span class='ocrx_word' id='word_1_385' title='bbox 918 2106 1005 2140; x_wconf 80' lang='lat' dir='ltr'>ratii</span> <span class='ocrx_word' id='word_1_386' title='bbox 1030 2109 1191 2140; x_wconf 85' lang='lat' dir='ltr'>mentem</span> <span class='ocrx_word' id='word_1_387' title='bbox 1219 2106 1276 2140; x_wconf 86' lang='lat' dir='ltr'>sio</span> <span class='ocrx_word' id='word_1_388' title='bbox 1300 2105 1482 2149; x_wconf 81' lang='lat' dir='ltr'>explicat:</span> <span class='ocrx_word' id='word_1_389' title='bbox 1510 2106 1581 2147; x_wconf 73' lang='lat' dir='ltr'>„Es</span> <span class='ocrx_word' id='word_1_390' title='bbox 1605 2106 1651 2139; x_wconf 73' lang='lat' dir='ltr'>ist</span> 
     </span>
     <span class='ocr_line' id='line_1_73' title="bbox 916 2153 1652 2195; baseline -0.003 -8"><span class='ocrx_word' id='word_1_391' title='bbox 916 2155 1015 2195; x_wconf 83' lang='lat' dir='ltr'>Zeil,</span> <span class='ocrx_word' id='word_1_392' title='bbox 1053 2155 1137 2187; x_wconf 74' lang='lat' dir='ltr'>dass</span> <span class='ocrx_word' id='word_1_393' title='bbox 1169 2154 1228 2186; x_wconf 79' lang='lat' dir='ltr'>ich</span> <span class='ocrx_word' id='word_1_394' title='bbox 1261 2154 1437 2194; x_wconf 65' lang='lat' dir='ltr'>authore,</span> <span class='ocrx_word' id='word_1_395' title='bbox 1473 2161 1536 2186; x_wconf 84' lang='lat' dir='ltr'>um</span> <span class='ocrx_word' id='word_1_396' title='bbox 1571 2153 1652 2186; x_wconf 83' lang='lat' dir='ltr'>dem</span> 
     </span>
     <span class='ocr_line' id='line_1_74' title="bbox 919 2200 1650 2242; baseline -0.001 -8"><span class='ocrx_word' id='word_1_397' title='bbox 919 2202 1197 2242; x_wconf 70' lang='lat' dir='ltr'>leurzst&#39;chtiaen.</span> <span class='ocrx_word' id='word_1_398' title='bbox 1223 2209 1274 2233; x_wconf 78' lang='lat' dir='ltr'>an</span> <span class='ocrx_word' id='word_1_399' title='bbox 1298 2201 1425 2242; x_wconf 69' lang='lat' dir='ltr'>Auqen</span> <span class='ocrx_word' id='word_1_400' title='bbox 1449 2201 1527 2235; x_wconf 81' lang='lat' dir='ltr'>und</span> <span class='ocrx_word' id='word_1_401' title='bbox 1551 2200 1650 2234; x_wconf 69' lang='grc' dir='ltr'>θεῖσι</span> 
     </span>
     <span class='ocr_line' id='line_1_75' title="bbox 918 2247 1651 2290; baseline -0.001 -10"><span class='ocrx_word' id='word_1_402' title='bbox 918 2249 1048 2281; x_wconf 76' lang='grc' dir='ltr'>ῡίίῑάεη</span> <span class='ocrx_word' id='word_1_403' title='bbox 1073 2249 1232 2290; x_wconf 76' lang='lat' dir='ltr'>crispin,</span> <span class='ocrx_word' id='word_1_404' title='bbox 1269 2248 1351 2281; x_wconf 86' lang='lat' dir='ltr'>dem</span> <span class='ocrx_word' id='word_1_405' title='bbox 1381 2248 1440 2280; x_wconf 78' lang='lat' dir='ltr'>ich</span> <span class='ocrx_word' id='word_1_406' title='bbox 1469 2255 1508 2280; x_wconf 71' lang='lat' dir='ltr'>so</span> <span class='ocrx_word' id='word_1_407' title='bbox 1540 2247 1651 2280; x_wconf 73' lang='lat' dir='ltr'>sehon</span> 
     </span>
     <span class='ocr_line' id='line_1_76' title="bbox 915 2291 1647 2335; baseline -0.005 -6"><span class='ocrx_word' id='word_1_408' title='bbox 915 2304 987 2328; x_wconf 75' lang='lat' dir='ltr'>von</span> <span class='ocrx_word' id='word_1_409' title='bbox 1014 2304 1147 2329; x_wconf 77' lang='lat' dir='ltr'>aussem</span> <span class='ocrx_word' id='word_1_410' title='bbox 1171 2297 1210 2327; x_wconf 82' lang='lat' dir='ltr'>in</span> <span class='ocrx_word' id='word_1_411' title='bbox 1235 2298 1345 2327; x_wconf 71' lang='lat' dir='ltr'>etwas</span> <span class='ocrx_word' id='word_1_412' title='bbox 1372 2294 1525 2335; x_wconf 73' lang='lat' dir='ltr'>aleiche,</span> <span class='ocrx_word' id='word_1_413' title='bbox 1550 2291 1647 2333; x_wconf 67' lang='grc' dir='ltr'>τιὴ-Μ</span> 
     </span>
     <span class='ocr_line' id='line_1_77' title="bbox 917 2341 1648 2381; baseline -0.005 -5"><span class='ocrx_word' id='word_1_414' title='bbox 917 2345 1012 2376; x_wconf 80' lang='lat' dir='ltr'>auch</span> <span class='ocrx_word' id='word_1_415' title='bbox 1043 2344 1134 2376; x_wconf 78' lang='lat' dir='ltr'>noch</span> <span class='ocrx_word' id='word_1_416' title='bbox 1163 2344 1203 2374; x_wconf 73' lang='lat' dir='ltr'>in</span> <span class='ocrx_word' id='word_1_417' title='bbox 1228 2343 1362 2375; x_wconf 79' lang='lat' dir='ltr'>breiter</span> <span class='ocrx_word' id='word_1_418' title='bbox 1386 2341 1648 2381; x_wconf 71' lang='lat' dir='ltr'>Geschwtitzt’q-</span> 
     </span>
     <span class='ocr_line' id='line_1_78' title="bbox 917 2387 1648 2432; baseline -0.004 -9"><span class='ocrx_word' id='word_1_419' title='bbox 917 2391 988 2423; x_wconf 70' lang='lat' dir='ltr'>keil</span> <span class='ocrx_word' id='word_1_420' title='bbox 1006 2391 1123 2432; x_wconf 73' lang='lat' dir='ltr'>oleich</span> <span class='ocrx_word' id='word_1_421' title='bbox 1138 2397 1183 2422; x_wconf 74' lang='lat' dir='ltr'>zu</span> <span class='ocrx_word' id='word_1_422' title='bbox 1198 2390 1353 2422; x_wconf 82' lang='lat' dir='ltr'>werden.</span> <span class='ocrx_word' id='word_1_423' title='bbox 1358 2388 1376 2406; x_wconf 81' lang='lat'>“</span> <span class='ocrx_word' id='word_1_424' title='bbox 1403 2387 1543 2421; x_wconf 87' lang='lat' dir='ltr'>Verum</span> <span class='ocrx_word' id='word_1_425' title='bbox 1566 2387 1648 2421; x_wconf 80' lang='lat' dir='ltr'>fieri</span> 
     </span>
     <span class='ocr_line' id='line_1_79' title="bbox 915 2433 1649 2481; baseline -0.004 -10"><span class='ocrx_word' id='word_1_426' title='bbox 915 2441 1052 2481; x_wconf 80' lang='lat' dir='ltr'>potest,</span> <span class='ocrx_word' id='word_1_427' title='bbox 1068 2440 1119 2470; x_wconf 89' lang='lat' dir='ltr'>-ut</span> <span class='ocrx_word' id='word_1_428' title='bbox 1143 2436 1188 2469; x_wconf 90' lang='lat' dir='ltr'>de</span> <span class='ocrx_word' id='word_1_429' title='bbox 1214 2436 1311 2469; x_wconf 78' lang='lat' dir='ltr'>brevi</span> <span class='ocrx_word' id='word_1_430' title='bbox 1335 2445 1404 2468; x_wconf 78' lang='lat' dir='ltr'>sua</span> <span class='ocrx_word' id='word_1_431' title='bbox 1421 2433 1649 2481; x_wconf 78' lang='lat' dir='ltr'>lippitudine</span> 
     </span>
     <span class='ocr_line' id='line_1_80' title="bbox 917 2481 1647 2528; baseline -0.004 -10"><span class='ocrx_word' id='word_1_432' title='bbox 917 2485 977 2518; x_wconf 86' lang='lat' dir='ltr'>hic</span> <span class='ocrx_word' id='word_1_433' title='bbox 1003 2495 1050 2518; x_wconf 90' lang='lat' dir='ltr'>ne</span> <span class='ocrx_word' id='word_1_434' title='bbox 1077 2483 1250 2528; x_wconf 80' lang='lat' dir='ltr'>cogitarit</span> <span class='ocrx_word' id='word_1_435' title='bbox 1274 2482 1441 2526; x_wconf 87' lang='lat' dir='ltr'>quidem,</span> <span class='ocrx_word' id='word_1_436' title='bbox 1474 2481 1541 2515; x_wconf 88' lang='lat' dir='ltr'>sed</span> <span class='ocrx_word' id='word_1_437' title='bbox 1566 2484 1647 2515; x_wconf 78' lang='lat' dir='ltr'>tan-</span> 
     </span>
     <span class='ocr_line' id='line_1_81' title="bbox 915 2527 1646 2566; baseline -0.005 -2"><span class='ocrx_word' id='word_1_438' title='bbox 915 2535 993 2565; x_wconf 84' lang='lat' dir='ltr'>tum</span> <span class='ocrx_word' id='word_1_439' title='bbox 1028 2532 1074 2566; x_wconf 91' lang='lat' dir='ltr'>de</span> <span class='ocrx_word' id='word_1_440' title='bbox 1107 2530 1269 2564; x_wconf 83' lang='lat' dir='ltr'>hominis</span> <span class='ocrx_word' id='word_1_441' title='bbox 1305 2528 1442 2563; x_wconf 87' lang='lat' dir='ltr'>insulsi</span> <span class='ocrx_word' id='word_1_442' title='bbox 1474 2529 1572 2563; x_wconf 79' lang='lat' dir='ltr'>facie</span> <span class='ocrx_word' id='word_1_443' title='bbox 1605 2527 1646 2560; x_wconf 85' lang='lat' dir='ltr'>in</span> 
     </span>
     <span class='ocr_line' id='line_1_82' title="bbox 915 2574 1646 2612; baseline -0.007 0"><span class='ocrx_word' id='word_1_444' title='bbox 915 2579 1064 2612; x_wconf 89' lang='lat' dir='ltr'>modum</span> <span class='ocrx_word' id='word_1_445' title='bbox 1099 2578 1234 2611; x_wconf 81' lang='lat' dir='ltr'>misere</span> <span class='ocrx_word' id='word_1_446' title='bbox 1265 2576 1467 2610; x_wconf 88' lang='lat' dir='ltr'>ridiculum</span> <span class='ocrx_word' id='word_1_447' title='bbox 1492 2574 1646 2609; x_wconf 76' lang='lat' dir='ltr'>assiduo</span> 
     </span>
     <span class='ocr_line' id='line_1_83' title="bbox 915 2622 1646 2668; baseline -0.007 -9"><span class='ocrx_word' id='word_1_448' title='bbox 915 2626 981 2659; x_wconf 89' lang='lat' dir='ltr'>illo</span> <span class='ocrx_word' id='word_1_449' title='bbox 1015 2626 1112 2659; x_wconf 78' lang='lat' dir='ltr'>malo</span> <span class='ocrx_word' id='word_1_450' title='bbox 1139 2625 1355 2668; x_wconf 73' lang='lat' dir='ltr'>deturpata,</span> <span class='ocrx_word' id='word_1_451' title='bbox 1394 2622 1544 2665; x_wconf 81' lang='lat' dir='ltr'>„oculis</span> <span class='ocrx_word' id='word_1_452' title='bbox 1576 2622 1646 2655; x_wconf 85' lang='lat' dir='ltr'>hu·</span> 
     </span>
     <span class='ocr_line' id='line_1_84' title="bbox 915 2667 1647 2714; baseline -0.005 -8"><span class='ocrx_word' id='word_1_453' title='bbox 915 2672 1035 2714; x_wconf 89' lang='lat' dir='ltr'>midis,</span> <span class='ocrx_word' id='word_1_454' title='bbox 1060 2672 1217 2714; x_wconf 86' lang='lat' dir='ltr'>rubidis,</span> <span class='ocrx_word' id='word_1_455' title='bbox 1236 2671 1394 2705; x_wconf 75' lang='lat' dir='ltr'>fortasse</span> <span class='ocrx_word' id='word_1_456' title='bbox 1412 2680 1458 2704; x_wconf 85' lang='lat' dir='ltr'>ex</span> <span class='ocrx_word' id='word_1_457' title='bbox 1470 2680 1540 2704; x_wconf 78' lang='lat' dir='ltr'>sua</span> <span class='ocrx_word' id='word_1_458' title='bbox 1556 2667 1647 2702; x_wconf 79' lang='lat' dir='ltr'>sede</span> 
     </span>
     <span class='ocr_line' id='line_1_85' title="bbox 914 2698 1646 2763; baseline -0.005 -9"><span class='ocrx_word' id='word_1_459' title='bbox 914 2719 1126 2763; x_wconf 83' lang='lat' dir='ltr'>propulsis,</span> <span class='ocrx_word' id='word_1_460' title='bbox 1164 2698 1384 2753; x_wconf 63' lang='lat' dir='ltr'>continuato</span> <span class='ocrx_word' id='word_1_461' title='bbox 1416 2717 1526 2759; x_wconf 82' lang='lat' dir='ltr'>fletu,</span> <span class='ocrx_word' id='word_1_462' title='bbox 1563 2725 1646 2750; x_wconf 71' lang='lat' dir='ltr'>car-</span> 
     </span>
    </p>
   </div>
  </div>
 </body>
</html>
