1774 2930
615 161 710 195 Lm.
732 161 762 195 1.
810 159 963 194 EPIST.
987 159 1087 193 vm.

1518 157 1603 199 319

212 263 371 308 Vivere
400 277 480 306 nec
508 266 624 305 recte
652 276 732 305 nec
763 262 973 315 suaviter3
1005 260 1120 303 haud
1149 260 1250 316 quia
1280 258 1441 315 grando

215 333 467 378 Contuderit
495 334 606 376 vites
637 334 859 389 oleamque
889 331 1164 374 momorderit
1194 334 1357 383 aestus,
1579 329 1603 370 5

212 405 304 448 Nec
334 405 435 462 quia
462 404 706 460 longinquis
738 407 976 446 armentum
1007 405 1199 458 aegrotet
1227 402 1272 443 in
1303 401 1440 456 agris;

215 475 303 519 Sed
333 476 433 532 quia
461 479 605 518 mente
636 476 777 516 minus
806 473 972 516 validus
1004 487 1131 529 quam
1161 486 1337 528 corpore
1365 475 1456 513 toto

212 545 286 588 Nil
316 546 462 589 audire
492 547 639 599 velim,
671 545 732 587 nil
762 545 945 597 discere,
978 543 1091 600 quod
1119 543 1234 586 levet
1264 556 1464 598 aegrum3

214 616 333 659 Fidis
366 617 556 660 offendar
586 616 782 669 medicis,
814 616 972 658 irascar
1003 615 1170 667 amicis,

217 687 304 730 Cur
333 703 402 730 me
432 688 602 730 funesto
633 690 862 743 properent
891 700 1036 728 arcere
1066 690 1265 738 vetern03

1552 682 1605 723 10

217 758 338 806 Quae
368 773 550 801 nocuere
581 772 754 814 sequar,
786 757 946 813 fugiam
977 771 1086 812 quae
1117 755 1287 812 profore
1318 753 1510 806 credam3

216 828 378 871 Romae
410 829 546 871 Tibur
575 842 715 871 amem
743 831 964 881 ventosus,
998 827 1159 869 Tibure
1189 826 1384 868 Romam.

194 966 228 997 5.
253 965 415 998 oleamve
440 974 486 998 ex
509 974 586 997 uno
612 963 702 999 cod.
726 963 932 1008 Reginensi
960 962 997 1007 (a
1021 973 1078 1007 pr.
1103 962 1168 1003 m.)
1194 960 1388 995 Bentleius
1413 962 1449 994 et
1473 959 1559 993 Fea.

149 1030 193 1034 —
218 1013 251 1045 6.
277 1012 374 1044 arvis
399 1010 545 1045 Veneta
578 1012 680 1045 1481.
706 1012 744 1044 et
768 1021 788 1044 e
814 1009 929 1044 Codd.
954 1009 1188 1043 Torrentius.

1220 1027 1267 1032 -—
1302 1010 1357 1042 12.
1386 1009 1560 1041 venturus

146 1058 215 1103 Ep,
239 1069 295 1102 pr.
320 1057 354 1100 d,
381 1057 496 1092 Oodd.
522 1057 668 1102 aliquot
694 1057 864 1102 Cruquii,
889 1057 998 1100 Feae,
1022 1056 1205 1090 Pottierii.

493 1119 507 1141 ἱ

99 1172 222 1208 πολλὰ
245 1177 312 1208 καὶ
335 1171 445 1208 καλά.
482 1175 558 1209 Cic.
576 1174 678 1209 Lael.
704 1178 737 1217 9,
764 1177 827 1209 30:

97 1224 276 1256 utilitates
293 1224 429 1256 multae
455 1225 487 1256 et
511 1231 679 1264 maanae.
701 1241 744 1246 --
762 1224 829 1254 πη·-

99 1270 262 1313 nantem]
299 1270 562 1314 „pollicentem
595 1280 638 1303 ac
670 1269 828 1303 molien-

101 1317 209 1350 tem.“
259 1316 345 1350 vid.
375 1316 423 1350 ad
458 1316 533 1350 Sat.
570 1318 610 1357 2,
648 1318 688 1358 3,
725 1319 758 1350 9.
784 1335 827 1339 -

101 1370 167 1395 nec
197 1365 292 1396 recte
316 1363 408 1406 cet.]
448 1374 554 1405 „non
587 1364 697 1396 nimis
732 1363 829 1396 bene

102 1419 162 1442 me
177 1409 316 1452 vivere,
340 1420 417 1443 ιιοιι
444 1410 533 1443 satis
557 1420 616 1443 me
641 1410 724 1454 ipso
743 1420 830 1443 con-

102 1457 248 1490 tentum
280 1467 382 1498 esse,
416 1460 617 1501 propterea
650 1466 721 1490 nec
744 1466 830 1490 sua-

101 1503 226 1536 m‘ler.“
252 1503 329 1537 Alii
352 1504 478 1537 minus
503 1506 588 1548 apte
606 1514 638 1536 v.
655 1506 752 1537 recte
770 1515 831 1538 ex-

101 1549 262 1593 plicant:
281 1551 512 1595 „sapientiae
526 1551 806 1585 convenienter.
811 1551 829 1568 ‘⁶

101 1596 194 1630 Adv.
218 1599 383 1631 suaviter
406 1598 579 1632 similiter
609 1601 830 1642 usurpatum

101 1643 217 1678 habes
243 1643 318 1678 Sat.
345 1645 384 1687 1,
410 1647 449 1687 9,
474 1648 508 1679 5.
535 1663 581 1669 —
578 1646 703 1678 haud
727 1645 830 1688 quia]

103 1692 356 1733 „seinamma
374 1670 473 1725 weil.
478 1693 496 1710 ⁴¹·
515 1711 561 1716 —
576 1694 717 1733 orando
742 1694 831 1726 Con-

101 1739 236 1771 tuam-it
251 1739 356 1782 vites]
381 1738 637 1782 Od.3,1,29:
660 1741 831 1773 verbera—

102 1787 162 1818 tae
175 1786 353 1826 oramine
370 1787 508 1820 vineae.
524 1805 567 1809 —
580 1787 830 1829 momorderit]

102 1831 151 1865 Et
174 1831 222 1865 de
245 1835 354 1866 aestu
377 1836 415 1866 et
437 1833 485 1866 de
510 1833 651 1878 frigore
681 1833 772 1875 (Sat.
798 1836 831 1876 2,

103 1881 138 1921 6,
161 1879 237 1922 45.)
261 1879 419 1923 dioitur3
442 1881 480 1913 h.
506 1880 531 1913 l.
555 1880 602 1914 de
625 1881 726 1914 foliis
751 1892 831 1914 are-

102 1925 213 1960 factis
229 1926 409 1972 bacisqne
426 1927 533 1961 ustis.
546 1946 594 1952 —
608 1928 828 1970 lonqinquis]

103 1971 154 2006 Ut
185 1972 319 2007 divites
351 1984 483 2027 greges
515 1975 704 2008 habebant
729 1975 830 2008 etin

106 2018 281 2053 Calabria
303 2022 342 2053 et
364 2021 405 2053 in
430 2021 554 2055 Gallia
570 2021 829 2065 Cisalpina.—

105 2065 219 2108 aort's]
249 2067 370 2110 „agris
394 2067 566 2111 pascuis‚·
557 2068 587 2086 '⁴‘
626 2070 670 2100 nt
693 2068 834 2102 divide-

106 2110 198 2144 bant
220 2122 330 2156 agros
355 2113 396 2146 in
419 2124 599 2157 pascuos,
623 2124 749 2156 arvos,
774 2126 834 2148 ar·

106 2157 258 2212 Ιιιιεὲοιι,
290 2159 467 2194 consitos.
518 2160 710 2201 „Aliorum
735 2163 835 2194 arvis

107 2205 233 2239 minus
263 2206 407 2250 placet,
444 2206 535 2251 quia
568 2215 659 2240 arva
683 2208 834 2251 proprie

105 2255 208 2332 3¹¹¹*
233 2263 330 2298 quae
352 2255 507 2287 arantur
532 2253 669 2298 segetis
687 2256 834 2288 causa.“

140 2306 226 2333 1:81.

154 2348 193 2380 7-
195 2348 251 2380 12.
269 2355 381 2388 quam
406 2355 556 2389 corpore
579 2348 668 2391 toto]
698 2358 835 2392 „-quae

106 2393 163 2426 vis
179 2394 349 2438 corporis
365 2405 453 2439 pars
469 2395 627 2429 validior
645 2397 702 2429 est
725 2406 836 2439 quam

106 2439 255 2475 animus
287 2452 406 2475 meus.
410 2442 428 2459 ‘⁴
454 2461 500 2466 —
525 2443 588 2476 Nil
619 2443 749 2476 audire
776 2452 836 2476 ve-

109 2487 182 2529 lim,
207 2489 263 2520 nil
285 2488 436 2532 discere]
462 2488 537 2523 Cfr.
554 2489 648 2534 Epp.
668 2492 700 2531 1,
720 2492 751 2531 1,
768 2491 834 2523 48:

107 2534 256 2568 Discere
280 2538 314 2569 et
338 2537 514 2569 audire„
498 2545 597 2569 -non
619 2538 700 2570 vis?
716 2555 759 2560 —
777 2538 837 2570 Fi-

108 2581 177 2623 dis]
206 2582 306 2626 „qui,
331 2585 373 2616 ut
396 2583 477 2637 ipse
501 2583 619 2627 probe
643 2585 734 2626 scio,
758 2595 835 2617 ma-

109 2625 186 2660 lum
209 2639 333 2663 meum
358 2629 460 2663 omni
483 2630 592 2664 modo
622 2630 748 2665 levare
774 2641 837 2664 vo-

109 2672 227 2708 lunt.“
276 2675 396 2718 (Idem
427 2677 506 2711 fere
531 2677 578 2711 de
603 2688 643 2712 se
667 2680 753 2722 post
776 2689 835 2712 re-

110 2718 226 2754 ditum
250 2732 297 2756 ex
319 2723 455 2758 itinere
478 2724 611 2759 Italico
634 2724 835 2759 Goethium

875 1174 1014 1208 dixisse
1065 1176 1170 1207 notat
1218 1173 1405 1207 Di'intzer:
1458 1173 1608 1214 „Metine

876 1223 1057 1263 Freunde,
1080 1223 1168 1254 statt
1186 1222 1280 1253 mich
1304 1229 1349 1253 zu
1374 1221 1511 1253 tr6sten
1533 1220 1609 1251 und

875 1270 1008 1302 wieder
1032 1277 1082 1301 an
1106 1269 1181 1300 sich
1205 1276 1249 1300 zu
1274 1268 1406 1309 sichen,
1438 1267 1610 1299 brachten

875 1317 968 1348 mich
1000 1323 1066 1348 zur
1093 1314 1379 1356 Verzweillunq.“
1429 1313 1525 1358 Opp.
1552 1316 1609 1347 36.

877 1374 912 1406 p.
939 1364 995 1396 92.
1022 1381 1065 1386 -
1093 1364 1164 1395 Cur
1196 1361 1275 1404 me]
1315 1361 1413 1394 idem
1449 1361 1530 1394 fere
1566 1372 1609 1395 ac

880 1412 1103 1453 „propterea
1136 1409 1279 1452 quod;“
1323 1408 1389 1442 sed
1425 1408 1523 1441 illud
1553 1412 1611 1442 est

878 1456 1096 1498 discrimen,
1113 1455 1215 1500 quod
1231 1456 1303 1489 hoc
1320 1456 1503 1489 rationem
1522 1456 1610 1489 sim·

877 1503 1029 1547 pliciter
1055 1503 1253 1548 significat,
1278 1503 1438 1537 alterum
1454 1502 1609 1536 ductum

878 1554 935 1584 est
952 1561 997 1584 ex
1014 1550 1158 1584 directa
1174 1550 1491 1595 interrogatione:
1522 1551 1611 1583 Cur-

876 1599 1111 1639 properatis?
1159 1597 1257 1630 Plin.
1290 1596 1384 1641 Epp.
1411 1599 1452 1639 3,
1478 1599 1519 1639 5,
1546 1600 1609 1631 16:

879 1646 1016 1686 Repeto
1048 1653 1105 1678 me
1138 1647 1343 1686 correptum
1374 1646 1420 1677 ab
1446 1653 1506 1687 eo,
1544 1654 1611 1678 cur

879 1693 1119 1725 ambularem.
1179 1691 1336 1725 Dixerat
1380 1692 1610 1726 avunculus:

881 1739 980 1780 „Cur
1005 1739 1154 1773 tandem
1180 1738 1349 1773 ambulas
1360 1739 1399 1771 ⁸?“
1439 1738 1514 1772 cfr.
1540 1738 1611 1773 od.

882 1789 913 1828 1,
939 1788 997 1828 33,
1022 1788 1056 1819 3.
1072 1805 1113 1810 —-
1129 1788 1270 1828 funesto
1295 1795 1421 1819 arcere
1445 1787 1611 1829 veterno]

879 1833 924 1867 V.
942 1841 1069 1867 arcere
1094 1843 1179 1867 cum
1204 1833 1366 1868 ablativo
1394 1833 1477 1867 sine
1502 1844 1610 1878 prse-

877 1891 957 1924 pos.
983 1890 1007 1914 a
1033 1881 1144 1915 etiam
1175 1881 1217 1914 in
1245 1891 1358 1924 prosa
1390 1883 1484 1914 orat.
1534 1881 1611 1915 Cic.

877 1927 1043 1972 Philipp.
1068 1929 1111 1970 5,
1138 1930 1201 1970 13,
1226 1930 1289 1961 37:
1323 1929 1458 1961 hostem
1491 1930 1611 1962 arcuit

880 1975 1019 2008 Gallia.
1045 1974 1103 2016 (A.
1116 1975 1158 2008 P.
1173 1977 1237 2008 64:
1263 1976 1454 2016 Neptunus
1479 1976 1610 2009 classes

880 2023 1112 2062 aquilonibus
1137 2023 1263 2064 arcet.)
1287 2021 1425 2056 Mentis
1444 2025 1612 2056 veternus

882 2079 1028 2102 marcor
1041 2071 1078 2102 et
1090 2071 1218 2113 torpor
1238 2072 1294 2102 est
1306 2069 1385 2111 ille,
1399 2079 1475 2113 quo
1487 2069 1612 2103 affecti

882 2115 978 2148 nihil
1002 2125 1145 2157 eorum,
1170 2126 1267 2159 quae
1288 2116 1398 2149 nobis
1414 2117 1613 2160 proposui-

882 2172 978 2203 mus,
994 2161 1177 2205 perficere
1195 2165 1307 2206 atque
1322 2162 1513 2196 elaborare
1527 2174 1613 2207 pos-

884 2218 1027 2242 sumus.
1064 2207 1170 2253 Virg.
1189 2208 1324 2254 Georg.
1343 2212 1375 2251 1,
1403 2211 1489 2243 123:
1514 2212 1612 2244 cuns

884 2263 1018 2288 acuens
1032 2257 1210 2288 mortalia
1226 2258 1349 2298 corda,
1375 2258 1450 2290 Nec
1469 2259 1612 2299 torpere

884 2303 989 2343 oravi
1001 2311 1132 2343 passus
1146 2311 1215 2336 sua
1230 2312 1346 2344 reama
1361 2306 1517 2337 veterno.
1536 2304 1612 2339 Cfr.

884 2348 960 2383 Sat.
978 2350 1011 2391 2,
1029 2351 1062 2392 3,
1080 2351 1159 2383 145.
1184 2351 1360 2384 Funestus
1377 2353 1503 2385 autem
1521 2351 1613 2386 dici-

883 2398 959 2439 tur,
976 2396 1076 2440 quia,
1094 2400 1136 2431 ut
1152 2397 1206 2431 ait
1218 2396 1350 2431 Celsus
1364 2400 1397 2440 3,
1410 2400 1479 2441 20.,
1495 2400 1536 2431 in
1548 2401 1613 2433 hoc

884 2443 1192 2489 (lethargicorum
1223 2445 1369 2487 morbo)
1401 2454 1548 2479 marcor
1579 2449 1612 2479 et

882 2491 1174 2532 inexplanabilis
1187 2501 1304 2533 paene
1329 2494 1534 2526 dormiendi
1549 2503 1612 2526 ne-

884 2539 1040 2572 cessitas.
1064 2535 1272 2586 Λήθαργον
1290 2540 1423 2573 Graeci
1446 2542 1613 2572 nomina-

882 2588 983 2618 runt.
1006 2586 1052 2618 Id
1076 2594 1219 2627 quoque
1244 2595 1356 2627 aeuus
1374 2589 1523 2619 acutum
1550 2590 1610 2628 est,

884 2634 928 2675 et,
945 2633 1016 2665 nisi
1027 2635 1263 2675 succurritur,
1278 2635 1443 2666 celeriter
1454 2635 1611 2674 iuqulat.

882 2680 1058 2720 supinum
1074 2681 1238 2714 animum
1255 2690 1339 2713 cum
1351 2681 1482 2713 stolido
1497 2683 1611 2714 veter-

883 2726 1062 2771 noiungit
1069 2726 1240 2761 Catullus
1250 2729 1305 2768 17,
1313 2729 1462 2771 24sq.—-
1472 2729 1612 2762 Romae
