1774 2930
35 0 62 20 *ἴ
75 0 225 31 Ιῖἳῗὲῗὲῖῑ
234 0 290 17 ”’”>
301 0 314 6 “
347 0 350 5 ⁴

637 152 733 188 IJB.
756 151 807 187 Π.
854 150 1007 186 ΕΡῙΒΤ.
1030 151 1060 185 Ι.

205 254 319 305 Quid
347 255 490 312 placet
518 258 593 296 aut
623 253 720 296 odio
751 257 835 306 est,

1515 151 1600 192 41⁷

869 251 982 308 quod
1010 265 1097 294 non
1127 251 1332 294 mutabile
1362 251 1543 294 credas?

202 325 301 369 Hoc
328 340 456 382 paces
485 325 675 367 habuere
703 324 842 366 bonae
872 323 1073 379 ventique
1105 322 1293 366 secundi.

203 396 368 439 Romae
398 396 521 438 dulce
551 396 625 437 diu
655 395 736 437 fuit
766 398 809 436 et
839 394 1045 436 sollemne
1074 393 1241 436 reclusa

104 460 109 463 ’
151 471 155 474 ’
203 467 332 510 Mane
361 467 485 510 domo
514 467 713 522 vigilare,
744 465 888 508 clienti
917 478 1112 520 promere
1141 464 1255 518 iura,

207 537 367 581 Cautes
397 537 640 580 nominibus
671 537 800 579 rectis
830 535 1075 591 expendere
1105 548 1320 588 nummos,

1518 534 1600 575 105

204 608 388 651 Maiores
419 607 586 661 audire,
617 607 770 649 minori
800 606 960 660 dicere,
992 620 1069 662 per
1099 620 1210 662 quae

184 756 264 789 105.
290 754 435 797 caulos]
459 756 617 796 scriptos
635 765 655 788 e
673 753 809 788 Codice
828 753 875 796 (9)
893 753 1039 787 Barthii
1065 752 1236 796 (Advers.
1262 754 1319 794 37,
1345 752 1417 794 18.)
1442 752 1554 786 Bent-

135 802 244 836 leius.
270 821 313 826 -
341 804 445 835 cerlis
472 805 648 846 quattuor
672 800 859 843 Pottierii,
883 799 941 834 Lt.

89 934 132 965 ut
171 932 237 965 alii
277 931 427 973 volunt,
465 931 604 973 puella.
644 950 687 954 —
727 931 822 972 Quid

87 979 207 1020 placet
232 978 325 1021 cet.]
368 978 452 1020 „Ex
488 979 672 1012 humanae
713 980 822 1011 natu-

90 1035 154 1059 rae
181 1025 403 1060 condicione
426 1025 524 1058 nihil
539 1025 579 1058 in
596 1027 820 1069 perpetuum

89 1074 155 1106 aut
193 1073 318 1116 placet
357 1074 423 1106 aut
463 1071 674 1116 spernitur;
719 1071 819 1105 haud

88 1117 205 1164 igitur
228 1118 366 1152 mirum
391 1121 465 1161 est,
499 1119 532 1152 si
558 1118 693 1153 Graeci
726 1129 820 1163 quo-

89 1176 163 1210 que
186 1165 234 1200 ab
258 1176 336 1200 una
359 1166 407 1200 ad
431 1166 543 1199 aliam
568 1169 686 1200 artem
710 1177 819 1210 prae-

88 1213 199 1257 cipue
224 1213 419 1247 colendam
444 1213 711 1247 transierunt.“
738 1213 819 1247 Hoc

89 1269 219 1301 versu,
245 1260 278 1293 si
303 1259 395 1304 quid
420 1260 460 1293 in
485 1259 716 1294 Graecorum
743 1264 820 1293 stu—

90 1305 164 1340 diis
188 1306 315 1340 inesse
329 1306 501 1340 videatur
526 1307 690 1340 levitatis
707 1309 819 1350 atque

90 1352 387 1395 inconstantiae,
436 1353 710 1398 quodammodo
759 1365 821 1388 ex·

91 1404 208 1434 cusat.
245 1419 288 1424 --
326 1400 429 1443 Hoc]
473 1401 613 1442 „Hunc
655 1400 820 1434 omnium

91 1446 229 1480 artium
269 1457 433 1481 amorem
474 1450 511 1480 et
552 1448 735 1481 cultum.“

88 1493 218 1536 paces]
254 1504 351 1528 non:
393 1493 563 1536 „diversa
587 1495 704 1538 ‘pacis
743 1494 822 1529 foe-

92 1539 216 1582 dera,“
243 1540 326 1575 sed:
353 1542 470 1582 „bona
486 1541 629 1583 (dulcia
646 1545 684 1575 et
699 1543 819 1587 grata)

90 1587 196 1631 pacis
227 1589 399 1632 tempora
422 1590 461 1622 et
483 1588 628 1622 artibus
662 1592 699 1622 et
723 1589 820 1623 vitae

91 1634 295 1668 commodis
330 1635 513 1679 imprimis
549 1635 745 1670 faventia.“
773 1655 816 1660 —-

89 1683 259 1722 ventique
289 1682 459 1725 secundi]
498 1682 713 1727 „Prospera
744 1683 819 1716 for-

89 1730 185 1762 tuna
198 1728 271 1762 hoc
296 1728 429 1771 effecit,
453 1731 496 1762 ut
518 1729 584 1763 tali
601 1729 711 1763 modo
736 1733 819 1764 tan·

90 1776 206 1819 toque
238 1785 323 1809 cum
356 1786 532 1810 successu
558 1775 692 1811 Graeci
726 1777 819 1811 libe-

89 1821 236 1856 ralibus
271 1822 416 1857 artibus
453 1834 605 1867 operam
641 1824 815 1867 darent;“

89 1867 253 1914 imagine
289 1881 313 1903 a
351 1881 392 1903 re
434 1870 557 1904 navali
597 1871 817 1915 frequenter

89 1916 250 1969 repetita
286 1917 396 1950 etiam
433 1917 532 1960 apud
568 1928 702 1961 prosae
736 1929 819 1952 orae

90 1961 206 1996 tionis
240 1963 453 2006 scriptores.
502 1963 577 1997 Cic.
611 1964 659 1998 ad
682 1965 757 1998 Att.
784 1968 817 2007 2,

92 2010 130 2049 1,
167 2011 208 2042 6:
247 2010 360 2051 Quid,
400 2011 433 2042 si
468 2012 578 2043 etiam
615 2013 816 2053 Caesarem,

69 2056 194 2090 ‚euius
228 2064 325 2088 mam
363 2058 463 2089 venii
502 2058 609 2090 valde
644 2061 727 2090 sant
762 2068 818 2092 se-

93 2102 218 2143 cundi,
250 2103 363 2135 reddo
385 2104 591 2143 meliorem,
624 2112 712 2136 num
737 2107 819 2137 lan-

92 2149 173 2181 dem
197 2149 323 2181 obsum
345 2150 401 2182 rei
414 2151 608 2196 publicae]
635 2150 710 2184 Cfr.
724 2151 818 2195 Epp.

93 2195 126 2235 2,
152 2195 185 2234 2,
210 2197 276 2229 201
304 2206 359 2239 sq.

141 2243 305 2276 103-105.
330 2244 469 2275 Romae
486 2243 572 2285 cet.]
610 2243 818 2285 „Romano-

91 2298 175 2321 rum
200 2292 331 2323 contra
354 2289 400 2323 ab
425 2291 571 2324 artibus
595 2291 818 2326 liberalibus

90 2335 252 2379 primum
288 2347 502 2370 aversorum
536 2338 627 2371 haec
662 2338 819 2373 fuerunt

90 2383 294 2427 praecipua
318 2383 461 2418 studi&
488 2387 557 2418 eet.
591 2384 696 2418 Conf.
713 2386 756 2418 A.
775 2385 816 2419 P.

92 2429 160 2462 323
186 2439 267 2474 sqq.
294 2449 336 2453 —
361 2431 552 2474 sollemne]
587 2435 818 2473 „consuetu-

91 2474 179 2510 dine
204 2477 417 2511 usitatum.“
468 2478 595 2512 Coma.
626 2478 746 2518 CRUQ.
772 2499 815 2503 —

90 2523 224 2566 Mane]
262 2523 336 2558 Sat.
362 2527 402 2566 1,
440 2528 479 2567 1,
518 2528 580 2559 10:
620 2527 693 2560 Sub
726 2527 818 2567 valli

91 2573 238 2603 cantum
270 2573 455 2605 consultor
479 2574 540 2605 ubi
564 2574 656 2605 ostia
678 2575 815 2615 pulsat.

90 2633 138 2639 —
178 2616 298 2651 clienti
334 2627 500 2659 promere
539 2619 646 2662 iura]
696 2619 815 2654 Sensu

91 2664 243 2706 proprio
257 2665 518 2709 accipiendum
531 2677 636 2700 reor:
664 2667 815 2709 „clienti

91 2710 289 2751 patronum
321 2713 533 2747 consulenti
566 2714 612 2747 de
643 2714 726 2748 iure
758 2725 816 2748 re-

197 2778 297 2805 Horat.
314 2781 379 2806 Vol.
396 2781 435 2807 11.
462 2782 515 2808 Ed.
532 2783 628 2808 minor
646 2784 680 2808 V.

852 1119 1061 1163 ,graphum
1075 1119 1092 1135 ‘⁶

870 929 1056 974 spondere
1089 930 1274 974 utiliaque
1308 929 1468 963 consilia
1499 928 1602 971 dare,

869 976 1060 1011 interdum
1098 976 1211 1011 etiam
1247 976 1334 1010 lites
1370 977 1471 1010 inter
1506 976 1601 1010 duos

869 1023 1027 1058 clientes
1053 1026 1155 1058 ortas
1180 1023 1428 1057 diiudicare.“
1471 1022 1541 1057 od.
1567 1026 1600 1066 3,

869 1074 902 1113 5,
927 1072 973 1104 53
999 1081 1080 1115 sqq.
1107 1089 1150 1094 -
1179 1070 1325 1114 Gaulos]
1365 1081 1454 1115 „per
1480 1071 1602 1104 chiro-

1159 1117 1282 1152 Glcss.
1348 1117 1498 1152 Codicis
1557 1117 1601 1152 E.

867 1165 1131 1199 Formularum
1188 1175 1360 1199 sermone
1416 1175 1599 1209 perquam

869 1213 960 1246 scite
986 1213 1047 1246 hic
1070 1222 1164 1246 usus
1190 1215 1266 1254 est,
1300 1215 1343 1246 ut
1374 1215 1531 1256 apparet
1555 1222 1603 1246 ex

868 1259 966 1292 Plin.
992 1258 1085 1303 Epp.
1114 1261 1177 1300 10,
1210 1261 1275 1300 62,
1310 1261 1349 1292 2:
1383 1260 1602 1293 distribuen-

868 1307 955 1339 dam
979 1308 1073 1339 inter
1090 1307 1302 1340 decuriones
1314 1308 1510 1348 pecuniam
1533 1308 1600 1349 iia,

869 1357 908 1386 ai
940 1356 1068 1386 recte
1101 1355 1158 1386 rei
1186 1354 1355 1394 publicae
1388 1357 1600 1387 caveant.

870 1400 960 1434 Cod.
986 1402 1019 1442 2,
1045 1403 1078 1442 4,
1103 1403 1143 1434 2:
1178 1403 1306 1434 recte
1331 1403 1470 1434 cauta
1491 1409 1602 1442 penae

868 1449 943 1489 nia,
968 1451 1008 1481 et
1030 1448 1085 1481 sic
1108 1447 1309 1492 aliquoties
1338 1447 1439 1492 apud
1466 1447 1601 1482 Gaium

869 1497 982 1536 recte,
1006 1494 1045 1527 id
1070 1498 1147 1537 est,
1182 1495 1343 1538 „optimo
1374 1495 1477 1536 iure,
1510 1495 1602 1540 legi-

869 1542 992 1575 time.“
1049 1541 1117 1575 Est
1171 1542 1305 1586 igitur:
1370 1542 1600 1586 „pecuniam

868 1591 980 1630 recte,
1013 1588 1052 1622 id
1078 1591 1150 1629 est,
1181 1599 1204 1622 a
1228 1588 1396 1622 debitore
1421 1589 1600 1634 legitimis

867 1636 1201 1681 chirographorum
1226 1637 1276 1678 (v.
1291 1635 1425 1670 Gaium
1442 1638 1476 1677 3,
1503 1637 1599 1678 134.)

867 1682 1039 1716 formulis
1064 1685 1213 1716 cautam
1236 1683 1324 1717 huic
1350 1683 1505 1717 credere
1531 1683 1599 1726 (fe-

866 1731 951 1763 nori
969 1730 1074 1771 dare)
1092 1733 1205 1774 atque
1224 1732 1424 1771 expendere
1442 1731 1598 1774 (expen-

868 1787 945 1811 sam
969 1776 1118 1821 ferre).“
1170 1777 1327 1816 Quoties
1358 1778 1459 1811 enim
1483 1787 1599 1822 pecu-

865 1825 930 1858 nia
953 1827 1084 1858 mutua
1107 1824 1288 1867 dabatur,
1321 1824 1486 1858 creditor
1519 1825 1598 1859 suis

866 1872 904 1904 in
931 1871 1069 1905 tabulis
1104 1871 1260 1916 expensi
1294 1875 1331 1905 et
1359 1872 1507 1916 accepti
1532 1883 1599 1906 no-

866 1929 950 1952 men
993 1919 1095 1960 eius,
1136 1919 1198 1952 oui
1241 1920 1436 1962 pecuniam
1474 1919 1598 1962 dabat,

866 1965 1135 2008 perscribebat.
1183 1966 1276 1999 Inde
1313 1975 1443 1999 nomen
1483 1966 1599 2011 signi-

865 2012 951 2045 ficat
1000 2016 1037 2045 et
1091 2014 1250 2046 debitum
1299 2016 1335 2046 e't
1389 2014 1597 2046 debitorem.

865 2058 985 2102 lungo
1019 2061 1144 2092 autem
1176 2068 1339 2092 nummos
1374 2062 1499 2093 caulos
1532 2069 1598 2093 no-

868 2107 1022 2138 minibus
1054 2107 1163 2138 reciis
1195 2106 1327 2147 ablat.‚
1360 2117 1437 2140 non
1464 2115 1598 2148 expen-

866 2153 952 2184 dere
977 2154 1181 2185 nominibus
1207 2152 1318 2186 dativa

915 2247 1080 2279 106-108.
1105 2247 1268 2279 Maiores
1294 2247 1380 2290 cet]
1402 2247 1487 2282 Non
1513 2248 1596 2283 sine

867 2292 1025 2336 quadam
1048 2293 1193 2327 malitia
1216 2293 1256 2326 in
1273 2294 1343 2327 hoc
1361 2295 1597 2338 potissimum

865 2341 1048 2374 versatam
1082 2350 1164 2374 esse
1197 2340 1290 2374 dicit
1320 2352 1500 2376 summam
1531 2342 1597 2376 do-

866 2387 1025 2429 ctrinae,
1059 2398 1169 2431 quam
1198 2388 1476 2431 adolescentes,
1510 2399 1595 2423 cum

865 2444 905 2467 se
953 2437 1141 2478 tamquam
1191 2435 1481 2470 contubernales
1530 2439 1596 2471 aut

864 2480 959 2514 iuris
997 2481 1117 2515 civilis
1154 2481 1313 2516 studiosi
1350 2482 1398 2517 ad
1435 2484 1595 2518 maiores

866 2530 956 2561 natu
980 2529 1250 2572 applicassent,
1284 2530 1330 2564 ab
1355 2530 1415 2563 his
1441 2541 1594 2574 aecepe—

864 2573 960 2616 rint,
1011 2576 1196 2620 quomodo
1245 2587 1325 2611 rem
1372 2577 1594 2611 familiarem

864 2600 1042 2656 continuo
1095 2627 1278 2667 augerent
1331 2635 1457 2668 neque
1507 2634 1593 2659 vero

864 2716 920 2749 rie
953 2715 1215 2760 dilapidarent.
1267 2716 1341 2750 Cfr.
1374 2718 1418 2751 A.
1448 2717 1490 2751 P.
1525 2721 1592 2752 325

1346 2788 1380 2812 27
