1786 2912
138 161 194 201 94

637 159 845 194 HORATII
869 158 1155 195 SATIRARUM

256 262 499 305 Conservus
531 262 607 304 vili
637 261 848 318 portanda
877 261 1046 304 locabat
1076 262 1121 303 in
1154 276 1265 304 arca.

251 546 336 588 Hic
367 546 496 588 dabat
514 561 523 587 :

250 333 346 375 Hoc
376 333 559 375 miserae
590 333 708 388 plebi
739 332 881 374 stabat
912 346 1135 375 commune
1167 334 1424 390 sepulcrum,
1602 334 1656 376 10

251 404 490 446 Pantolabo
523 418 694 446 scurrae
723 403 1079 459 Nomentanoque
1109 405 1255 460 nepoti
1278 419 1288 445 :

250 475 368 518 Mille
399 475 532 532 pedes
564 476 609 516 in
640 474 793 528 fronte,
825 478 1038 517 trecentos
1068 476 1218 531 cippus
1249 476 1296 517 in
1328 490 1479 532 agrum

557 546 754 588 Heredes
786 550 1110 588 monumentum
1141 561 1194 589 ne
1228 551 1492 603 sequeretur.

250 616 375 659 Nunc
403 618 506 660 licet
536 617 744 673 Esquiliis
776 617 971 659 habitare
1004 617 1248 659 salubribus
1281 621 1408 674 atque

1603 689 1656 732 15

251 688 423 744 Aggere
454 689 499 730 in
531 688 674 744 aprico
708 688 903 744 spatiari,
938 702 1021 744 quo
1053 688 1179 731 modo
1211 689 1358 731 tristes

229 817 302 852 Sat.
340 817 441 852 VIII.
493 820 547 852 12.
597 827 687 860 aqro
720 819 797 852 Fea
831 819 912 852 sine
945 821 1050 852 certa
1076 818 1192 852 Codd.
1218 819 1456 853 auctoritate.
1482 838 1527 843 —-
1553 821 1608 852 14.

132 867 317 906 Exquiliis
342 865 382 900 1⁴¹.
410 885 453 889 --
484 868 538 899 15.
565 875 637 906 qua
663 866 860 900 Bentleius
888 866 1038 909 „invitis
1066 866 1155 900 licet
1182 867 1412 901 codicibus.“

133 983 318 1018 Traianae
356 986 393 1018 et
426 984 558 1018 domus
593 983 868 1018 crescentiae.“

133 1031 262 1065 coum.
291 1031 412 1069 ORUQ.
438 1050 483 1054 —
510 1032 642 1074 eiecta]
692 1034 735 1064 ut
770 1031 870 1074 vilia,

133 1090 295 1122 quorum
332 1081 481 1123 praeter
520 1089 722 1113 conservos
761 1089 870 1112 nemo

133 1136 263 1160 curam
289 1126 453 1171 gerebat.
482 1145 523 1149 —
552 1124 681 1169 cellis]‘
700 1126 870 1168 „miseris

132 1173 445 1207 mediastinorum
472 1174 678 1215 cubiculis,
703 1174 870 1218 plerum-

133 1232 207 1265 que
226 1221 519 1255 subterraneis.“
561 1220 636 1254 Ofr.
663 1220 749 1254 Sen.
775 1220 869 1265 Epp.

130 1270 197 1303 18:
221 1277 431 1310 pauperum
456 1269 578 1302 cellas.
629 1268 746 1302 Tacit.
772 1268 869 1302 Dial.

136 1317 204 1349 28:
242 1317 281 1348 in
318 1316 410 1349 cella
449 1319 588 1357 emptae
625 1317 789 1348 nutricis.
826 1335 868 1339 -

137 1363 204 1395 vili
225 1372 262 1404 p.
292 1364 434 1396 locabat
459 1365 499 1395 in
523 1362 628 1405 arca]
667 1362 869 1399 Servorum

134 1409 318 1444 cadavera
353 1411 523 1445 conservi
559 1412 732 1444 mutuum
770 1410 870 1444 inter

112 1468 174 1498 ,se
209 1457 373 1492 officium
408 1461 599 1492 servantes
634 1468 702 1491 suo
736 1469 781 1491 ex
805 1468 870 1502 pe-

56 1519 68 1534 ·
134 1505 235 1538 culio
287 1505 505 1549 sepelienda
554 1505 739 1538 curabant
780 1515 869 1538 con-

133 1552 257 1585 ductis
294 1553 588 1596 vespillonibus,
627 1552 691 1595 qui
731 1563 775 1585 ea
807 1554 872 1585 vili

133 1609 245 1633 arcae
272 1599 523 1643 (sandapilae)
549 1599 725 1644 imposita
744 1600 782 1631 in
802 1599 870 1633 Es-

136 1647 275 1691 quilias
303 1647 481 1681 efferrent
505 1646 636 1691 ibique
651 1646 710 1680 vel
727 1657 869 1680 crema-

132 1697 219 1728 rent
235 1694 296 1727 vel
313 1695 523 1728 humarent.
540 1714 582 1717 —
596 1695 752 1726 miserae
771 1695 872 1735 plebi

134 1741 219 1784 cet.]
258 1741 381 1775 Locus
418 1741 483 1775 ille
521 1752 598 1775 non
638 1741 760 1775 solum
795 1751 872 1774 ser-

132 1800 286 1831 vorum,
314 1789 380 1823 sed
406 1788 518 1822 etiam
541 1788 739 1822 hominum
765 1799 872 1832 pror-

133 1847 198 1870 sus
223 1837 378 1880 inopum
405 1837 618 1881 sepulcreto
653 1838 734 1870 erat
759 1836 873 1869 desti-

133 1886 257 1926 natus,
282 1894 325 1917 ac
350 1887 552 1928 propterea
578 1883 640 1926 (id
661 1883 761 1927 quod
786 1893 872 1916 cum

133 1932 271 1965 acerba
306 1931 483 1965 irrisione
522 1930 675 1972 adiicit)
714 1930 766 1964 ibi
805 1931 873 1963 ali-

134 1978 286 2023 quando
322 1978 530 2023 sepeliendi
566 1981 674 2012 erant
699 1978 874 2011 Pantola-

132 2026 205 2059 bus
248 2028 285 2059 et
324 2025 603 2068 Nomentanus,
651 2026 872 2059 decoctores

134 2073 340 2107 etiamtunc
390 2074 476 2106 vivi.
550 2098 567 2115 „
583 2073 671 2106 Fuit
720 2072 872 2107 Mallius

134 2121 326 2163 (Maenius
362 2120 511 2154 Franks
549 2121 589 2154 F.
627 2120 673 2153 H.
711 2131 747 2164 p.
787 2120 871 2162 84.)

134 2167 264 2202 Verna
287 2170 392 2202 trans
411 2168 576 2201 Tiberim
598 2167 781 2213 ingenuis
807 2178 872 2211 pa-

133 2215 308 2249 rentibus
334 2217 463 2256 natus,
490 2215 554 2260 qui
582 2215 673 2259 quia
697 2226 719 2248 a
743 2215 872 2249 multis

133 2263 334 2306 pecuniam
368 2262 534 2296 mutuam
569 2262 742 2307 rogabat,
776 2262 873 2296 Pan-

134 2309 280 2344 tolabos
299 2313 355 2344 est
372 2310 694 2355 cognominatus.“
721 2309 872 2343 Poan.

133 2356 191 2390 De
218 2356 347 2391 Cassio
373 2357 608 2391 Nomentano
643 2357 710 2390 cfr.
738 2357 812 2391 Sat.
842 2359 873 2399 1,

136 2406 168 2447 1,
196 2406 275 2438 102.
302 2405 335 2447 2,
363 2408 394 2447 1,
420 2406 476 2438 22.
503 2406 535 2447 2,
563 2406 595 2446 3,
614 2405 694 2438 224.
729 2403 873 2438 Seneca

133 2451 180 2485 de
206 2451 293 2485 Vita
326 2452 436 2486 beata
471 2454 525 2485 11.
551 2462 638 2486 eum
674 2462 758 2485 cum
783 2452 872 2496 Api-

135 2499 194 2532 cio
236 2499 370 2544 iungit.
409 2518 454 2522 —
491 2499 596 2533 Mille
634 2501 743 2540 pedes
784 2499 870 2541 cet.]

133 2545 191 2579 Ibi
219 2557 372 2591 quoque
407 2546 517 2590 cippo
553 2545 675 2580 incisa
709 2548 790 2580 erat
814 2547 872 2580 vel

134 2593 258 2627 incisa
273 2594 391 2628 fuisse
409 2605 432 2627 a
447 2595 558 2638 poeta
579 2593 734 2638 fingitur
762 2593 875 2627 solita

135 2641 398 2684 sepulcrorum
425 2641 597 2675 formula.
617 2659 660 2664 »-
679 2642 721 2673 in
737 2640 873 2683 fronte]

136 2686 227 2720 alibi
265 2690 304 2721 in
338 2689 546 2730 latitudine,
585 2687 622 2721 id
662 2689 738 2730 est,
775 2688 872 2722 viam

134 2734 325 2777 publicam
375 2746 519 2770 versus.
559 2754 601 2758 —
639 2736 679 2768 in
727 2734 873 2778 aarum]

894 1931 961 1977 ¹in
1001 1930 1187 1975 sepulcris
1225 1930 1418 1975 privatis.“
1450 1949 1493 1954 -

919 985 1181 1025 seldwa'rls.
1212 984 1420 1030 Utramque
1445 985 1656 1027 formulam,

920 1033 958 1065 et
973 1032 1071 1065 hanc
1090 1033 1127 1065 et
1143 1033 1184 1065 in
1200 1041 1327 1073 aare,
1345 1032 1521 1067 usitatam
1537 1032 1655 1066 fuisse

919 1081 1022 1122 puto.
1052 1081 1099 1112 In
1124 1088 1216 1121 aare
1242 1090 1333 1113 sane
1359 1080 1534 1114 omnibus
1559 1080 1658 1113 litte-

918 1126 972 1160 ris
991 1128 1048 1160 est
1064 1126 1183 1160 Inscr.
1200 1138 1248 1160 m.
1266 1126 1310 1160 N.
1328 1129 1446 1168 4379„
1470 1128 1510 1160 in
1526 1135 1659 1168 aarum

918 1173 1073 1207 Petron.
1091 1176 1166 1217 71.;
1193 1174 1372 1218 quocirca
1388 1174 1484 1208 nihil
1509 1176 1657 1208 mutan-

919 1221 1007 1254 dum
1046 1221 1206 1255 videtur.
1234 1241 1277 1245 —
1304 1222 1394 1255 Erat
1433 1222 1549 1266 igitur
1586 1223 1657 1256 hoc

921 1269 1177 1313 sepulcretum
1214 1268 1353 1312 pedum
1387 1269 1657 1313 quadratorum

920 1318 1071 1358 300000,
1110 1316 1200 1360 quia
1225 1316 1353 1350 multis
1380 1316 1568 1361 sepulcris
1594 1316 1658 1350 de-

920 1363 1114 1397 stinatum.
1139 1363 1183 1396 In
1208 1363 1444 1408 singulorum
1470 1364 1657 1408 sepulcris

920 1410 1041 1444 variat
1057 1421 1239 1444 numerus
1252 1421 1320 1455 pro
1333 1410 1435 1444 fastu
1453 1412 1566 1456 atque
1579 1411 1659 1455 opi-

920 1458 990 1492 bus
1016 1461 1264 1492 mortuorum.
1297 1457 1341 1492 N.
1359 1459 1465 1492 4374.
1499 1460 1565 1492 IN.
1583 1459 1658 1492 AG.

920 1508 957 1538 P.
978 1507 1063 1538 XII.
1083 1507 1148 1539 IN.
1167 1507 1240 1539 FR.
1267 1507 1308 1538 P.
1336 1507 1462 1539 XXIV.
1489 1504 1532 1539 N.
1552 1507 1658 1540 4382.

920 1554 986 1586 IN.
1020 1554 1059 1585 F.
1094 1555 1132 1585 P.
1169 1554 1248 1587 VII.
1283 1554 1348 1586 IN.
1374 1554 1415 1586 A.
1450 1555 1491 1586 P.
1521 1554 1579 1586 VI.
1614 1552 1658 1587 N.

920 1601 1026 1633 4557.
1061 1602 1118 1632 IN
1141 1602 1179 1633 F.
1205 1602 1243 1633 P.
1270 1600 1395 1632 XXVI.
1423 1601 1499 1633 IN..
1514 1601 1590 1633 AG.
1617 1601 1659 1633 P.

921 1648 1095 1680 XXXIIS.
1139 1647 1377 1680 Diintzerus:
1421 1646 1658 1688 „Salsissime

920 1696 1032 1738 poeta
1056 1694 1148 1727 dicit
1173 1695 1325 1738 cippum
1351 1693 1575 1727 latissimum
1603 1704 1659 1728 se-

920 1742 1093 1785 pulcrum
1123 1741 1263 1775 talibus
1293 1741 1510 1775 hominibus
1541 1740 1660 1775 tribu-

921 1799 1005 1830 ere,
1045 1799 1129 1821 cum
1165 1788 1428 1822 Puticulorum
1466 1789 1572 1822 locus
1611 1788 1658 1823 iis

921 1836 1129 1870 destinatus
1164 1836 1232 1879 sit,
1265 1836 1304 1869 in
1331 1835 1472 1880 quibus
1505 1847 1547 1870 re
1571 1846 1672 1870 vera.

922 1883 1052 1917 nullus
1079 1883 1223 1916 exstitit
1247 1883 1402 1927 cippus,
1429 1883 1554 1928 qualis
1580 1886 1661 1917 crat

1523 1930 1660 1973 dabat]

924 1978 1196 2022 „assignabat.“
1223 1997 1268 2001 —
1291 1979 1453 2011 Heredes
1478 1978 1564 2017 cet.]
1593 1977 1659 2011 So—

922 2026 989 2059 lita
1022 2026 1093 2059 hac
1125 2025 1289 2059 formula
1321 2027 1370 2059 H.
1399 2027 1451 2060 M.
1480 2027 1528 2058 H.
1554 2026 1599 2059 N.
1624 2026 1660 2058 S.

922 2073 978 2115 (H
979 2074 1038 2107 OC
1048 2074 1093 2107 M
1093 2074 1160 2107 ΟΝ
1163 2074 1298 2107 VMEN
1299 2074 1328 2106 T
1332 2074 1399 2107 VM
1414 2073 1666 2107 HEREDEM

922 2122 1027 2154 NON
1048 2121 1279 2162 SEQVITVR
1315 2120 1489 2154 omnibus
1522 2119 1660 2154 litteris

920 2168 1043 2201 Inscr.
1061 2167 1104 2201 N.
1119 2168 1243 2210 4379.)
1271 2167 1464 2209 cavebant,
1488 2177 1549 2209 ne,
1575 2177 1660 2200 cum

921 2217 1002 2250 DIS
1041 2216 1261 2250 MANIBVS
1309 2216 1453 2249 Locvs
1495 2215 1660 2248 CONSE—

923 2264 1097 2297 CRATVS
1138 2263 1196 2296 vel
1243 2262 1405 2297 DATVS·
1434 2261 1661 2295 LEGATVs-

923 2311 1016 2351 QVE
1042 2313 1142 2344 esset
1168 2310 1301 2352 (Inscr.
1326 2309 1370 2342 N.
1396 2311 1500 2343 4351.
1527 2308 1660 2350 4352),

922 2358 1103 2391 transiret
1135 2357 1182 2391 ad
1213 2356 1370 2390 heredes
1403 2365 1497 2390 neve
1529 2355 1574 2389 ab
1600 2355 1660 2388 his

922 2404 1125 2449 aliquando
1151 2403 1262 2438 vendi
1288 2405 1427 2448 posset.
1474 2402 1519 2435 H.
1546 2402 1571 2435 l.
1596 2402 1661 2435 ad-

922 2452 1001 2485 dita
1025 2453 1119 2486 haec
1143 2451 1308 2485 formula
1341 2450 1543 2484 admodum
1569 2449 1660 2483 ridi-

923 2499 1009 2533 cula
1043 2502 1121 2541 est,
1163 2498 1339 2543 quoniam
1377 2498 1571 2531 hominum
1608 2497 1659 2530 ibi

923 2525 1159 2590 sepultoriim
1195 2545 1291 2578 nulli
1331 2544 1559 2579 exstiterunt
1595 2544 1661 2577 he-

922 2593 1043 2627 redes.

975 2643 1063 2674 14—-
1068 2643 1125 2677 20.
1161 2638 1384 2681 salubribus]
1410 2638 1508 2672 Hinc
1533 2638 1662 2682 Augu.-

924 2690 1004 2722 stus
1031 2695 1142 2730 aeaer
1165 2688 1207 2720 in
1230 2688 1335 2720 domo
1351 2686 1576 2721 Maecenatis
1602 2692 1663 2717 cu-

924 2735 1044 2768 babaz.
1095 2734 1249 2769 Sueton.
1276 2732 1358 2768 Oct.
1383 2734 1439 2766 72.
1458 2751 1503 2756 -
1524 2733 1663 2773 Aqqere
