1774 2930
159 135 240 177 178

655 137 863 173 HORA'I'II
888 139 1171 200 SATIRARJJM

269 237 426 281 Vincet
455 239 571 281 enim
603 240 755 282 stultos
786 241 896 282 ratio
925 242 1115 286 insanire
1153 249 1346 300 nepotes.

269 309 355 351 Hic
385 310 513 351 simul
544 310 708 367 accepit
740 312 970 366 patrimoni
1000 314 1117 357 mille
1146 315 1328 369 talenta,

269 379 431 434 Edicit,
463 381 650 436 piscator
681 382 763 434 uti,
796 384 1033 438 pomarius,
1068 400 1248 443 aucepS,

267 451 588 507 Unguentarius
621 466 670 494 ac
703 452 835 495 Tusci
866 454 994 497 turba
1023 456 1157 513 impia
1185 459 1290 511 vici,

270 522 380 565 Cum
413 524 568 565 scurris
601 523 751 578 fartor,
785 539 881 566 cum
911 525 1099 569 Velabro
1131 542 1256 571 omne
1288 529 1535 583 macellum,

267 593 396 636 Mane
412 594 585 636 domum
600 595 789 637 veniant.
825 596 938 644 Quid
953 599 1076 639 tum?
1106 599 1277 642 Venere
1294 600 1555 657 frequentes.
1588 601 1674 642 230

267 665 414 707 Verba
434 665 535 708 facit
555 666 676 708 leno:
711 665 928 723 Quidquid
950 669 1075 723 mihi,
1108 670 1316 727 quidquid
1337 676 1380 714 et
1400 672 1554 714 horum

270 735 436 792 Cuique
453 736 568 779 domi
585 741 669 790 est,
693 737 736 779 id
753 738 878 781 crede
893 744 1015 781 tuum
1032 744 1075 783 et
1090 741 1159 784 vel
1174 755 1288 784 nunc
1302 746 1404 798 pete
1419 743 1490 785 v‘el
1506 751 1612 785 cras.

267 806 449 863 Accipe,
482 808 584 864 quid
615 812 763 850 contra
792 810 959 852 iuvenis
990 812 1263 868 responderit
1295 819 1482 870 aequus:

267 878 318 919 In
348 879 447 921 nive
472 877 656 922 'Lucana
686 879 844 922 dormis
877 887 1093 937 ocreatus,
1127 887 1174 925 ut
1206 897 1358 940 aprum
1486 892 1487 895 ’

270 949 460 992 Ooenem
491 964 596 1006 ego,
631 954 677 992 tu
708 952 848 1007 pisces
881 952 1060 996 hiberno
1092 969 1147 996 ex
1179 966 1364 1011 aequore
1394 956 1554 1010 verris,
1589 956 1673 997 235

1587 247 1674 289 225

245 1063 326 1095 230.
366 1063 462 1103 Quid
495 1065 597 1096 ium?
634 1065 768 1096 Venere
802 1064 985 1107 bSc,LCt:
1021 1068 1083 1107 qui
1114 1076 1198 1100 cum
1230 1076 1359 1101 venere
1387 1067 1488 1105 Feae
1513 1067 1558 1102 V.
1583 1067 1626 1101 E.

197 1108 262 1151 Κ.,
295 1109 494 1143 Bentleius
521 1111 618 1144 coni.
654 1111 716 1153 (ex
749 1111 912 1146 lectione
940 1113 1090 1147 Codicis
1115 1114 1340 1149 Batteliani:
1374 1116 1437 1156 qui
1467 1117 1544 1148 tum
1567 1124 1626 1149 ve-

196 1156 311 1199 nere),
346 1156 435 1190 item
460 1156 546 1200 ΕΜ,
571 1158 659 1198 quid
684 1159 804 1192 enim?
844 1161 974 1194 Venere
1001 1161 1075 1194 duo
1103 1161 1219 1195 Oodd.
1247 1162 1447 1197 Tei-rentii.
1475 1181 1518 1186 -
1547 1164 1625 1196 233.

196 1206 325 1237 contra
350 1205 437 1237 haec
462 1205 604 1238 iuvenis
630 1205 701 1249 bep
729 1209 766 1239 et
791 1217 920 1241 omnes
946 1208 1132 1242 Pottierii.
1184 1209 1248 1252 (Ut
1273 1220 1359 1250 nos,
1395 1209 1447 1252 S.)
1475 1229 1518 1233 -
1546 1211 1625 1243 234.

197 1251 257 1294 ln]
284 1253 337 1284 Tu
362 1251 557 1286 Bemleius
584 1253 680 1286 coni.
706 1253 891 1296 probante
917 1255 1064 1290 Vossio.
1084 1275 1127 1279 —
1147 1258 1227 1291 235.
1253 1258 1356 1291 vellis
1375 1255 1447 1301 Scp
1466 1259 1504 1291 et
1527 1267 1625 1292 corr.

197 1298 220 1332 b
247 1309 291 1332 ac
315 1299 448 1343 plures
473 1299 661 1342 Pottserii,
686 1299 751 1333 FJ.

149 1392 233 1427 iure
248 1393 456 1437 vitupero.“
478 1393 583 1427 Conf.
600 1393 673 1428 Sat.
689 1396 721 1437 2,
733 1396 765 1436 1,
777 1397 833 1429 69.
845 1414 887 1419 --

152 1440 436 1483 Vincet-ratio]
474 1441 645 1484 „evincet
671 1442 720 1484 (v.
748 1442 887 1486 250.);“

150 1488 262 1522 etiam
287 1487 328 1521 in
346 1499 459 1532 prosa
477 1489 649 1523 oratione
669 1488 801 1524 Cicero
820 1501 888 1534 pro

151 1533 300 1568 Cluent.
316 1537 373 1577 44,
391 1537 477 1569 124:
506 1537 611 1570 Vince
625 1537 754 1570 deinde
767 1538 890 1570 virum

150 1583 282 1615 bonum
325 1584 436 1624 fuisse
477 1583 730 1624 Oppianicum.
782 1583 887 1618 Conf.

151 1629 225 1663 Sat.
255 1632 292 1672 1,
327 1631 368 1672 3,
406 1632 483 1663 115.
521 1650 562 1653 —-
597 1631 740 1674 Edicit]
779 1631 887 1675 quasi

149 1680 321 1721 praetor3
348 1677 413 1711 sed
439 1678 510 1712 hoc
536 1678 632 1711 volt:
669 1689 756 1722 „per
782 1689 889 1722 prae-

150 1734 281 1758 conem
307 1725 495 1769 privatum
521 1725 581 1758 vel
612 1726 724 1759 etiam
759 1736 888 1759 servu-

149 1771 228 1805 lum
271 1772 447 1806 omnibus
497 1775 628 1805 notum
678 1772 803 1806 facit.“

149 1820 281 1852 Tusci-
296 1819 409 1862 -viciJ
446 1819 584 1861 „Tusci
609 1819 814 1864 aliquando
841 1820 887 1854 ab

147 1865 316 1900 Aricinis
341 1867 443 1911 pulsi
461 1867 656 1900 contulere
675 1877 714 1901 se
731 1866 887 1901 Romam

149 1915 188 1947 et
212 1914 355 1955 vicum,
390 1914 456 1958 qui
487 1914 596 1948 modo
624 1914 807 1948 Turarius
833 1914 888 1947 di-

149 1960 260 2003 citur,
270 1961 496 1995 insederunt
505 1962 616 2005 eique
628 1972 738 1995 suum
749 1972 887 1996 nomen

149 2007 371 2042 dederunt.“
400 2008 529 2042 COMM.
549 2008 615 2042 CR.
645 2008 703 2042 Ibi
730 2009 887 2043 lenones

149 2054 381 2098 habitabant,
408 2056 579 2090 homines
601 2056 748 2100 periuri
774 2059 887 2100 atque

148 2103 320 2137 infames.
358 2103 539 2138 Horatius
565 2103 660 2148 Epp.
687 2105 720 2146 2,
749 2106 779 2146 1,
806 2105 887 2137 269.

150 2161 235 2184 eum
273 2151 456 2185 describit
491 2152 706 2184 vendentem
739 2152 819 2184 ihus
855 2153 888 2185 el

149 2198 278 2230 odores
303 2200 349 2231 Et
375 2200 484 2240 piper
511 2200 543 2231 et
569 2199 748 2239 quidquid
783 2199 888 2231 char-

121 2276 124 2279 .
150 2246 194 2278 lis
220 2247 391 2279 amicitur
424 2247 564 2287 ineptis.
614 2246 739 2279 Plaut.
778 2245 887 2279 Cure.

149 2294 190 2333 4,
220 2295 256 2334 1,
283 2294 346 2326 21:
390 2294 436 2325 In
462 2295 575 2326 Tusco
600 2294 695 2334 vico,
730 2294 780 2325 ibi
803 2296 887 2327 suut

148 2340 321 2381 homines,
349 2342 413 2380 qui
437 2341 507 2381 ipsi
532 2349 607 2373 sese
624 2341 826 2373 venditam.
842 2359 885 2364 —

149 2387 286 2428 sartor]
311 2387 399 2431 „qui
418 2387 565 2428 insicia‚
592 2387 802 2429 farcimina,
829 2387 887 2420 lu-

150 2434 320 2475 canicas,
354 2434 465 2467 hillas
491 2434 571 2476 vel,
602 2437 643 2467 ut
669 2434 721 2468 ait
747 2434 885 2468 00111111.

151 2479 285 2525 Gruq.,
317 2481 488 2514 salsicias
513 2482 674 2514 vendit.“
725 2481 800 2515 Alii
826 2492 887 2515 ex—

149 2528 312 2572 plicant:
341 2528 430 2572 „qui
457 2539 543 2562 aves
563 2529 710 2574 saginat
735 2531 772 2562 et
797 2539 885 2562 ven-

151 2575 240 2617 dit“,
275 2576 609 2616 Gefluqelhiindler.
638 2596 679 2599 —
719 2576 884 2618 Velabro]

151 2622 197 2656 ad
235 2623 382 2657 radices
419 2622 595 2655 Aventini
636 2623 726 2656 olim
764 2623 885 2667 palus,

151 2670 216 2703 ubi
251 2671 431 2704 lintribus
463 2670 698 2703 vehebantur
731 2670 885 2712 (vellelu-

152 2718 286 2760 brum),
340 2717 435 2759 „ubi
485 2717 707 2760 prostabant
748 2717 883 2757 omnia,

940 1402 1035 1436 quae
1053 1391 1100 1435 ad
1119 1387 1239 1428 victus
1265 1393 1450 1432 rationem
1475 1397 1589 1441 atque
1612 1398 1675 1433 de-

939 1439 1046 1474 licias
1060 1439 1334 1484 pertinebant.“
1356 1437 1483 1477 0011111.
1498 1441 1620 1484 CRUQ.
1630 1465 1673 1469 -—

938 1487 1149 1530 macellum]
1177 1486 1253 1521 Cfr.
1278 1487 1372 1532 Epp.
1399 1491 1440 1530 1,
1468 1487 1529 1532 15‘,
1554 1494 1612 1530 31.
1630 1512 1674 1516 —

941 1535 1038 1576 Quid
1071 1537 1171 1568 ium?
1207 1535 1359 1579 venere]
1401 1536 1522 1578 „Qm‘d
1558 1550 1673 1584 porro

938 1581 1078 1616 factum
1105 1583 1187 1616 est?
1215 1582 1263 1618 Ut
1287 1582 1398 1617 facile
1416 1584 1582 1629 cogitare
1607 1597 1674 1632 po-

938 1631 1006 1671 tes,
1031 1629 1135 1662 illico
1163 1629 1334 1664 venere.“
1386 1629 1463 1664 Cic.
1483 1631 1614 1668 'Tusa
1641 1636 1673 1676 2,

939 1679 1002 1718 11,
1037 1678 1099 1710 26:
1137 1676 1185 1709 M.
1226 1677 1375 1711 Videsne
1401 1679 1591 1714 abunda-re
1615 1690 1673 1715 me

938 1725 1037 1756 otio?
1062 1722 1105 1756 A.
1135 1724 1231 1765 Quid
1256 1725 1357 1757 ium?
1376 1743 1420 1748 —
1442 1726 1576 1761 Venere
1597 1729 1674 1770 pre-

938 1770 1110 1815 queules]
1150 1770 1227 1804 010.
1261 1782 1296 1816 p.
1324 1770 1502 1811 Quinctio
1534 1777 1575 1818 6,
1608 1777 1672 1810 25:

937 1819 1028 1850 Tum
1044 1819 1206 1851 Naevius
1227 1827 1359 1860 pueros
1385 1821 1522 1855 circum
1539 1824 1674 1856 amicos

937 1865 1106 1905 dimittit,-
1146 1866 1222 1906 ipse
1259 1875 1344 1899 suos
1381 1871 1605 1903 necessarios
1623 1888 1639 1894 -
1657 1888 1673 1894 -

938 1915 1128 1954 corroqat,
1166 1915 1207 1946 ut
1240 1915 1289 1946 ad
1321 1915 1488 1948 tabulam
1517 1918 1673 1950 Sextiam
1726 1946 1727 1949 ,

936 1961 1004 1992 sibi
1029 1960 1149 1993 adsim
1176 1961 1269 1994 hora
1296 1962 1456 1995 secunda
1484 1965 1672 2005 postridie.

941 2008 1141 2041 Veniunt
1166 2008 1458 2049 frequentes.

986 2055 1154 2088 231-238.
1183 2054 1278 2098 leno]
1304 2055 1416 2100 Apud
1434 2056 1671 2092 luxuriosum

938 2101 1031 2145 leno
1073 2101 1218 2146 primus
1268 2102 1439 2147 loquitur
1483 2106 1672 2149 tamquam

938 2149 1104 2183 omnium
1138 2149 1372 2184 nebulonum
1405 2153 1601 2195 patronus.
1628 2171 1671 2176 --

938 2197 1092 2240 aequus]
1109 2197 1356 2243 „benignus“‚
1371 2199 1453 2231 κατ’
1463 2196 1501 2231 ἐἰ
1523 2196 1673 2233 obvelav-

938 2263 981 2267 —
1001 2245 1150 2278 Lucana
1163 2263 1178 2269 -
1192 2262 1207 2269 -
1221 2245 1369 2288 aprum]
1398 2243 1472 2279 Cfr.
1522 2249 1570 2280 at.
1590 2247 1622 2289 2,
1639 2248 1672 2289 8,

938 2294 970 2324 6.
991 2311 1033 2314 —-
1052 2291 1200 2334 dormis]
1229 2292 1354 2333 „humi
1382 2294 1417 2326 te
1443 2293 1593 2335 sternis,
1619 2296 1672 2336 ut,

937 2339 968 2372 si
994 2339 1092 2373 forte
1124 2338 1268 2383 possis,
1302 2349 1474 2372 somnum
1508 2340 1670 2384 capias.“

938 2386 1013 2420 Ofr.
1041 2386 1116 2420 Sat.
1138 2389 1168 2428 1,
1188 2388 1219 2427 1,
1237 2387 1294 2419 71.
1313 2405 1356 2409 -
1374 2386 1506 2430 verris]
1533 2388 1673 2421 everri-

937 2434 1042 2476 cu103
1076 2433 1115 2466 id
1142 2433 1242 2477 quod
1266 2433 1351 2466 fieri
1384 2436 1532 2478 poterat
1557 2435 1669 2468 etiam

935 2481 1146 2525 procelloso
1171 2480 1284 2522 mari,
1317 2490 1394 2513 non
1422 2481 1543 2515 solum
1569 2483 1670 2515 tran-

937 2529 1067 2572 quillo.
1115 2527 1247 2560 Altera
1273 2527 1423 2572 quidem
1458 2528 1571 2562 lectio
1596 2529 1671 2562 vel-

938 2576 979 2608 lis
997 2576 1070 2609 iam
1096 2574 1142 2608 ab
1161 2574 1310 2608 Acrone
1336 2578 1576 2617 memoratur,
1603 2576 1670 2619 qui

936 2633 1016 2656 eam
1064 2622 1236 2666 exponit:
1289 2632 1396 2664 „cum
1445 2621 1670 2656 difficultate

935 2669 1086 2704 trahis.“
1138 2668 1210 2702 Sed
1252 2669 1482 2703 contrarium
1518 2669 1669 2703 videtur

934 2717 1092 2751 Latinae
1110 2715 1377 2750 consuetudini
1393 2717 1529 2750 vellere
1552 2717 1667 2757 pisces
