1774 2930
0 1185 12 1219 ’⁷
82 1165 241 1250 {gurg}
285 1215 420 1248 tinctae
478 1215 640 1248 Vestiam
699 1215 817 1247 lanae.

620 161 715 196 LIB.
738 160 787 195 11.
834 159 988 195 EPIST.
1010 158 1060 194 Π.

1510 157 1593 199 461

199 263 459 320 Argentum,
490 266 634 306 vestes
667 261 850 304 Gaetulo
880 260 1042 303 murice
1071 260 1246 313 tinctas,

200 333 413 390 Sunt'qui
442 347 529 376 non
559 332 766 386 habeant,
799 335 866 375 est
896 331 969 388 qui
998 344 1087 372 non
1117 333 1236 373 curat
1265 329 1438 372 habere.

201 404 289 447 Om-
318 404 428 447 alter
457 404 637 446 fratrum
667 417 836 446 cessare
866 406 911 445 et
938 401 1088 444 ludere
1120 405 1163 443 et
1191 400 1297 456 ungi

198 474 422 518 Praeferat
450 474 637 517 Herodis
667 473 867 530 palmetis
896 471 1148 529 pinguibus,
1180 471 1289 514 alter

198 545 334 588 Dives
366 549 409 588 et
438 545 707 601 importunus
739 543 794 586 ad
823 543 1019 586 umbram
1046 542 1155 585 lucis
1186 542 1240 584 ab
1272 545 1368 584 ortu

1516 540 1599 582 185

200 615 451 659 Silvestrem
480 615 663 658 flammis
696 618 740 657 et
768 614 881 657 ferro
911 613 1084 669 mitiget
1113 626 1282 669 agrum,

202 686 293 729 Scit
324 686 510 737 Genius,
539 686 683 729 natale
715 699 858 728 comes
889 685 963 741 qui
992 686 1204 740 temperat
1235 686 1415 732 astrum,

83 839 268 884 quaesita.
309 858 355 862 —
394 837 623 881 Araemum]
664 837 816 879 factum,

84 886 279 920 caelatum.
314 904 358 910 —-
397 885 577 928 Gaetulo]
616 884 729 927 „Afro
772 895 817 918 ac

82 943 151 978 per
187 933 260 967 hoo
295 931 448 975 Mauro3
491 932 680 977 significat
715 932 816 966 enim

82 990 292 1025 purpuram
316 979 586 1014 Girbitanam!
611 978 816 1012 Ponmmz.

85 1025 229 1070 (Girba
254 1037 284 1061 s.
308 1025 464 1061 Meninx
487 1026 614 1060 insula
638 1034 663 1059 a
687 1027 816 1060 dextro

82 1075 199 1115 surus
251 1074 405 1107 numeris
457 1074 710 1115 promontorio
764 1074 816 1108 M.

79 1121 248 1162 passibus
283 1121 346 1154 GC.
379 1121 462 1154 sita.
495 1119 594 1154 Plin.
626 1118 674 1153 H.
705 1118 749 1153 N.
783 1121 817 1162 5,

280 1168 322 1210 2,
359 1169 422 1211 16,
461 1169 526 1201 35:
563 1169 598 1200 te
635 1167 689 1200 bis
723 1167 817 1208 Afro

82 1260 213 1304 Pomp.
258 1259 360 1295 Mela
402 1262 443 1304 3,
481 1263 546 1295 11:
586 1262 819 1302 Hiar-iturum

86 1307 400 1349 Gaetulorumque
436 1309 576 1349 passim
607 1309 820 1349 vaqanlium

85 1362 131 1387 ne
169 1355 282 1387 litora
319 1356 464 1396 quidem
500 1356 699 1396 infecunda
734 1356 819 1388 sum

82 1409 255 1443 purpura
272 1403 305 1434 et
331 1403 471 1435 murice
490 1402 748 1443 efficacissimis
772 1403 821 1434 ad

86 1449 309 1490 timendum.
336 1467 379 1472 —
407 1451 470 1491 est,
497 1450 560 1489 qui
589 1457 664 1481 ‘non
688 1449 819 1491 curat]

87 1495 307 1540 „sapiens;“
340 1495 443 1540 quod
468 1495 558 1540 quia
584 1497 728 1529 eertum
753 1498 822 1538 est,

86 1541 294 1576 indicativo
319 1543 460 1585 utitur,
490 1553 576 1576 cum
599 1541 695 1575 illud
719 1543 820 1584 sunt,

86 1590 153 1630 qm·
185 1598 261 1623 non
294 1590 452 1623 habeam
488 1599 511 1623 a
547 1599 637 1624 casu
673 1591 819 1623 tantum

0 1659 10 1674 ἶ
84 1635 262 1680 pendeat.

135 1731 334 1764 183-186,
353 1731 426 1764 Cur
442 1731 538 1764 auer
554 1732 717 1771 fratrum
734 1730 820 1773 cet.]

89 1776 227 1819 „Unde
252 1779 378 1811 autem
412 1778 556 1811 oriatur
584 1779 690 1811 tanta
714 1777 821 1822 inge-

86 1823 239 1858 niorum
285 1824 572 1869 studiorumque
618 1824 820 1858 diversitas

0 1871 22 1908 §ii
88 1880 200 1915 saepe
231 1871 293 1905 vel
324 1871 424 1906 inter
457 1872 615 1913 fratres,
648 1874 692 1905 ut
718 1882 820 1905 unus

86 1918 270 1962 voluptati
306 1920 420 1962 atque
458 1919 534 1952 otio
572 1919 621 1952 sit
657 1918 821 1961 deditus,

88 1965 183 1998 alter
214 1963 427 1998 laboriosus
453 1967 491 1998 et
522 1965 636 1998 nimis
670 1965 717 1999 ad
741 1976 822 1999 rem

88 2012 268 2053 attentus,
286 2010 462 2054 equidem
478 2012 627 2054 nescio3
647 2014 703 2045 est
721 2011 822 2045 enim

1 2053 8 2058 '
70 2057 162 2091 rhoc
194 2057 381 2091 humanae
414 2060 574 2091 naturae
606 2058 820 2092 arcanum.“

91 2102 168 2137 Gfr.
194 2103 269 2137 Sat.
295 2105 328 2146 2,
355 2106 388 2146 1,
413 2106 458 2137 26
484 2114 565 2148 sqq.
591 2123 635 2128 —-
661 2104 822 2147 cessare]

92 2150 227 2193 „otiari
252 2160 297 2185 ao
314 2150 479 2184 iucunde
505 2151 665 2184 vivere.“
694 2150 822 2184 COMM.

91 2197 213 2236 cauo.
264 2197 339 2231 Cfr.
365 2197 460 2242 Epp.
487 2199 527 2240 1,
553 2199 587 2240 7,
613 2199 670 2231 57.
698 2217 740 2221 —

90 2244 191 2288 dere]
216 2247 367 2289 praeter
392 2245 503 2279 ludos
519 2244 676 2289 proprie
702 2244 823 2279 dictos

89 2290 262 2336 intellige
288 2292 402 2325 etiam
425 2291 473 2325 de
497 2291 613 2326 rebus
638 2292 823 2326 venereis.

91 2337 227 2381 Od.‚4
263 2338 823 2383 13‚4.Epp.1,14‚36.—

90 2386 274 2429 Herodis]
305 2385 432 2430 Magni
464 2386 587 2433 illius,
619 2386 759 2420 mortui
792 2396 824 2420 a.

92 2443 130 2466 u.
156 2442 188 2466 o.
214 2434 294 2466 750.
343 2432 527 2466 Maximus
561 2433 644 2467 eius
677 2433 823 2468 reditus

92 2479 289 2513 constabat
313 2489 359 2513 ex
380 2481 577 2522 pinguibus
603 2480 823 2523 (fertilibus)

91 2525 267 2570 palmetis
299 2537 416 2570 prope
441 2527 718 2570 Hiericuntem,
752 2537 826 2572 qua

93 2572 140 2606 de
164 2573 260 2607 urbe
285 2573 416 2608 Strabo
437 2576 491 2608 16.
518 2574 550 2617 ξ.
568 2577 632 2608 41:
658 2574 826 2608 ἐνταῦθα

94 2617 127 2650 δ’
158 2617 270 2653 ἐστὶν
288 2618 311 2654 ὁ
346 2619 555 2662 φοινικῶν,
588 2624 828 2676 μεμιγμένην

95 2661 192 2705 ἔχων
223 2669 291 2701 καὶ
322 2663 442 2711 ἄλλην
471 2663 565 2723 ἴλην
589 2664 736 2723 ἥμερον
762 2671 828 2702 καὶ

97 2708 305 2760 εὔκαρπον,
338 2712 553 2757 πλεοναζων
585 2715 625 2748 δὲ
658 2716 710 2762 τῷ
736 2718 827 2757 φοί-

866 848 961 877 νικι,
995 835 1058 869 ἐπὶ
1089 836 1217 891 μῆκος
1250 834 1414 869 σταδίων
1446 830 1601 875 ἑκατόν,

864 880 1067 938 διάρῥυτος
1089 878 1193 925 ἅπας
1214 884 1281 916 m).
1303 880 1446 926 μεστὸς
1470 893 1603 915 κατοι-

865 932 970 964 κιῶν·
995 926 1078 964 ἔστι
1100 930 1132 963 δ’
1165 927 1286 964 αὐτοῦ
1311 931 1378 963 καὶ
1400 929 1601 970 βασίλειον

865 979 932 1011 καὶ
963 975 987 1011 ὁ
1020 977 1089 1011 τοῦ
1120 973 1327 1020 βαλσάμου
1359 974 1602 1024 παράδεισος.

864 1025 965 1059 Plin.
1002 1024 1049 1058 Η.
1082 1023 1126 1058 Ν.
1165 1027 1205 1067 5,
1245 1026 1308 1058 14:
1347 1026 1602 1058 Hiericuntem

862 1073 1033 1114 palmetis
1075 1073 1272 1114 consitam,
1313 1072 1473 1113 sontibus
1512 1072 1603 1104 irri-

867 1128 988 1161 auam.
1039 1119 1157 1153 Tacit.
1190 1118 1288 1153 Hist.
1322 1120 1363 1161 5,
1397 1121 1431 1152 6.
1465 1118 1512 1152 de
1537 1117 1602 1152 Iu-

867 1167 978 1201 daea:
1004 1167 1178 1200 Palmelt's
1191 1167 1398 1208 proceritas
1422 1168 1454 1198 et
1480 1167 1602 1200 decor.

869 1233 911 1237 —
925 1212 1171 1256 importunus]
1187 1223 1358 1257 „semper
1370 1212 1604 1257 irrequietus

868 1261 1018 1305 sibique
1037 1262 1074 1294 et
1090 1260 1175 1294 aliis
1201 1259 1416 1294 molestus.“
1436 1279 1479 1283 —
1498 1261 1604 1301 fiam-

868 1307 958 1350 mis]
986 1307 1183 1349 „incensis
1216 1306 1393 1352 virgultis
1423 1309 1460 1340 et
1484 1307 1604 1350 rubis,

869 1354 990 1389 caesis
1023 1354 1230 1396 abietibus,
1263 1354 1380 1399 fagis,
1412 1353 1602 1388 ilicibus.“

869 1421 915 1425 —
938 1401 1103 1444 mitiaet]
1138 1402 1332 1444 „culturae
1365 1403 1494 1445 aptum
1518 1401 1603 1435 red-

870 1447 1073 1482 dathfr.
1098 1447 1192 1493 Epp.
1220 1450 1253 1491 1,
1280 1449 1313 1491 2,
1338 1449 1396 1481 45.

918 1543 1117 1576 187—189.
1156 1542 1313 1585 Genius]
1347 1541 1468 1576 Varro
1502 1541 1605 1586 apud

867 1589 1028 1634 August.
1046 1589 1092 1622 de
1111 1589 1151 1623 O.
1168 1589 1215 1622 D.
1233 1591 1267 1631 7,
1287 1591 1350 1622 13:
1377 1590 1532 1622 Genium
1549 1590 1605 1622 di-

869 1637 917 1670 cit
930 1645 1005 1670 esse
1017 1637 1303 1677 uniuscuiusque
1312 1637 1476 1669 animum
1488 1637 1605 1669 ratio-

867 1685 1002 1726 nalem,
1021 1685 1054 1716 et
1070 1684 1151 1716 ideo
1170 1692 1243 1717 esse
1260 1684 1424 1724 sinoulos
1440 1685 1605 1724 sinqulo-

868 1739 962 1764 rum.
986 1731 1058 1764 Dio
1078 1729 1209 1786 Chrys.
1227 1729 1292 1764 Or.
1310 1732 1368 1763 25.
1385 1741 1422 1781 p.
1440 1732 1521 1764 519.
1537 1730 1605 1764 R.:

871 1779 918 1811 Τι’
929 1779 1096 1820 νομίζεις
1107 1775 1176 1810 τὸν
1194 1776 1362 1820 δαίμονα
1374 1775 1494 1817 &ivam
1508 1775 1604 1821 Ἐγώ

868 1824 939 1867 μὲν
976 1822 1020 1858 τὸ
1057 1824 1235 1880 κρατοῦν
1262 1825 1327 1857 καὶ
1359 1824 1450 1857 καθ’
1481 1820 1527 1858 ὃν
1559 1823 1606 1870 ζῇ

868 1871 944 1905 τῶν
968 1869 1184 1926 ἀνιξρῶτων
1212 1866 1390 1913 ἕκαστος.
1406 1891 1427 1896 -
1442 1891 1462 1896 -
1482 1871 1606 1905 Τοῦτο

869 1918 909 1951 δὲ
934 1919 975 1952 ἐν
999 1917 1102 1964 αὐτῷ
1135 1920 1301 1962 νομίζεις
1334 1917 1433 1952 εἶναι
1458 1918 1510 1964 τῷ
1534 1917 1605 1952 τὶν-

869 1962 1030 2013 θρωπῳ,
1073 1964 1117 2000 τὸ
1154 1966 1321 2023 κρατοῦν
1358 1964 1543 2006 ἑκάστου,
1581 1961 1607 2000 ὃ

870 2012 1037 2055 δαίμονα
1061 2012 1206 2055 καλεῖς,
1231 2010 1258 2056 ἢ
1283 2009 1426 2055 ἔξωθεν
1451 2009 1511 2052 ὄν,
1536 2009 1607 2060 ἅρ-

871 2070 943 2099 χον
968 2070 1008 2092 τε
1034 2061 1098 2092 καὶ
1090 2056 1255 2114 κύριον
1279 2059 1348 2093 τοῦ
1372 2057 1607 2106 ἀνθρώπου,-

872 2102 1040 2148 Ἔξωθεν
1088 2102 1218 2149 εγωγε.
1274 2105 1386 2150 Apul.
1436 2107 1482 2141 de
1523 2107 1605 2142 Deo

873 2151 975 2186 Socr.
1002 2163 1032 2186 c.
1060 2154 1116 2186 16.
1141 2163 1178 2196 p.
1207 2154 1286 2186 156.
1313 2153 1430 2186 Oud.:
1469 2155 1605 2188 Genius

871 2200 912 2231 in
935 2200 1043 2232 rebus
1067 2201 1214 2232 incertis
1236 2202 1460 2243 prospector,
1487 2203 1606 2235 dubiis

867 2248 1143 2289 praemunitur,
1190 2248 1405 2289 periculosis
1454 2251 1605 2291 tutator,

874 2295 993 2334 coenis
1019 2295 1221 2335 opitulator
1246 2296 1316 2328 cet.
1343 2313 1386 2317 —
1413 2297 1572 2329 natale-

873 2341 1038 2384 astrum]
1062 2337 1207 2387 ἄστρον
1227 2341 1456 2395 γενέθλιον,
1494 2343 1606 2377 horo-

873 2397 1048 2432 scopum,
1075 2399 1151 2433 quo
1178 2389 1362 2434 cuiusque
1386 2389 1465 2423 vita
1489 2392 1527 2423 et
1550 2390 1607 2423 vi-

873 2435 1115 2469 cissitudines
1151 2435 1454 2479 praefiniuntur3
1490 2437 1606 2471 huius

872 2484 998 2516 autem
1022 2482 1097 2516 vim
1115 2486 1302 2527 quatenus
1319 2486 1444 2528 potest
1460 2484 1607 2528 mitigat

872 2531 985 2573 atque
1024 2530 1065 2563 in
1106 2530 1241 2564 melius
1288 2531 1406 2565 flectit
1448 2530 1606 2564 Genius.

874 2576 1021 2619 Tibull,
1055 2580 1098 2619 4,
1125 2580 1166 2620 5,
1194 2579 1256 2611 19:
1294 2579 1342 2610 At
1367 2580 1424 2619 tu,
1459 2579 1607 2611 Natalis

874 2625 1048 2663 quoniam
1065 2625 1152 2658 deus
1178 2626 1302 2657 omnia
1318 2626 1438 2666 semis,
1464 2626 1606 2659 Adnue.

876 2672 1062 2714 „Natalis‚
1096 2671 1216 2713 idem,
1251 2672 1315 2715 qui
1342 2671 1505 2713 Genius,
1539 2672 1608 2706 cfr.

875 2719 916 2760 2,
950 2719 990 2761 2,
1026 2719 1079 2752 1.“
1129 2719 1286 2752 DISSEN.
1323 2717 1529 2753 Menander
1569 2730 1606 2763 p.
