1774 2930
638 144 730 180 nm.
753 144 783 180 1.
831 143 984 180 nms'r.
1002 144 1145 193 xvm.

1553 147 1639 188 375

241 244 300 287 Ut
328 250 522 288 matrona
551 246 765 296 meretrici
797 245 941 302 dispar
972 246 1053 289 erit
1083 250 1213 302 atque

241 314 452 370 Discolor,
483 315 612 358 infido
645 330 815 359 scurrae
847 315 1022 359 distabit
1053 316 1228 359 amicus.
1291 326 1319 334 ³

240 384 322 428 Est
351 386 451 429 huic
481 386 695 429 diversum
725 387 830 429 vitio
861 387 1011 429 vitium
1041 401 1175 444 prope
1206 387 1358 440 maius,
1612 388 1638 428 5

240 456 466 513 Asperitas
498 458 679 513 agrestis
712 463 754 500 et
784 458 1040 500 inconcinna
1068 458 1311 514 gravisque,

244 526 364 575 Quae
396 542 443 570 se
474 528 740 571 commendat
770 532 894 571 tonsa
925 532 1040 583 cute,
1074 528 1272 571 dentibus
1305 528 1429 582 atris,

241 596 358 639 Dum
386 598 476 640 volt
505 599 681 641 libertas
713 598 796 640 dici
827 613 946 641 mera
975 613 1162 655 veraque
1190 600 1340 641 virtus.

241 667 389 710 Virtus
422 673 487 711 est
518 669 706 711 medium
735 670 936 711 vitiorum
968 674 1011 712 et
1041 670 1241 726 utrinque
1272 669 1507 712 reductum.

241 738 364 781 Alter
393 739 438 780 in
470 739 722 795 obsequium
751 740 848 796 plus
880 754 1016 796 aequo
1049 754 1208 796 pronus
1240 745 1283 783 et
1313 740 1388 781 imi

1586 740 1639 782 10

241 807 421 851 Derisor
451 810 551 852 lecti
582 811 643 852 sic
673 815 823 852 nutum
855 810 999 852 divitis
1030 810 1199 865 horret,
1372 822 1385 844 ἱ

219 937 293 972 ΕΡ.
315 937 452 973 xvm.
478 941 511 972 4.
535 948 667 972 scurra
691 939 720 972 Ε
747 939 828 982 (sed
854 943 1042 984 postrema
1065 940 1193 974 littera
1217 940 1257 974 in
1284 941 1445 982 rasura.)

123 1033 160 1064 te
183 1030 344 1066 amicum
369 1042 516 1077 semper
540 1033 633 1075 fore,
658 1043 855 1078 nunquam

122 1077 362 1132 parasitum!⁴
382 1098 426 1103 —
444 1080 590 1124 dispar]
623 1080 793 1115 moribus
819 1084 856 1115 et

121 1134 336 1206 ἒῖεθιῗέἓῐη
370 1126 854 1219 03?.32‘32]ffi¹t¹31'1¹1¹}¹‡.311¹3

122 1218 213 1262 quia
236 1222 429 1255 matronae
454 1220 555 1266 palla
580 1224 617 1256 et
650 1222 747 1256 stola
771 1222 856 1256 alba

122 1274 208 1299 cum
239 1266 372 1302 instita
407 1279 616 1312 purpurea,
654 1269 855 1303 libertinae

122 1312 340 1347 meretrices
358 1315 488 1348 tunica
500 1315 754 1359 superiniecta
771 1320 858 1361 toga

123 1359 292 1393 omnium
325 1361 494 1395 colorum
526 1362 682 1397 indutae
716 1363 755 1396 in
789 1374 857 1407 pu-

122 1404 262 1439 blicum
286 1407 499 1451 prodibant.
554 1407 627 1443 Sed
651 1410 786 1443 melius
811 1410 857 1444 de

122 1454 201 1486 toto
226 1454 326 1487 vitae
351 1455 478 1489 colore
504 1459 658 1490 externo
699 1456 797 1498 (Sat.
825 1459 857 1499 2,

124 1501 158 1541 1,
182 1501 238 1533 60.
272 1500 366 1545 ΕΜ).
395 1504 426 1543 1,
454 1503 508 1544 17,
534 1501 610 1545 23.)
632 1503 858 1547 interpreta-

122 1545 237 1587 beris,
261 1549 305 1581 ut
329 1548 378 1582 sit
404 1548 597 1591 „diversa,
621 1551 858 1583 verschie-

122 1594 388 1636 denartiq.“
453 1595 528 1630 Cfr.
564 1597 668 1631 Pers.
706 1599 747 1636 5,
785 1599 857 1631 52:

121 1641 228 1675 Hine
266 1642 450 1676 heminam
485 1645 619 1685 species
660 1647 693 1677 el
733 1653 858 1678 rerum

122 1687 278 1720 discolor
313 1697 412 1723 usus.
438 1708 483 1714 —
508 1691 642 1734 infido]
681 1690 756 1724 Cfr.
790 1690 857 1725 Od.

124 1735 157 1775 1,
181 1736 239 1776 35,
264 1736 321 1769 25.
341 1754 384 1760 -—
401 1745 552 1771 scurrae
578 1738 746 1781 distabit]
772 1738 858 1772 vid.

121 1779 170 1814 ad
194 1781 288 1826 Epp.
316 1785 348 1825 1,
373 1785 407 1826 7,
432 1787 489 1818 48.

170 1851 246 1886 5-9.
271 1853 468 1897 diversum]
496 1856 768 1898 „contum-ium,
794 1867 859 1901 op-

121 1898 320 1941 positum.“
348 1919 391 1924 —
416 1902 504 1934 vitio
528 1903 672 1946 vitium]
711 1903 786 1936 Cfr.
812 1904 859 1937 ad

122 1943 216 1989 Epp.
239 1947 272 1986 l,
292 1948 347 1989 19,
365 1950 398 1981 6.
413 1957 582 1990 —prope
605 1950 740 1992 maius]
768 1961 858 1994 qua-

123 1992 234 2025 tenus
259 1992 311 2034 is,
336 1994 398 2027 cui
422 1994 538 2037 inest,
568 2006 725 2040 prorsus
751 1997 858 2031 aber-

123 2039 183 2071 rat
206 2048 229 2071 a
252 2038 327 2073 fine
353 2050 422 2074 suo
452 2041 666 2086 principum
692 2042 859 2077 virorum

71 2091 75 2094 ’
124 2083 290 2118 favorem
313 2086 388 2120 sibi
418 2088 655 2122 conciliandi.
683 2108 726 2112 -
753 2099 859 2131 aare·

123 2131 189 2164 slis
214 2131 307 2174 θοὴ]
345 2132 554 2168 Cumulatis
585 2135 645 2169 his
683 2136 860 2180 epithetis

126 2176 333 2222 significat,
370 2182 606 2225 quantopere
639 2183 787 2226 ingrata
817 2194 861 2218 ac

125 2224 282 2259 molesta
317 2226 366 2260 sit
399 2227 616 2262 huiusmodi
655 2229 860 2264 rusticitas.

127 2289 169 2294 —-
195 2272 435 2316 inconcinna]
478 2274 710 2316 „invenusta
747 2279 860 2321 atque

124 2316 314 2362 insuavis,
340 2321 430 2365 quia
454 2320 643 2366 discrepat
668 2323 712 2356 ab
740 2334 784 2357 ea
809 2324 861 2357 vi-

125 2367 184 2399 tae
210 2366 373 2409 ratione,
406 2378 517 2412 quam
547 2369 719 2403 homines
751 2371 860 2414 politi

125 2415 164 2445 et
194 2422 318 2447 comes
353 2416 598 2459 sequuntur.“
629 2435 672 2439 —
699 2425 793 2457 quae
824 2427 861 2451 se

124 2460 372 2504 commendat]
411 2473 541 2506 „quae
575 2473 614 2496 se
649 2463 735 2497 aliis
761 2475 860 2498 com-

124 2506 301 2541 mendare
327 2507 464 2551 studet,
491 2520 587 2554 quae
613 2510 734 2544 credit
759 2512 860 2545 omni

123 2552 281 2588 mollitie
326 2555 439 2590 vitata
480 2566 520 2590 se
563 2558 859 2592 commendatum

124 2598 185 2652 iri,
209 2602 366 2636 maxime
391 2602 438 2648 τῇ
462 2602 502 2636 ἐν
519 2603 599 2650 χρῷ
616 2605 750 2652 κουρᾷ,
775 2616 860 2650 par-

125 2647 308 2682 cimoniae
342 2649 473 2694 signo,
509 2654 709 2696 ceteraque
743 2653 862 2698 negli-

125 2694 251 2735 gentia
280 2696 321 2728 in
346 2696 496 2740 habitu,
530 2709 641 2742 quam
670 2703 861 2734 consecta-

902 1033 1040 1068 bantur
1072 1034 1252 1079 aretalogi
1289 1033 1405 1068 Stoici
1440 1038 1477 1068 et
1509 1033 1640 1079 Cynici

902 1081 1115 1126 horumque
1140 1082 1240 1115 inter
1265 1080 1455 1116 Romanos
1481 1082 1642 1116 imitato-

904 1129 1000 1162 res.“
1026 1147 1075 1152 -—-
1100 1132 1204 1162 tonsa
1230 1129 1330 1171 cute]
1356 1129 1514 1173 Proprie
1540 1128 1642 1163 dice-

904 1175 994 1209 bant
1012 1179 1121 1217 capul
1140 1176 1188 1209 ad
1206 1178 1322 1210 cutem
1346 1177 1504 1210 tondere.
1543 1175 1642 1210 Cels.

906 1224 944 1264 3,
974 1224 1028 1256 18.
1055 1226 1097 1265 4,
1123 1225 1155 1256 2.
1183 1242 1225 1246 -—
1255 1224 1402 1256 libertas
1428 1224 1500 1256 dici
1524 1223 1642 1267 mera]

905 1269 951 1302 de
976 1270 1128 1303 homine
1154 1269 1359 1304 identidem
1387 1281 1494 1304 suam
1527 1270 1642 1304 liber-

907 1319 1019 1350 tatem
1039 1320 1229 1361 crepante,
1254 1317 1342 1350 dum
1361 1317 1483 1351 nescit
1499 1327 1539 1351 se
1556 1316 1644 1351 rudi

906 1363 973 1397 illa
1004 1364 1207 1408 asperitate
1240 1364 1334 1398 alios
1368 1363 1570 1398 offendere.
1598 1383 1641 1388 --

907 1419 1065 1451 ceraque
1084 1410 1214 1453 virtus]
1242 1422 1352 1453 „vera
1377 1411 1418 1444 in
1445 1411 1644 1456 qualicun-

908 1468 982 1501 que
1007 1457 1232 1491 condicione
1258 1458 1408 1491 vivendi
1440 1459 1570 1492 ratio.“
1600 1477 1644 1482 -—-

905 1506 1062 1537 medium
1084 1505 1270 1548 viliorum]
1297 1515 1342 1538 ex
1365 1507 1454 1539 nota
1477 1505 1544 1539 illa
1559 1505 1645 1539 Ari-

907 1551 1052 1585 stotelis
1090 1551 1272 1585 doctrina.
1322 1551 1406 1585 Eth.
1437 1551 1579 1586 Nicom.
1611 1554 1645 1595 2,

907 1601 948 1631 6:
966 1595 1095 1631 Ἔστιν
1113 1595 1138 1642 ἦ
1155 1597 1273 1644 ‹ipe-1⁷)
1289 1594 1369 1641 ’ἕξις
1387 1596 1646 1646 προαιρετική,

907 1645 947 1677 ἐν
978 1642 1164 1688 μεσότητι
1195 1646 1307 1679 οὐσα.
1331 1665 1351 1670 -
1367 1644 1575 1690 -μεσότης
1605 1646 1646 1679 δὲ

906 1689 976 1725 δύο
997 1693 1152 1730 κακιῶν,
1177 1693 1247 1736 ’τῆς
1270 1693 1341 1736 μὲν
1365 1694 1455 1726 καθ’
1480 1691 1646 1740 ὑπερβο-

906 1737 989 1782 λήν,
1033 1740 1100 1783 τῆς
1136 1739 1175 1772 δὲ
1212 1741 1294 1772 κατ’
1334 1736 1517 1782 ἔλλειψιν.
1568 1740 1645 1774 cic.

906 1786 1013 1820 Brut.
1039 1789 1105 1829 40,
1133 1789 1223 1820 149:
1262 1789 1349 1821 Cum
1381 1789 1497 1821 omnis
1529 1789 1646 1821 virtus

906 1835 969 1875 sic,
994 1836 1035 1867 ut
1060 1837 1201 1876 vestra,
1227 1836 1355 1876 Brute,
1380 1837 1484 1868 velus
1508 1836 1646 1868 Acade-

907 1882 981 1914 mia
1006 1882 1111 1923 dia-it,
1136 1883 1378 1923 mediocritas,
1404 1885 1558 1923 uterque
1583 1883 1645 1915 ho-

906 1936 990 1960 rum
1021 1930 1181 1962 medium
1214 1930 1389 1969 quiddam
1419 1930 1562 1962 volebat
1593 1938 1647 1962 se-

909 1976 985 2015 qui.
1019 1994 1062 1999 —
1100 1977 1274 2016 utrinque
1310 1976 1528 2019 reductum]
1572 1976 1646 2018 „ab

909 2024 1070 2066 utroque
1109 2025 1300 2064 extremo,
1344 2027 1387 2056 ut
1429 2023 1512 2067 ipsa
1547 2023 1645 2057 ratio

909 2068 1030 2110 docet,
1056 2071 1277 2103 remotum.“

959 2140 1109 2171 10—12.
1134 2139 1252 2181 Alter]
1284 2141 1517 2181 „assentator
1544 2150 1648 2174 scur-

909 2184 1027 2218 rilis.“
1056 2185 1106 2227 (v.
1133 2186 1182 2227 4.)
1210 2205 1253 2208 —
1280 2186 1475 2229 imi-lecti]
1504 2186 1543 2220 in
1570 2197 1646 2231 quo

910 2241 987 2264 uua
1025 2241 1109 2265 cum
1146 2233 1309 2266 convivii
1352 2233 1503 2268 domino
1546 2234 1648 2268 soliti

911 2277 991 2311 eius
1024 2288 1175 2313 scurrae
1208 2279 1489 2314 accumbebant.
1540 2280 1648 2314 Conf.

910 2322 984 2358 Sat.
1011 2327 1044 2366 2,
1071 2327 1104 2367 8,
1130 2328 1176 2359 40
1203 2337 1258 2371 sq.
1299 2327 1366 2360 Est
1391 2330 1515 2362 autem
1541 2329 1661 2372 geni-

909 2371 1007 2405 tivus
1029 2373 1103 2406 loci
1127 2373 1256 2417 potius
1275 2385 1386 2418 quam
1404 2374 1553 2417 obiecti,
1578 2385 1648 2419 pro

910 2429 985 2462 quo
1011 2430 1033 2453 a
1056 2421 1248 2464 plerisque
1274 2421 1368 2455 falso
1400 2421 1572 2463 habetur,
1607 2425 1649 2455 ut

910 2465 979 2508 sit,
1018 2468 1115 2511 „qui
1139 2468 1248 2501 modo
1274 2469 1425 2512 patroni
1452 2468 1562 2502 dictis
1588 2479 1647 2502 ar-

909 2512 1048 2556 rideat,
1072 2514 1182 2548 modc
1208 2515 1332 2559 ipsum
1357 2515 1560 2549 derideat.“
1602 2515 1648 2548 H.

909 2559 936 2594 1.
961 2561 1103 2594 derisor
1134 2565 1191 2596 est
1220 2562 1273 2604 is,
1309 2563 1416 2596 cuius
1450 2562 1559 2606 quasi
1595 2562 1649 2595 of-

909 2605 1035 2641 ficium
1061 2611 1142 2642 erat
1175 2612 1322 2643 ceteros
1355 2619 1508 2643 scurras
1534 2612 1647 2653 atque

910 2654 1083 2697 umbras,
1115 2656 1288 2689 homines
1323 2656 1434 2690 etiam
1460 2654 1648 2698 absentes,

911 2700 1022 2735 dictis
1054 2701 1187 2736 facetis
1222 2708 1258 2736 et
1294 2703 1535 2737 mordacibus
1574 2706 1649 2736 tra-
