1786 2912
660 199 663 202 Ι
680 149 776 185 Lm.
798 149 829 184 1.
877 148 981 183 su.
1004 147 1070 182 iv.
1571 145 1625 187 57

240 253 341 296 Sive
370 253 562 296 vetabat:
593 251 664 294 An
693 251 774 292 hoc
803 250 1078 292 inhonestum
1110 252 1154 291 et
1184 247 1335 290 inutile
1365 246 1480 289 factu

238 323 384 366 Necne
414 323 484 377 sit,
514 321 754 375 addubites,
784 321 936 376 flagret
965 333 1132 362 rumore
1162 318 1274 360 malo
1305 331 1402 360 cum

238 394 323 436 Hic
353 397 481 450 atque
511 393 614 435 ille?
643 391 805 434 Avidos
836 390 1023 433 vicinum
1053 389 1179 431 funus
1210 392 1254 432 et
1284 402 1435 444 aegros

238 464 469 506 Exanimat
498 463 732 518 mortisque
762 465 879 504 metu
910 460 992 503 sibi
1023 473 1197 516 parcere
1229 460 1361 515 cogit,

241 534 313 577 Sic
342 538 512 578 teneros
543 533 706 575 animos
737 532 877 574 aliena
906 530 1134 588 opprobria
1165 532 1295 586 saepe

239 605 494 647 Absterrent
524 604 654 645 vitiis.
697 602 766 644 Ex
796 602 878 644 hoc
908 615 987 658 ego
1019 615 1147 643 sanus
1179 601 1232 642 ab
1264 601 1372 653 illis,

238 675 479 718 Perniciem
511 687 787 730 quaecunque
818 671 973 725 ferunt,
1007 671 1290 714 mediocribus
1312 659 1355 713 et
1376 670 1470 727 quis

239 746 442 801 Ignoscas
473 745 589 786 vitiis
621 748 785 797 teneor3
818 742 1010 785 fortassis
1042 748 1084 784 et
1115 742 1241 784 istinc

239 816 439 872 Largiter
470 814 692 857 abstulerit
722 814 849 869 longa
880 817 1011 866 aetas,
1044 813 1153 855 liber
1183 812 1364 865 amicus,

65 918 103 954 ό
242 886 479 928 Consilium
499 885 740 941 proprium3
772 898 910 940 neque
932 884 1059 936 enim,
1083 897 1179 925 cum
1199 883 1380 925 lectulus
1403 886 1476 924 aut
1498 896 1566 924 me

240 955 434 999 Porticus
466 956 653 1011 excepit,
685 955 834 997 desum
864 954 982 996 mihi.
1024 954 1199 996 Rectius
1232 953 1312 995 hoc
1344 953 1432 995 est!

240 1026 335 1069 Hoc
366 1027 526 1069 faciens
559 1026 700 1068 vivam
733 1025 907 1068 melius!
951 1024 1023 1066 Sic
1052 1025 1187 1066 dulcis
1219 1025 1366 1067 amicis

239 1097 490 1140 Occurram!
522 1097 615 1139 Hoc
647 1096 817 1152 quidam
849 1110 934 1138 non
964 1095 1099 1149 belle3
1130 1095 1336 1151 numquid
1368 1108 1448 1150 ego
1480 1094 1541 1135 illi

183 1182 187 1183 ⁷
240 1168 490 1224 Imprudens
523 1168 624 1209 olim
654 1164 1004 1218 faciamsssimile?
1022 1199 1032 1208 .
1052 1198 1062 1207 .
1081 1198 1091 1207 .
1113 1166 1235 1208 Haec
1266 1180 1346 1222 ego
1379 1179 1544 1208 mecum

1545 318 1627 358 125

1547 670 1630 711 130

1549 1024 1631 1064 135

239 1238 507 1302 §ompressis
539 1239 654 1294 agito
683 1237 837 1291 labris3
871 1237 943 1279 ubi
975 1237 1078 1293 quid
1108 1236 1231 1279 datur
1262 1237 1335 1289 oti,

239 1309 376 1351 Illudo
410 1309 581 1351 chartis.
624 1309 718 1350 Hoc
751 1312 816 1350 est
847 1308 1132 1350 mediocribus
1163 1307 1247 1348 illis

239 1378 310 1420 Ex
340 1380 454 1428 vitiis
486 1394 636 1431 unum3
670 1380 735 1420 cui
768 1379 803 1419 si
837 1378 1068 1420 concedere
1100 1378 1230 1430 nolis,

159 1537 161 1539 ,
219 1509 298 1541 140.
323 1509 422 1541 noles
448 1508 641 1541 Bentleius
665 1508 895 1541 coniectura.

122 1619 298 1661 optimum
322 1627 498 1660 quemque
522 1620 561 1651 in
584 1619 733 1652 selectos
758 1619 852 1651 iudi-

124 1673 180 1699 ces
203 1666 353 1708 referre.

171 1713 337 1746 124-143.
362 1714 421 1746 Δπ
446 1713 511 1746 hoc
535 1712 620 1755 cet]
646 1712 852 1746 Construe:

45 1772 55 1781 ·
122 1760 182 1792 An
192 1759 381 1792 addubites
398 1761 461 1802 (an
475 1761 596 1804 possis
610 1759 670 1793 vel
683 1759 853 1803 aliquan-

123 1806 243 1840 tulum
268 1806 484 1848 dubitare),
509 1810 635 1840 utrum
662 1808 727 1839 hoc
751 1808 853 1839 inho-

123 1856 263 1887 mmm
287 1855 333 1887 sit
357 1855 495 1886 necne?
523 1864 619 1887 non:
645 1854 852 1895 Addubiles,

122 1909 174 1933 απ
198 1901 284 1945 (pro
303 1901 441 1942 ulrum)
469 1902 534 1933 hoc
557 1901 784 1933 inhonestum
807 1902 854 1933 sit

123 1948 260 1980 necne?
324 1946 434 1981 Hand
472 1947 581 1981 Turs.
617 1947 647 1981 Ι.
688 1959 723 1991 p.
762 1949 854 1980 310:

126 1993 249 2035 „Haec
273 1993 514 2028 Heindorflus
544 2005 619 2027 non
645 1994 853 2028 intellexit“

125 2041 349 2085 (explicansz
374 2041 507 2074 Utrum
524 2042 596 2075 hoc
613 2041 853 2075 inhonestum

126 2087 185 2128 sit,
202 2098 321 2122 necne
329 2089 376 2130 ἲ).
404 2088 521 2129 „Sunt
538 2089 636 2121 enim
654 2089 726 2122 ista
742 2089 855 2123 verba

125 2144 147 2167 e
172 2143 343 2168 sermone
375 2136 629 2178 praeceptoris
661 2135 856 2179 desumpta

127 2190 297 2226 nexaque
314 2182 397 2215 aliis
420 2182 478 2222 iis,
499 2192 595 2225 quae
622 2183 855 2215 omittuntur.

126 2228 183 2260 Δπ
207 2230 264 2262 est
274 2227 327 2261 ‘id
353 2228 452 2272 quod
478 2231 542 2261 aut
568 2232 673 2261 extra
697 2229 857 2262 interro·

125 2274 333 2319 gationem3
360 2275 614 2318 vertendaque
640 2276 731 2308 haec
750 2278 855 2308 sunt:

127 2323 217 2355 oder
247 2322 415 2363 zwet'selsl
448 2321 532 2355 du.“
560 2341 603 2345 —
634 2323 762 2355 inutile
799 2324 856 2363 sa-

126 2367 200 2411 ctu]
225 2368 263 2402 id
289 2372 356 2411 est,
384 2369 576 2412 „noxium
603 2369 857 2410 damnosum“,

56 2452 59 2460 ἱ
127 2417 170 2448 nt
202 2415 401 2460 aliquoties
436 2416 535 2459 apud
569 2415 857 2455 Quintilianum.

128 2460 204 2495 cfr.
230 2461 410 2507 Spalding
434 2462 480 2496 ad
505 2465 538 2504 5,
566 2466 619 2505 10,
646 2465 702 2496 82.
736 2464 858 2507 Atque

127 2519 283 2552 prorsus
321 2510 375 2542 sic
407 2509 542 2543 Graeci
580 2513 764 2554 usurpant
801 2521 858 2544 vv,

127 2552 295 2602 ἀχρεῖον,
326 2551 533 2603 ἄχρηστον.
562 2576 601 2580 —
631 2558 761 2598 [lauret
795 2566 859 2589 ru-

127 2603 248 2646 more]
285 2602 447 2648 imagine
484 2615 506 2637 a
543 2604 681 2637 nostris
719 2603 859 2649 linguis

129 2648 263 2683 aliena.
288 2648 383 2684 Nos:
410 2652 480 2683 ein
506 2651 632 2684 fibler
656 2652 750 2692 Rus
768 2660 859 2684 ver-

130 2695 269 2737 rotat,
312 2698 540 2738 bear-«inm
581 2699 765 2739 diesen,
809 2707 856 2731 er

1551 1376 1635 1417 140

900 1619 1015 1651 steht
1040 1619 1084 1650 in
1115 1618 1259 1651 violem
1283 1619 1408 1659 Rufe.
1429 1636 1471 1640 —
1490 1617 1635 1660 Avidus]

904 1665 1253 1709 „intemperantes.“
1273 1664 1417 1698 SGHOL.
1427 1683 1471 1688 ——
1482 1664 1636 1707 Enhoc]

903 1712 1071 1755 „hinc“‚
1109 1711 1153 1745 ἐκ
1178 1708 1334 1751 τούτου,
1374 1711 1475 1754 „hac
1501 1711 1637 1745 educa-

902 1759 1040 1793 tione.“
1061 1778 1103 1782 —
1125 1758 1393 1801 liber‘amicus]
1419 1755 1637 1805 ,ταρῥησια-

903 1802 1014 1849 στῆς,
1054 1806 1149 1850 „qui
1184 1817 1267 1840 mea
1290 1806 1380 1840 vitia
1414 1816 1499 1839 cum
1524 1806 1638 1839 liber-

903 1855 977 1887 tate
997 1853 1193 1898 corrigat.“
1211 1873 1253 1876 —
1271 1852 1437 1895 lectulus]
1462 1853 1639 1887 lucubra-

903 1900 1036 1934 torius.
1064 1919 1106 1924 -—
1134 1900 1314 1943 Porticus]
1339 1900 1405 1942 '„in
1431 1910 1507 1944 qua
1534 1900 1637 1934 solus

903 1946 1146 1981 deambulare
1173 1948 1310 1981 soleo.“
1326 1967 1370 1970 —
1385 1949 1510 1980 desum
1534 1947 1636 1990 mihi]

905 2005 1003 2035 „non
1022 1994 1184 2039 negligo,
1211 1994 1312 2039 quod
1330 1993 1445 2028 officii
1463 1994 1537 2028 mei
1563 1997 1637 2037 est3

903 2042 1015 2074 immo
1035 2041 1187 2075 elaboro
1205 2041 1246 2074 in
1262 2044 1398 2075 memet
1414 2041 1497 2085 ipso
1513 2051 1638 2075 emen-

904 2088 1063 2122 dando.“
1084 2107 1127 2111 —
1147 2088 1379 2131 Imprudens]
1414 2088 1640 2130 „insciens“,

905 2132 1105 2168 λανθάνων
1166 2132 1344 2178 ἐμαυτόν.
1395 2154 1437 2158 ——
1488 2135 1639 2178 Illudo]

907 2183 1036 2226 „quasi
1054 2182 1190 2215 ludens
1209 2182 1370 2216 coniicio
1389 2183 1428 2215 in
1456 2183 1638 2216 chartas.“

907 2248 948 2251 —
977 2230 1036 2262 cui
1059 2230 1091 2261 si
1116 2231 1308 2262 concedere
1334 2229 1443 2271 nolis]
1477 2229 1641 2274 „quodsi

906 2276 1002 2309 forte
1040 2276 1129 2308 huic
1166 2276 1256 2309 vitio
1299 2276 1499 2321 ignoscere
1541 2276 1640 2311 nolis

907 2322 1033 2367 (quod
1060 2325 1182 2356 tamen
1217 2325 1252 2356 te
1278 2323 1468 2356 facturum
1494 2333 1604 2367 spero
1615 2324 1641 2366 ),

907 2380 973 2414 pro
1000 2372 1102 2403 certo
1128 2370 1255 2403 veniet
1279 2370 1372 2404 cet.“
1400 2369 1462 2404 Sic
1487 2370 1553 2404 ubi
1579 2381 1640 2404 ac-

908 2417 1138 2461 ceperimus,
1187 2419 1343 2462 apparet
1382 2417 1641 2451 necessarium

908 2474 982 2497 non
1002 2474 1096 2505 esse,
1122 2467 1164 2497 ut
1181 2464 1389 2498 scribamus
1407 2475 1492 2497 cum
1509 2463 1643 2497 Kirch-

909 2521 999 2544 nero
1026 2511 1308 2552 nolis·-veniat,
1334 2514 1400 2544 aut
1425 2518 1511 2544 curn
1526 2511 1642 2545 Bent-

909 2557 982 2591 leio
1007 2558 1290 2591 noles--vem'a,
1330 2558 1515 2591 Futurum
1543 2558 1643 2590 noles

909 2606 1008 2638 esset
1047 2605 1258 2649 praefracte
1300 2604 1498 2649 negantis;

908 2651 1048 2695 dicitur
1073 2651 1120 2685 (le
1146 2662 1207 2693 eo,
1240 2652 1305 2696 qui
1330 2650 1578 2695 probabiliter
1603 2651 1642 2684 id

904 2703 1156 2732 concessurus
1183 2701 1259 2739 θεῖς
1295 2699 1368 2731 hoc
1402 2708 1490 2742 ergo
1526 2697 1641 2731 urba·

1547 2605 1642 2637 nolis
1675 2619 1678 2621 ·
