1774 2930
167 156 252 197 374

636 157 844 192 HORATII
868 157 1217 194 EPISTOLARUM

287 256 480 311 Credite,
514 271 599 299 non
629 257 754 312 ludo,
788 258 1002 313 crudeles,
1034 260 1172 304 tollite
1204 261 1414 304 claudum.

288 327 456 376 Quaere
487 329 785 385 peregrinum,
818 329 978 371 vicinia
1007 345 1138 374 rauca
1166 333 1381 375 reclamat.
1462 325 1467 327 ’

641 518 981 590 EpistronA
1009 523 1209 566 xvm.

285 603 331 646 Si
362 605 473 647 bene
505 609 548 648 te
579 606 701 659 novi,
733 609 921 660 metues,
953 605 1172 648 liberrime
1201 604 1336 659 Lolli,

286 674 528 718 Scurrantis
561 677 750 732 speciem
780 677 1008 734 praebere,
1041 675 1261 732 professus
1293 675 1489 719 amicum.

165 811 209 815 —
238 794 379 837 tollite]
416 795 480 836 „ut
505 794 552 828 ad
578 794 798 840 chirurgum
823 806 910 839 por-

165 842 257 874 ter.“
310 840 372 875 Sic
404 842 447 875 A.
481 841 522 875 P.
557 843 646 875 458:
684 843 910 876 Si--decidit

165 896 298 930 auceps
324 890 371 921 In
402 891 553 930 puteum
586 891 791 931 foveamve,
830 891 908 923 licet

168 937 417 977 „Succurrite“
464 937 611 978 lonqum
654 938 790 970 Clamet
844 939 908 976 „Io

167 983 315 1026 eivesffl,
359 991 433 1016 non
457 985 502 1016 sit
528 985 591 1024 qm·
622 986 668 1017 to
685 985 821 1017 llere
847 994 908 1017 cu-

165 1033 231 1063 ret.
259 1049 303 1053 —-
332 1032 476 1072 Quaere
498 1031 761 1074 pereqrinum]
789 1030 907 1070 Quin-

164 1077 221 1110 til.
249 1081 282 1119 6,
309 1079 342 1120 3,
369 1080 409 1111 9:
447 1078 632 1111 Adiuvant
659 1080 907 1112 urbanitatem

165 1127 198 1158 et
222 1133 350 1158 versus
376 1126 558 1159 commode
581 1127 795 1168 positi,--et
817 1135 907 1167 pro-

165 1173 293 1205 verbia
310 1175 514 1214 opportune
532 1175 684 1214 aptata.-
708 1175 749 1206 ut
769 1174 906 1207 homini

165 1227 324 1260 nequam
365 1221 467 1261 tapso
501 1223 552 1262 et,
589 1223 629 1253 ut
666 1221 906 1263 allevaretur,

164 1268 323 1309 roganti,
343 1268 505 1300 Tottat
531 1270 590 1309 te,
619 1269 697 1308 qui
721 1276 810 1300 non
834 1276 906 1301 no-

163 1314 238 1347 vit.
268 1333 310 1338 ——
337 1314 482 1357 rauca]
535 1325 658 1357 „sono
710 1315 904 1350 incondito

164 1361 378 1396 vociferans
403 1372 526 1406 usque
559 1362 607 1395 ad
639 1362 792 1396 ravim.“
843 1362 905 1396 Iu-

165 1419 250 1443 ven.
270 1411 303 1451 8,
330 1411 394 1443 59:
422 1410 582 1444 eoesultat
607 1418 724 1443 rauco
750 1410 905 1443 victoria

167 1457 279 1490 Circo.
313 1456 398 1499 „Sic
424 1460 477 1499 tu,
505 1457 621 1491 semel
649 1457 681 1491 si
706 1456 903 1491 mendacio

165 1507 230 1537 aut
256 1503 343 1538 dolo
371 1503 567 1548 deceperis
585 1504 782 1546 fautorem,
809 1504 906 1538 nihil

165 1550 239 1584 iam
266 1551 313 1585 ab
339 1562 383 1585 eo
409 1551 593 1586 auferes.“

210 1597 348 1632 XVIII.
375 1599 562 1641 Lollium,
596 1598 786 1632 iuniorem
812 1599 904 1632 ami-

166 1655 250 1679 cum
278 1645 341 1687 (de
359 1657 435 1690 quo
454 1646 550 1688 vide,
578 1656 675 1689 quae
694 1645 795 1681 dicta
816 1649 906 1680 sunt

163 1693 210 1727 ad
228 1693 439 1737 Epistolam
466 1692 698 1735 secundam),
724 1693 903 1728 Horatius

163 1739 211 1774 ad
236 1743 376 1775 rectam
399 1741 612 1785 potentium
639 1740 826 1774 culturam
851 1741 905 1774 ita

164 1787 342 1830 instituit,
360 1791 402 1821 ut
419 1788 699 1822 adolescentem
713 1788 827 1820 huius
841 1798 904 1832 ge-

164 1835 268 1868 neris
286 1835 386 1869 vitae
403 1835 563 1869 fortasse
582 1834 695 1867 nimis
722 1834 902 1878 cupidum

164 1881 357 1926 nimiaque
384 1881 579 1916 commoda
604 1881 677 1914 sibi
703 1880 793 1914 inde
816 1892 904 1925 pro-

163 1929 385 1971 mittentem,
414 1929 526 1962 simul
553 1928 763 1970 admoneat,
790 1939 903 1972 quam

163 1976 283 2010 multa
301 1976 426 2010 officia
442 1976 563 2010 libero
583 1978 621 2009 et
638 1975 804 2020 ingenuo
820 1976 902 2009 viro

163 2024 226 2057 vix
243 2023 332 2057 satis
351 2023 466 2068 digna
485 2023 561 2057 sint
575 2022 811 2057 observanda
827 2023 902 2057 tale

163 2071 235 2104 iter
260 2071 468 2116 ingressis,
494 2073 531 2104 et
556 2081 667 2114 quam
694 2070 813 2104 multa
837 2081 902 2114 pe-

164 2118 286 2152 ricula
317 2119 503 2152 fautorem
542 2117 758 2153 offendendi
792 2117 902 2152 anxie

164 2165 377 2211 devitanda.
411 2165 558 2199 Idcirco
576 2164 750 2206 amicum,
767 2167 903 2199 natura

164 2213 211 2247 ad
252 2213 465 2247 libertatem
514 2223 765 2256 propensum,
815 2215 903 2246 ante

165 2261 291 2294 omnia
308 2260 529 2294 dehortatur
547 2271 570 2294 a
586 2259 734 2293 duobus
757 2259 829 2293 sibi
847 2259 903 2292 di-

164 2308 283 2342 versis
310 2308 433 2349 vitiis,
466 2306 681 2351 asperitatis
707 2306 903 2340 inconcin-

164 2364 236 2388 nae
262 2355 380 2389 altero
407 2355 479 2397 (vir.
502 2356 577 2388 5-8.
605 2354 756 2396 15-20.),
781 2354 901 2388 altero

164 2402 394 2436 adulationis
428 2401 601 2436 scurrilis
636 2401 707 2443 (vv,
735 2401 901 2443 10-14.).

163 2448 311 2483 Deinde
345 2449 456 2483 docet
480 2448 688 2482 cavendum
714 2459 817 2490 esse,
852 2459 900 2483 ne

163 2496 277 2530 variis
303 2495 405 2529 vitiis
432 2495 624 2538 (libidine,
651 2495 750 2536 alea,
777 2497 901 2529 osten-

163 2543 326 2585 tatione,
359 2542 532 2584 avaritia)
562 2545 754 2586 potentem
779 2542 901 2577 fauto-

164 2601 242 2625 rem
277 2590 337 2624 vel
370 2589 416 2624 ab
451 2600 492 2624 sc
525 2589 666 2623 alienet
694 2591 754 2623 vel
787 2589 900 2624 nimis

165 2637 352 2672 obnoxius
378 2637 412 2672 ei
438 2636 503 2671 fiat
519 2637 578 2670 vel
604 2636 657 2670 ita
682 2637 727 2670 ab
756 2647 799 2671 eo
826 2639 900 2670 tra·

165 2688 309 2728 otetur,
343 2687 385 2718 ut
416 2683 563 2718 solebat
586 2694 702 2718 vanos
728 2684 900 2719 homines

165 2732 306 2766 sensim
319 2731 480 2776 perdere
494 2731 723 2775 Eutrapelus
742 2731 808 2765 ille
828 2732 900 2773 (vv.

959 794 1108 836 21-36.).
1149 793 1246 827 Dein
1273 793 1436 828 Lollium
1461 794 1695 839 dehortatur,

960 852 1008 875 ne
1047 841 1221 875 curiosus
1259 842 1308 875 sit
1348 843 1580 876 secretorum
1618 853 1694 877 neu

960 890 1159 923 commissa
1179 888 1344 933 divolget
1362 889 1433 932 (vv.
1452 891 1509 924 37.
1528 891 1619 933 38.);
1645 901 1694 924 ne

959 946 1027 970 sua
1061 937 1185 970 studia
1219 935 1355 970 studiis
1379 936 1531 980 patroni
1564 937 1692 971 remit-

958 986 1037 1017 tere
1073 986 1294 1026 cunctetur,
1328 994 1422 1018 neve
1455 983 1693 1019 inofficiosus

957 1030 1131 1064 videatur
1155 1031 1227 1073 (W.
1245 1031 1401 1074 39-66.);
1428 1042 1476 1065 ne
1501 1031 1693 1066 incautius

957 1077 1002 1111 de
1030 1078 1116 1112 aliis
1150 1078 1328 1122 loquatur
1355 1078 1428 1120 (vv,
1454 1078 1610 1121 68-71.);
1644 1089 1695 1113 ne

956 1125 1115 1160 ancillas
1149 1135 1337 1169 puerosve
1370 1125 1513 1159 domini
1547 1125 1695 1160 adamet

957 1173 1029 1215 (vv.
1049 1172 1208 1216 72-75.);
1234 1183 1282 1206 ne
1307 1172 1587 1216 imprudentius
1607 1176 1695 1218 agat

955 1219 996 1253 in
1022 1219 1108 1254 aliis
1135 1219 1441 1254 commendandis
1467 1221 1527 1254 vel
1558 1220 1692 1254 intem-

954 1268 1098 1310 pestive
1140 1267 1388 1301 defendendis
1427 1267 1499 1309 (vv.
1539 1267 1692 1310 76-85.).

954 1313 1032 1348 Iam
1074 1317 1276 1359 postquam
1316 1315 1371 1348 tot
1406 1318 1609 1358 praecepta
1646 1314 1693 1349 de

955 1362 1022 1404 iis,
1049 1372 1146 1406 quae
1172 1361 1290 1395 vitare
1319 1361 1494 1404 deberet,
1527 1361 1693 1404 tradidit,

954 1408 995 1442 in
1021 1409 1104 1443 loco
1131 1408 1320 1443 communi
1343 1408 1389 1442 de
1407 1408 1630 1443 difficultate
1648 1419 1694 1444 ao

953 1456 1136 1499 periculis
1162 1457 1334 1490 culturae
1366 1456 1579 1500 potentium
1603 1456 1694 1490 ami-

955 1513 1085 1537 corum
1123 1503 1317 1548 paulisper
1354 1503 1578 1537 immoratur
1617 1504 1690 1546 (vv.

954 1551 1104 1592 86-88.).
1157 1550 1311 1595 „Caput
1352 1561 1480 1585 rerum
1521 1552 1647 1584 autem
1660 1551 1693 1593 ¹⁴,

953 1598 1095 1643 pergit,
1134 1599 1227 1640 „hoc
1253 1600 1329 1640 est,
1354 1600 1397 1632 ut
1421 1597 1692 1640 accommodes,

954 1645 1080 1689 quoad
1097 1645 1181 1679 eius
1198 1645 1281 1679 fieri
1298 1647 1434 1690 potest,
1459 1647 1545 1679 tuos
1567 1655 1691 1679 mores

953 1692 1055 1737 regis
1082 1692 1137 1726 tui
1160 1692 1279 1726 indoli
1296 1693 1508 1726 universae.
1534 1691 1691 1735 Verum,

953 1750 1001 1773 ne
1020 1743 1123 1773 recta
1139 1739 1200 1773 via
1217 1739 1380 1781 deerres,
1399 1738 1501 1773 omni
1518 1740 1687 1783 tempore

952 1786 1260 1830 philosophorum
1287 1786 1428 1830 scripta
1452 1785 1578 1831 legere
1603 1796 1690 1829 per-

951 1843 1037 1877 ges,
1064 1844 1226 1877 quorum
1251 1833 1494 1867 institutione
1521 1832 1690 1877 quando-

953 1890 1026 1924 que
1053 1880 1262 1922 condiscas,
1287 1890 1386 1924 quae
1411 1879 1461 1914 sit
1485 1879 1561 1914 vita
1587 1882 1691 1914 tran-

953 1927 1073 1971 quilla
1096 1930 1134 1962 et
1150 1938 1239 1962 vere
1263 1927 1385 1970 beata,
1411 1938 1487 1972 qua.
1511 1926 1688 1971 equidem

953 1985 1021 2020 ego
1040 1975 1080 2008 in
1099 1974 1240 2009 Sabino
1265 1985 1348 2009 meo
1365 1974 1573 2019 perfruor.“
1599 1974 1689 2018 Epi-

952 2022 1086 2056 stolam
1112 2022 1291 2066 scriptam
1317 2032 1400 2056 esse
1425 2033 1458 2056 a.
1483 2033 1520 2055 u.
1547 2031 1579 2055 c.
1606 2023 1687 2056 734.

952 2069 1061 2104 docet
1086 2079 1119 2103 v.
1146 2071 1191 2103 56
1219 2080 1274 2114 sq.

1002 2118 1073 2151 1-4.
1098 2117 1137 2151 Si
1162 2118 1247 2150 bene
1272 2119 1307 2150 te
1332 2116 1430 2160 novi]
1457 2115 1533 2150 Ofr.
1552 2115 1626 2150 Sat.
1655 2118 1687 2158 1,

953 2165 993 2206 9,
1020 2166 1077 2197 22.
1128 2163 1271 2198 Seneca
1294 2163 1414 2208 Epist.
1442 2165 1506 2206 16,
1532 2165 1572 2196 6:
1604 2164 1688 2196 Iam

952 2212 998 2244 ab
1023 2212 1148 2253 initio,
1174 2213 1206 2245 si
1231 2214 1264 2245 te
1291 2213 1376 2244 bene
1401 2212 1500 2252 novi,
1535 2211 1687 2243 circum-

950 2259 1078 2299 species
1104 2261 1172 2292 cet.
1201 2278 1243 2282 --
1273 2260 1411 2292 metues
1428 2275 1444 2283 -
1461 2277 1476 2283 -
1491 2257 1687 2300 praebere]

953 2305 1134 2347 „-vitabis
1144 2305 1391 2350 -pr-aebere;“
1420 2304 1611 2348 „cavebis‚
1636 2314 1686 2338 ne

950 2353 1215 2397 nf‘praebeas
1267 2352 1341 2387 Cfr.
1368 2352 1415 2386 ad
1440 2351 1508 2386 Od.
1535 2354 1568 2394 2,
1593 2353 1627 2394 2,
1653 2352 1685 2385 7.

953 2419 995 2423 -
1024 2400 1227 2443 liberrime]
1264 2399 1310 2433 In
1335 2400 1418 2444 ipso
1452 2398 1684 2454 superlativo

950 2447 1050 2482 inest
1074 2448 1189 2481 tacita
1213 2446 1433 2489 admonitio,
1462 2457 1511 2480 ne
1537 2442 1686 2492 παῤῥη-

950 2505 1033 2539 σιᾳ,
1060 2494 1105 2528 de
1133 2505 1207 2538 qua
1231 2494 1481 2539 gloriabatur,
1515 2495 1684 2546 tempore

950 2545 988 2576 et
1025 2520 1109 2575 loco
1150 2541 1276 2575 minus
1318 2543 1529 2585 opportuno
1571 2538 1683 2573 nimis

949 2588 1154 2633 indulgeat.
1187 2607 1229 2612 —
1262 2586 1494 2629 scurrantis]
1531 2586 1683 2631 „pabuli

949 2646 1063 2670 causa
1079 2635 1308 2670 assentantis
1334 2637 1372 2669 et
1394 2634 1513 2668 risum
1530 2644 1684 2668 moven-

950 2683 1032 2718 tis.“
1061 2701 1104 2707 —
1128 2681 1338 2725 professus]
1374 2681 1580 2724 „omnibus
1605 2680 1683 2715 tuis

949 2730 1160 2765 necessaris
1182 2740 1265 2764 cum
1292 2728 1433 2763 dixeris
1457 2727 1683 2773 potentioris

1756 2571 1770 2633 &1¹⁸⁴—
