1774 2930
228 7 249 18 x

178 132 267 174 422

653 132 860 168 HORATH
882 133 1230 170 EPISTOLARUM

297 231 497 275 Floribus
530 237 573 276 et
603 234 703 275 vino
736 233 923 276 Genium
953 248 1186 279 memorem
1217 237 1360 280 brevis
1391 239 1500 282 aevi.

295 303 567 347 Fescennina
595 318 674 360 per
703 304 818 346 hunc
848 305 1022 348 inventa
1050 306 1224 350 licentia
1254 322 1417 352 morem
1450 314 1455 316 ’

294 374 502 418 Versibus
535 375 710 417 alternis
743 376 972 432 opprobria
1000 378 1160 421 rustice
1190 378 1322 434 fudit,

294 445 579 502 Libertasque
608 450 877 489 recurrentes
910 452 1087 504 accepta
1117 463 1194 505 per
1225 464 1361 492 annos

293 516 421 558 Lusit
452 517 707 570 amabiliter,
741 517 875 560 donec
905 518 991 561 iam
1022 534 1175 562 saevus
1208 524 1401 577 apertam

293 587 343 629 In
372 588 536 631 rabiem
567 589 707 644 coepit
737 589 847 631 verti
877 590 996 631 iocus
1030 594 1073 633 et
1103 605 1181 647 per
1210 591 1414 635 honestas

293 657 360 701 Ire
391 658 539 701 domos
570 659 744 715 impune
774 660 934 702 minax.

994 660 1183 705 Doluere
1215 666 1389 706 cruento
1608 665 1691 706 150

273 789 349 822 145.
375 790 515 823 invecta
541 789 737 823 Bentleius
764 799 849 823 cum
874 790 1040 825 Barthio.
1068 810 1111 815 —-
1141 794 1219 826 149.
1244 793 1337 826 verti
1362 794 1476 835 coepit
1502 803 1559 838 cp,
1584 794 1643 828 Lt.

175 907 231 940 22.
265 925 308 930 —-
340 907 515 950 piabant]
567 907 674 950 „sibi
723 907 906 952 propitios

174 953 421 988 reddebant.“
471 953 590 988 Omne
628 955 728 988 enim
766 955 907 989 sacrifi-

174 1001 273 1035 cium
307 1003 364 1035 est
396 1004 433 1036 et
465 1002 579 1036 animi
613 1002 653 1035 in
688 1001 777 1036 deos
811 1002 907 1047 grati

173 1048 385 1083 testificatio
424 1051 461 1083 et
497 1049 659 1093 expiatio
698 1050 906 1093 culparum,

174 1107 334 1141 quarum
358 1096 431 1140 ipsi
457 1096 566 1130 nobis
586 1097 728 1130 conscii
745 1097 906 1131 fortasse

172 1154 249 1177 non
275 1154 417 1178 sumus.
442 1163 487 1167 —
514 1143 681 1187 Genium]
709 1143 783 1178 Ofr.
810 1144 903 1188 Epp.

173 1192 206 1234 2,
232 1192 264 1233 2,
291 1192 369 1224 187.
403 1189 598 1225 Censorin.
625 1193 665 1225 3:
692 1192 828 1225 Genius
855 1194 906 1225 est

171 1240 277 1280 deus,
312 1239 414 1271 cuius
444 1239 485 1271 in
515 1239 647 1281 tutela,
679 1241 721 1272 ut
755 1240 906 1279 quisque

171 1287 281 1319 natus
307 1288 375 1328 est,
400 1286 501 1319 vivit.
551 1287 623 1319 Hic
646 1287 721 1320 sive
747 1287 843 1326 quod
867 1289 907 1319 ut

172 1341 348 1374 qenamur
389 1336 515 1376 curat,
565 1334 640 1366 sive
686 1334 783 1375 quod
830 1342 906 1366 una

171 1381 318 1422 venitur
343 1382 545 1423 nobiscum,
575 1382 648 1414 sive
675 1382 786 1414 eliam
810 1382 907 1421 quod

171 1436 236 1461 nos
286 1428 422 1469 qenitos
461 1429 610 1470 suscipit
659 1437 704 1461 ac
752 1430 905 1471 tutatur,

171 1477 265 1508 certe
303 1484 326 1508 α
363 1475 535 1520 genendo
572 1476 698 1517 qenius
738 1476 906 1517 appella-

172 1524 242 1555 tur.
269 1542 284 1548 -
300 1541 315 1548 -
333 1522 469 1556 Genius
494 1525 617 1556 autem
643 1524 698 1556 ita
722 1524 823 1556 nobis
849 1532 907 1556 as-

168 1570 295 1603 siduus
321 1571 532 1604 observator
557 1571 742 1612 appositus
768 1572 835 1611 est,
865 1572 905 1603 ut

169 1625 214 1650 ne
234 1620 371 1658 puncto
396 1619 540 1658 quidem
565 1619 734 1659 temporis
763 1618 905 1658 lonqius

170 1666 358 1707 abscedat,
389 1666 452 1698 sed
485 1667 531 1698 ab
565 1667 668 1698 utero
693 1666 821 1698 matris
847 1674 905 1698 ac-

169 1714 288 1753 ceptos
330 1713 379 1745 ad
425 1715 628 1746 extremum
672 1713 770 1745 vilae
812 1713 906 1745 diem

170 1760 371 1792 comitetur.
386 1778 428 1782 —
447 1768 642 1793 memorem
667 1761 783 1793 brevis
808 1759 904 1802 aevt]

167 1805 253 1850 Ipse
273 1805 416 1840 Genius
442 1808 618 1851 quoniam
643 1818 720 1840 una
745 1816 830 1839 cum
849 1817 905 1848 eo,

170 1863 281 1897 quem
315 1855 470 1894 tutatur,
508 1856 544 1887 et
576 1853 747 1887 nascitur
780 1855 817 1886 et
847 1853 904 1886 in·

169 1900 257 1934 terit
282 1899 487 1945 eademque
511 1900 656 1935 laetitia
687 1903 724 1934 et
756 1900 904 1934 maesti-

168 1947 222 1981 tia
238 1947 412 1989 afficitur,
440 1958 513 1992 qua
530 1948 652 1990 homo,
678 1958 754 1982 non
778 1947 903 1981 minus

169 2005 281 2040 quam
306 1995 368 2028 hic
392 2006 533 2029 memor
559 1998 616 2029 est
644 1995 768 2029 brevis
794 1995 905 2037 vitae,

169 2042 327 2086 eiusque
354 2052 488 2077 cursus
522 2044 565 2076 ut
590 2053 702 2087 quam
726 2053 903 2087 prosper-

168 2089 262 2123 rime
287 2089 468 2134 procedat
493 2092 608 2134 optat.

218 2186 296 2218 145.
325 2186 403 2219 146.
436 2186 661 2218 Fescennina
677 2203 692 2210 -
709 2203 724 2209 -
744 2184 903 2227 licentia]

167 2231 377 2266 Fescennia
414 2232 492 2274 (sic
523 2231 621 2265 Plin.
654 2231 700 2265 H.
734 2231 778 2266 N.
805 2234 842 2274 3,
869 2233 902 2274 5,

169 2279 230 2322 8.),
254 2279 429 2313 Etruriae
453 2279 632 2324 oppidum
656 2289 774 2323 prope
792 2279 902 2312 Tibe-

168 2327 238 2359 rim
279 2329 378 2369 erat,
423 2326 489 2360 ubi
527 2326 712 2370 nuptialia
750 2326 904 2360 inventa

168 2376 256 2407 sunt
282 2374 448 2407 carmina
471 2374 687 2418 procacium
712 2384 754 2407 ac
783 2374 902 2408 licen-

166 2420 350 2455 tiosorum
380 2421 548 2455 iocorum
578 2422 706 2466 plena,
741 2432 903 2465 quorum

168 2467 307 2502 similia
338 2468 429 2501 dicit
455 2468 676 2502 Latinorum
701 2469 904 2512 opprobria

167 2514 235 2549 illa
259 2515 412 2549 rustica.
447 2514 564 2557 (Serv.
583 2515 630 2549 ad
646 2515 739 2549 Aen.
759 2517 791 2558 7,
810 2518 902 2559 695„

168 2562 267 2607 apud
301 2573 413 2607 quem
446 2566 503 2596 est
533 2563 793 2604 Fescennium.)
833 2563 901 2597 Ca-

167 2610 250 2644 tull.
270 2612 326 2653 61,
347 2612 431 2644 126:
458 2611 511 2643 Ne
528 2611 591 2643 diu
617 2613 735 2648 laceat
759 2619 903 2651 procax

167 2658 391 2691 Fescennina
453 2658 595 2691 locutio.
646 2676 690 2681 -—
739 2658 901 2700 inventa]

169 2703 293 2746 „Cum
326 2704 388 2738 hic
420 2715 501 2739 mos
538 2704 685 2738 dierum
722 2704 902 2738 festorum

956 919 978 942 a
1002 909 1153 943 rusticis
1179 909 1456 945 celebratorum
1489 912 1604 945 semel
1634 911 1693 945 in-

955 956 1153 999 valuisset,
1191 967 1237 991 ex
1272 957 1343 991 hoc
1374 968 1476 992 more
1509 959 1691 1003 paulatim

955 1013 999 1037 eo
1026 1005 1217 1049 progressi
1242 1007 1340 1048 sunt,
1366 1007 1408 1038 ut
1433 1005 1599 1040 carmina
1623 1006 1691 1040 Fe-

956 1051 1139 1084 scennina
1170 1052 1418 1086 invenirent.“
1446 1071 1490 1076 —
1518 1053 1691 1096 alternis]

954 1097 1060 1131 Alter
1086 1098 1186 1132 enim
1212 1099 1321 1133 alteri
1355 1100 1559 1143 opprobria
1583 1111 1690 1145 rege-

954 1145 1073 1187 rebat‚
1098 1145 1176 1179 fere
1202 1148 1245 1179 ut
1269 1146 1309 1179 in
1335 1145 1523 1181 Theocriti
1549 1149 1587 1180 et
1603 1147 1691 1180 Vir-

955 1192 1037 1236 gilii
1071 1192 1255 1227 bucolicis
1288 1190 1526 1236 ἁμοιβαίοις.
1551 1212 1590 1218 -
1628 1202 1691 1236 op-

951 1240 1105 1280 probria
1140 1239 1296 1283 rustica]
1341 1239 1416 1274 Cfr.
1454 1241 1605 1275 omnino
1642 1241 1692 1276 ad

955 1285 1030 1320 Sat.
1058 1288 1096 1329 1,
1122 1288 1154 1328 7,
1180 1288 1224 1321 29
1251 1297 1333 1331 sqq.

1004 1335 1172 1368 147-150.
1189 1334 1434 1377 recurrentes]
1462 1335 1691 1379 „quotannis
1708 1336 1712 1339 ”

955 1380 1085 1415 eodem
1102 1381 1236 1415 messis
1258 1384 1426 1426 tempore
1444 1381 1689 1416 revertente.“

956 1447 998 1451 —
1023 1432 1172 1470 accepta
1197 1439 1275 1462 non
1302 1429 1508 1473 „recepta‚“
1536 1428 1601 1463 sed
1625 1439 1692 1473 po-

955 1475 1030 1509 tius
1074 1477 1362 1519 „willkommem
1400 1478 1507 1522 grata
1543 1486 1690 1520 semper

953 1522 1133 1557 Romanis
1147 1549 1156 1566 ‚
1213 1523 1365 1568 quando
1414 1524 1559 1557 condita
1609 1525 1691 1565 post

953 1571 1140 1611 frumenta
1169 1570 1358 1605 ludebat.“
1386 1590 1429 1594 —
1455 1572 1556 1604 Lusit
1587 1579 1690 1604 ama-

955 1618 1088 1661 biliter]
1117 1618 1261 1660 „iocata
1285 1621 1343 1653 est
1366 1618 1449 1652 sine
1467 1618 1690 1662 cujusquam

955 1664 1174 1708 offensione,
1206 1666 1361 1700 comiter
1387 1676 1430 1699 ac
1454 1666 1588 1706 facete,
1618 1674 1689 1698 nec

954 1712 1035 1746 ulla
1070 1712 1159 1746 inde
1196 1713 1278 1746 rixa
1318 1712 1545 1746 oriebatur.“
1573 1730 1615 1734 —
1642 1713 1690 1744 In

951 1759 1106 1801 raonem]
1140 1759 1277 1801 „Iocus
1302 1762 1412 1793 antea
1435 1758 1622 1792 innocens
1646 1758 1689 1792 in

952 1806 1095 1840 rabiem
1112 1806 1208 1839 verti
1226 1806 1361 1850 coepit,
1386 1805 1480 1840 adeo
1498 1808 1540 1839 ut
1555 1814 1687 1839 saevus

952 1851 1076 1895 fieret,
1109 1852 1149 1887 id
1181 1855 1256 1895 est,
1289 1853 1422 1887 irrisos
1446 1853 1688 1887 vehementer

952 1900 1119 1933 laederet
1143 1910 1187 1934 ac
1211 1899 1434 1934 morderet.“
1474 1900 1550 1934 Cfr.
1575 1899 1619 1933 A.
1644 1899 1686 1933 P.

953 1949 996 1981 49
1016 1958 1024 1980 z
1050 1948 1309 1980 Archilochum
1330 1948 1482 1989 proprio
1506 1948 1598 1980 rab
1613 1948 1688 1980 ies

953 1996 1110 2028 armavit
1134 1995 1267 2028 iambo.
1285 2013 1328 2018 —-
1347 1994 1424 2037 Ire]
1456 1995 1688 2038 „impetuose

952 2042 1149 2086 grassari.“
1166 2061 1208 2065 ——
1222 2043 1368 2084 impune
1391 2041 1533 2084 minam]
1560 2041 1691 2084 „nulla

953 2089 1158 2123 etiamtunc
1182 2089 1306 2134 poena
1334 2089 1487 2124 famosis
1513 2088 1689 2123 carmini-

952 2136 1024 2171 bus
1066 2136 1302 2171 constituta.“
1360 2136 1521 2171 Omnino
1558 2135 1688 2169 menu'-

953 2183 1055 2218 nisse
1081 2184 1257 2218 debemus
1282 2183 1481 2218 Horatium
1508 2184 1546 2217 h.
1570 2183 1595 2216 1.
1621 2193 1688 2217 no—

951 2230 1011 2265 bis
1044 2232 1194 2265 tradere
1226 2231 1422 2265 historiam
1454 2230 1582 2276 poesis
1610 2229 1688 2264 Ro-

951 2289 1095 2321 manae,
1121 2282 1164 2312 ut
1188 2279 1242 2313 ita
1266 2278 1404 2333 dicam,
1429 2274 1623 2323 poeticam,
1647 2276 1687 2311 id

953 2329 1020 2368 est,
1045 2305 1168 2368 talem,
1195 2326 1343 2370 qualem
1366 2326 1447 2370 ipse
1469 2325 1542 2360 sibi
1560 2324 1687 2359 conie-

952 2375 1058 2407 ctura
1089 2373 1319 2407 informarat.
1367 2373 1530 2407 Primam
1559 2371 1686 2417 poesis

952 2421 1123 2454 scenicae
1169 2420 1355 2465 originem
1402 2422 1506 2454 recte
1553 2418 1686 2463 utique

950 2469 1088 2512 repetit
1117 2479 1139 2502 a
1164 2467 1394 2502 carminibus
1424 2467 1501 2501 illis
1525 2467 1687 2501 Fescen-

951 2515 1054 2549 ninis
1079 2512 1304 2558 ἁμοιβαιόις
1330 2526 1374 2548 ex
1407 2514 1558 2548 lascivis
1590 2512 1685 2546 iocis

952 2565 989 2597 et
1014 2562 1194 2596 conviciis
1221 2561 1492 2603 constantibus,
1523 2570 1685 2605 quorum

950 2620 1070 2654 genus
1095 2609 1247 2654 aliquod
1272 2610 1464 2643 etiamtum
1487 2608 1687 2651 supererat

950 2658 990 2690 in
1018 2657 1246 2691 carminibus
1280 2655 1523 2700 nuptialibus.
1571 2654 1686 2688 Prae-

952 2707 1055 2739 terea
1092 2714 1177 2738 cum
1220 2703 1336 2738 sciret
1376 2703 1450 2737 iam
1487 2702 1684 2736 duodecim

1609 311 1718 352 145·
1773 297 1774 300 ’
