1774 2930
133 128 218 170 170

634 128 843 162 HORATII
869 120 1153 164 SATIRARUM

250 228 335 277 Qui
365 229 655 271 Veientanum
686 228 808 272 festis
841 233 991 285 potare
1023 229 1174 272 diebus

250 299 471 356 Campana
501 300 652 341 solitus
684 300 812 342 trulla
842 315 1111 357 vappamque
1142 301 1358 358 profestis,

249 370 471 419 Quondam
505 371 701 426 lethargo
734 371 886 426 grandi
917 375 984 414 cst
1015 386 1260 428 oppressus,
1291 377 1340 415 ut
1370 373 1496 416 heres

1567 374 1651 415 145

246 442 338 484 Iam
371 442 528 484 circum
560 442 722 484 loculos
756 447 799 485 et
830 442 971 485 claves
1002 443 1141 486 laetus
1174 458 1394 500 ovansque

249 513 464 555 Curreret.
495 513 624 555 Hunc
655 513 846 556 medicus
878 514 1059 556 multum
1091 515 1203 558 celer
1236 519 1364 571 atque
1394 515 1534 558 fidelis

246 583 423 626 Excitat
453 584 535 626 hoc
565 588 715 640 pacto:
747 599 941 627 mensam
971 586 1074 641 poni
1104 586 1225 629 iubet
1256 591 1384 642 atque

245 654 421 696 Effundi
455 669 599 697 saccos
633 670 923 710 nummorum,
957 656 1160 699 accedere
1190 657 1334 713 plures

248 726 317 767 Ad
337 726 670 780 numerandum,
694 726 912 770 hominem
935 728 996 770 sic
1018 728 1167 784 erigit,
1192 728 1310 771 addit
1331 732 1374 771 et
1394 728 1522 771 illud:
1569 728 1668 770 150.

246 796 302 838 Ni
333 801 408 839 tua
439 797 641 850 custodis,
674 798 824 840 avidus
855 799 941 841 iam
971 799 1087 842 haec
1110 799 1275 843 auferet
1305 799 1445 842 heres.

245 868 346 911 Men
367 870 498 910 vivo?
527 868 586 911 Ut
607 870 728 912 vivas
750 870 893 925 igitur,
916 871 1070 926 vigila:
1094 871 1176 913 hoc
1197 885 1292 927 age.
1326 870 1441 920 Quid
1461 871 1559 913 vis?

245 939 459 982 Deficient
490 941 663 996 inopem
694 955 831 984 venae
861 945 920 994 te,
952 942 997 983 ni
1029 942 1150 984 cibus
1183 946 1311 998 atque

244 1010 403 1067 Ingens
436 1011 599 1053 accedit
633 1012 851 1054 stomacho
883 1012 1044 1055 fultura
1073 1014 1229 1055 ruenti.

247 1082 314 1123 Tu
337 1083 510 1124 cessas?
540 1082 753 1138 Agedum,
778 1097 898 1125 sume
919 1084 1001 1125 hoc
1021 1084 1305 1139 ptisanarium
1328 1097 1495 1139 oryzae.

225 1190 302 1222 154.
328 1189 478 1222 accedat
505 1188 540 1231 S,
566 1189 673 1222 multi
699 1189 887 1231 Pottierii‚

125 1286 205 1325 tus,
240 1283 305 1327 qui
333 1283 504 1328 quamvis
529 1283 741 1318 abundaret
771 1295 864 1318 auro

125 1334 162 1364 et
195 1334 350 1376 argento
379 1330 478 1364 domi
513 1331 553 1364 in
587 1342 675 1365 arca
700 1331 865 1373 condito,

125 1381 250 1411 tamen
289 1388 421 1412 revera
464 1387 612 1420 pauper
650 1381 794 1420 arpenti
833 1382 866 1412 et

125 1427 212 1458 auri
238 1425 330 1468 (Cfr.
351 1425 426 1459 Sat.
450 1429 480 1468 1,
502 1429 533 1468 1,
552 1426 624 1468 79.)
652 1428 745 1468 erat,
772 1436 866 1470 quo-

124 1473 227 1507 niam
245 1473 386 1507 divitiis
406 1474 484 1507 suis
504 1473 557 1507 ita
572 1474 752 1517 parcebat
779 1473 864 1516 (Od.

124 1522 157 1562 3,
173 1522 228 1562 16,
243 1522 307 1554 28:
326 1522 485 1562 Maenas
501 1522 599 1554 inter
617 1529 701 1562 opes
718 1522 863 1564 mapa),

124 1569 167 1600 ut
194 1568 434 1601 Veientanum
459 1569 642 1601 rubellum
677 1568 804 1610 (Pers.
831 1571 864 1611 5,

125 1616 204 1648 147.
252 1614 413 1649 Martial.
443 1617 482 1658 1,
511 1617 597 1658 103,
624 1618 656 1649 9.
666 1616 700 1658 ),
733 1616 863 1649 vinum

123 1661 293 1705 acidum,
332 1662 446 1707 quale
478 1663 681 1706 provenire
720 1663 864 1697 solebat

122 1709 259 1743 Veiis“
300 1710 541 1753 (etiamnunc
574 1710 663 1744 vina
692 1709 864 1744 Romana

122 1756 324 1791 vilioribus
349 1757 690 1800 adnumerantur),
727 1782 743 1800 ,‚
756 1758 863 1792 festis

122 1804 278 1847 diebus,
317 1805 494 1848 profestis
521 1816 698 1849 vappam,
732 1805 862 1839 vinum

121 1861 280 1895 prorsus
304 1855 524 1896 corruptum
542 1853 603 1886 vel
626 1853 746 1886 multa
762 1863 863 1897 aqua

122 1898 283 1933 dilutum
321 1898 468 1933 biberet
505 1910 549 1933 ac
582 1900 700 1933 trulla
737 1901 862 1943 (vase,

123 1957 199 1991 quo
218 1947 347 1980 vinum
366 1957 386 1979 e
405 1949 549 1980 cratere
576 1947 616 1979 in
642 1948 780 1991 pocula
805 1947 862 1980 in-

121 1993 370 2036 fundebatur)
390 1996 575 2035 uteretur,
593 2005 670 2027 non
685 1998 862 2038 argentea

122 2051 194 2075 nec
206 2041 407 2075 murrhina
421 2042 477 2083 (ut
488 2042 662 2076 solebant
675 2041 861 2084 ditiores),

122 2088 187 2123 sed
212 2091 358 2122 tantum
382 2088 507 2134 fictili„
535 2090 667 2134 quales
686 2088 860 2123 conficie-

121 2135 259 2170 bantur
285 2137 326 2170 in
353 2135 591 2180 Campania.“
636 2135 735 2179 (Sat.
764 2138 800 2179 1,
827 2139 860 2179 6,

123 2184 218 2225 118.)
246 2183 322 2218 Cic.
348 2183 481 2217 Parad.
509 2188 542 2226 6,
568 2187 612 2217 3:
638 2185 803 2225 Improbi
827 2186 860 2217 et

122 2232 232 2263 avari
249 2249 263 2255 -
281 2249 295 2255 -
314 2240 387 2264 non
419 2234 526 2266 modo
558 2240 633 2265 non
658 2233 792 2273 copiosi
817 2240 860 2264 ac

121 2278 268 2320 divites,
305 2280 368 2311 sed
402 2280 511 2311 etiam
543 2280 667 2320 inopes
694 2287 738 2312 ac
765 2287 860 2320 pau—

117 2333 226 2366 peres
269 2327 503 2359 eoeislimandi
543 2329 638 2359 sum.
674 2345 717 2349 —-
749 2327 860 2367 positi

119 2373 231 2415 imus]
260 2372 335 2406 cfr.
361 2384 393 2405 v.
423 2375 501 2406 115.

170 2421 335 2453 145-156.
365 2421 530 2461 lethargo
549 2421 695 2463 arandi]
720 2420 858 2465 „gravi,

120 2466 310 2510 profundo
346 2468 536 2501 veterno.“
566 2487 608 2490 -
636 2467 769 2510 ovam]
813 2467 861 2500 Ut

121 2515 351 2555 triumphare
361 2514 500 2547 dicitur
510 2514 556 2548 de
570 2515 628 2555 iis,
644 2515 709 2558 qui
721 2514 858 2559 gaudio

120 2563 328 2604 exsultant,
355 2561 410 2595 sic
441 2561 553 2594 etiam
579 2571 701 2603 ovare,
727 2562 787 2595 vel
812 2561 858 2595 de

119 2608 358 2644 animalibus.
385 2608 510 2642 Valer.
528 2609 651 2642 Flacc.
671 2611 705 2650 5,
723 2610 787 2642 67:
808 2611 858 2642 Ac

119 2658 218 2689 velut
251 2657 333 2699 ille,
372 2657 489 2697 arenis
523 2657 582 2689 cui
607 2657 707 2689 cessit
742 2657 857 2698 reaia,

120 2706 251 2737 taurus
268 2705 403 2738 Fertur
420 2711 546 2737 ovans,
566 2721 609 2726 -
628 2704 786 2736 multam
802 2712 857 2737 ce-

1569 1084 1651 1125 155

916 1189 1004 1223 Lot.

917 1284 984 1326 ler]
1013 1285 1156 1326 „multa
1179 1284 1294 1318 animi
1310 1284 1528 1329 praesentia
1542 1294 1652 1328 prae-

915 1331 1049 1365 ditus.“
1100 1331 1157 1365 De
1190 1330 1366 1366 adverbio
1397 1332 1554 1365 manum
1578 1331 1652 1365 vid.

915 1378 961 1412 ad
993 1378 1067 1412 Sat.
1097 1382 1132 1421 1,
1159 1381 1197 1421 3,
1223 1381 1280 1413 57.
1305 1398 1353 1403 ——
1378 1380 1541 1412 avidus-
1559 1397 1574 1403 -
1593 1381 1653 1413 he-

914 1426 986 1469 res]
1013 1425 1082 1460 Od.
1109 1429 1150 1469 4,
1177 1428 1210 1468 7,
1237 1429 1303 1460 19:
1341 1435 1473 1460 manus
1504 1427 1656 1460 avidas-

913 1475 1066 1507 heredis.
1085 1493 1130 1497 -
1147 1475 1213 1507 hoc
1231 1473 1314 1517 aue]
1340 1474 1386 1507 In
1407 1473 1588 1518 auspiciis
1614 1476 1658 1508 et

915 1521 1110 1555 sacrificiis
1148 1521 1379 1565 incipiendis
1418 1523 1484 1554 hoc
1519 1530 1589 1562 auc
1629 1531 1654 1556 a

913 1579 1103 1612 praecone
1121 1569 1406 1610 inchmabatur,
1428 1579 1503 1613 quo
1521 1579 1652 1604 omnes

913 1618 1040 1649 essent
1077 1617 1213 1650 intenti
1251 1616 1306 1649 rei
1339 1615 1489 1650 divinae
1525 1626 1650 1660 neque

913 1662 1120 1707 quidquam
1157 1663 1263 1697 aliud
1301 1662 1492 1697 mentibus
1533 1663 1652 1708 agita-

912 1714 1010 1743 rent.
1044 1729 1090 1734 ——
1125 1711 1221 1752 Quid
1244 1710 1346 1753 υιζςῖ]
1385 1709 1524 1754 Opimii
1561 1712 1652 1744 sunt

912 1757 1037 1791 verba.
1073 1777 1116 1781 ——
1155 1757 1323 1800 inopem]
1365 1760 1652 1800 „extenuatum,

912 1805 1059 1839 viribus
1078 1805 1248 1850 corporis
1272 1805 1494 1849 privatum.“
1519 1824 1568 1829 ——
1591 1814 1651 1839 vea

912 1852 998 1895 nae]
1026 1863 1146 1896 „quae
1173 1863 1313 1897 corpus
1331 1852 1518 1897 sanguine
1542 1852 1652 1886 alunt

911 1900 1088 1944 viresque
1122 1899 1316 1939 reficiunt,
1354 1900 1429 1933 iam
1464 1899 1649 1944 sanguine

911 1946 1218 1980 exhaurientur.“
1247 1966 1291 1970 —-
1318 1946 1476 1989 Inqem]
1507 1946 1649 1991 Ingens

910 1993 1053 2027 fultura
1108 1997 1306 2038 propterea
1370 1994 1650 2038 requirebatur,

911 2041 1012 2084 quod
1046 2041 1112 2075 ille
1143 2052 1299 2085 prorsus
1326 2041 1530 2075 exhaustus
1557 2043 1647 2075 erat.

910 2087 1133 2122 Stomachus
1181 2090 1306 2122 autem
1348 2098 1433 2122 cum
1474 2088 1648 2123 aedificio

909 2138 1160 2180 comparatur,
1187 2135 1287 2180 quod
1312 2146 1362 2170 ne
1387 2139 1550 2178 corruat,
1573 2135 1650 2170 ful-

910 2183 985 2217 cris
1023 2193 1067 2217 ac
1101 2183 1222 2218 solido
1256 2182 1502 2218 fundamento
1534 2183 1647 2218 inniti

910 2230 1042 2264 debet:
1078 2230 1131 2265 sic
1164 2231 1229 2264 ille
1256 2230 1418 2275 copiosis
1443 2229 1647 2264 alimentis.

908 2277 1030 2312 Plaut.
1056 2278 1166 2312 Cure.
1192 2281 1225 2320 2,
1248 2280 1282 2320 3,
1306 2279 1370 2312 87:
1393 2286 1562 2320 pernam,
1585 2287 1647 2312 su-

909 2334 1002 2367 men,
1029 2327 1238 2367 alandium,
1276 2326 1380 2358 Haec
1411 2327 1496 2357 sum
1526 2325 1646 2358 ventri

908 2374 1167 2414 stabilimenta,
1189 2380 1326 2413 panem
1342 2374 1376 2405 et
1393 2380 1479 2405 assa
1497 2372 1646 2406 bubula.

910 2418 1053 2453 Seneca
1077 2419 1195 2463 Epist.
1222 2422 1290 2452 95:
1320 2420 1403 2452 vino
1427 2420 1560 2460 fulcire
1584 2427 1646 2452 ve—

909 2476 977 2500 nas
1002 2469 1183 2500 cadentes.
1204 2485 1246 2489 —
1262 2465 1536 2508 pti-canariam]
1562 2475 1646 2499 πτι-

909 2511 1020 2557 σάνη,
1045 2524 1068 2547 a
1084 2513 1198 2547 verbo
1218 2514 1377 2552 πτίσσω,
1397 2513 1522 2557 pinso,
1542 2523 1645 2555 „sor-

908 2562 1001 2595 bitio
1029 2572 1074 2595 ex
1098 2572 1197 2604 aqua
1229 2561 1399 2594 fervente
1433 2563 1470 2594 et
1502 2559 1644 2594 hordeo

906 2610 1147 2652 plerumque,
1181 2607 1243 2641 hic
1269 2618 1399 2652 oryza,
1437 2606 1642 2641 confecta!

906 2656 964 2689 Ad
989 2656 1145 2690 formam
1177 2654 1447 2688 deminutivam
1478 2655 1645 2696 ptisana·-

907 2705 1005 2736 rium
1030 2702 1098 2736 cfr.
1115 2701 1410 2736 Mnesimachum
1436 2701 1477 2734 in
1501 2700 1644 2735 Meine-
