1774 2930
125 151 212 192 284

243 252 389 294 Debes
421 252 503 294 hoc
535 253 666 295 etiam
696 253 952 306 rescribere,
986 253 1023 295 si
1053 253 1132 296 tibi
1162 268 1290 297 curae

597 150 806 186 HORATII
830 150 1180 187 EPISTOLABUR

245 323 441 371 Quantae
473 324 699 365 conveniat
728 323 972 378 Munatius;
1005 339 1061 366 an
1090 325 1203 367 male
1234 328 1351 368 sarta

245 393 395 436 Gratia
424 394 685 450 nequiquam
717 394 801 436 coit
832 398 876 437 et
906 395 1192 442 rescinditur?
1223 395 1283 438 At
1310 409 1389 439 vos

243 464 330 507 Seu
362 464 523 507 calidus
556 466 731 520 sanguis
764 479 842 507 seu
871 480 1015 508 rerum
1044 467 1216 509 inscitia
1244 470 1375 510 vexat

243 535 455 578 Indomita
485 536 649 578 cervice
681 536 814 590 feros,
846 537 1090 593 ubicunque
1119 538 1310 580 locorum

242 607 420 660 vivitis,
452 607 619 662 indigni
650 607 885 650 fraternum
916 622 1115 664 rumpere
1146 608 1318 663 foedus,

1589 609 1644 649 35

240 677 439 721 Pascitur
468 678 514 719 in
544 682 734 720 vestrum
765 679 951 721 reditum
980 680 1128 722 votiva
1156 680 1350 722 iuvenca.

219 815 274 847 30.
307 814 362 857 si]
387 816 432 847 sit
458 814 581 859 bcEp,
614 826 671 859 pr.
699 814 722 848 S
749 818 787 848 et
812 825 941 849 omnes
967 815 1142 850 Pottierii
1166 818 1317 860 praeter
1342 826 1462 849 unum
1488 815 1599 858 (12.),

169 861 259 894 item
293 861 367 895 CO.
403 880 446 886 —
479 871 592 896 curae
627 865 676 896 est
710 862 905 896 Bentleius
940 863 1170 897 coniectura.
1205 882 1249 887 —-
1288 864 1344 898 32.
1376 863 1599 904 nequiquam

171 908 267 942 bcE:
302 910 543 950 nequicquam
570 920 598 943 s.
631 911 880 950 nequidquam
904 911 1026 955 volgo.
1054 930 1096 934 -
1122 910 1189 953 At]
1221 919 1266 944 ac
1290 909 1396 944 bScE
1421 912 1460 944 et
1483 910 1598 945 Bent-

171 956 268 990 leius
295 957 381 998 (hic
407 956 667 1002 interrogandi
694 958 801 1002 signo
826 958 949 1002 posito
976 961 1063 1002 post
1086 968 1120 992 v.
1145 958 1271 1000 seros).

122 1076 231 1101 carus
250 1072 317 1110 est,
345 1069 411 1113 qui
430 1079 558 1102 secum
581 1070 661 1113 ipse
689 1080 765 1103 non
784 1069 858 1102 dis-

123 1115 222 1149 sidet
260 1126 331 1149 nec
371 1115 503 1158 habet,
546 1126 613 1149 cur
652 1116 858 1160 quidquam

121 1173 351 1208 magnopere
370 1164 409 1197 in
436 1174 476 1197 se
507 1163 761 1207 reprehendat
788 1166 856 1197 cet.

121 1208 215 1254 Epp.
244 1214 275 1253 1,
303 1213 358 1253 18,
387 1212 473 1244 101:
510 1212 605 1252 Quid
628 1212 771 1244 minuat
797 1220 858 1245 cu-

121 1265 195 1300 ras,
223 1259 311 1298 quid
336 1261 369 1291 te
395 1259 460 1291 tibi
484 1260 615 1292 reddat
641 1259 810 1292 amicum.

170 1307 292 1339 30-32.
317 1307 350 1338 si
366 1307 432 1338 tibi
456 1305 583 1348 curae]
602 1305 675 1339 Pro
693 1306 858 1340 lectione

120 1353 168 1385 sit
194 1352 287 1386 facit
321 1352 595 1397 quodammodo
622 1353 798 1397 repetitio
825 1364 857 1386 v.

120 1401 154 1432 si
169 1403 256 1444 post
271 1401 303 1433 si
320 1401 463 1445 volgari
483 1411 597 1434 sensu
615 1401 674 1434 bis
691 1400 858 1444 positum

122 1458 155 1480 v.
193 1450 269 1489 29.,
307 1450 565 1482 verumtamen
603 1447 858 1482 difficiliorem

122 1494 323 1528 lectionem
362 1506 449 1529 cum
484 1495 655 1529 Bentleio
693 1495 857 1540 praetuli

121 1542 231 1576 alteri
258 1544 315 1576 sit.
365 1542 459 1587 Epp.
488 1546 519 1585 1,
547 1545 579 1586 6,
606 1545 670 1576 41:
708 1544 746 1577 Si
775 1551 858 1584 pos-

119 1591 409 1631 marcemus.
460 1590 554 1634 Epp.
585 1592 615 1632 1,
642 1592 674 1632 7,
701 1592 768 1623 39:
795 1592 859 1623 In·

120 1638 228 1679 spice,
253 1639 285 1670 si
306 1647 467 1679 possum.
516 1638 734 1674 Pseudotib.
764 1638 797 1679 3,
825 1640 856 1680 1,

124 1686 186 1717 19:
214 1686 290 1718 Illa
314 1686 403 1718 mihi
419 1687 566 1727 reseret,
591 1687 623 1718 si
646 1682 763 1718 nostri
779 1694 858 1717 mu-

122 1734 187 1764 tua
221 1741 312 1766 cura
346 1735 415 1774 est,
449 1733 507 1765 An
531 1734 672 1773 minor,
707 1741 757 1765 an
782 1735 856 1765 toto

119 1782 267 1820 pectore
293 1781 498 1813 deciderim.
519 1799 562 1803 —
584 1781 754 1821 Quantae
773 1788 855 1812 con-

120 1827 265 1869 veniat]
294 1829 461 1869 „tantae,
488 1829 650 1871 quantae
677 1837 762 1860 eum
787 1826 854 1859 tibi

121 1884 237 1907 curae
272 1885 355 1908 esse
390 1874 622 1907 conveniat.“
652 1893 694 1896 -—
722 1874 856 1907 Muna-

121 1921 216 1963 tius]
259 1921 363 1954 filius
410 1922 571 1955 fortasse
612 1920 655 1953 L.
697 1919 856 1953 Munatii

121 1968 253 2002 Planci
282 1979 358 2002 cos.
393 1980 426 2002 a.
452 1980 489 2001 u.
516 1979 548 2002 c.
575 1970 655 2001 712.
706 1967 796 2010 (Od.
827 1971 857 2007 1,

122 2016 172 2057 7.)
193 2035 235 2039 ——
254 2017 351 2049 male
377 2015 496 2058 sarta]
514 2015 640 2061 Imago
659 2015 859 2058 desumpta

121 2074 144 2097 a
170 2063 325 2097 volnere
352 2063 436 2097 ideo
455 2063 630 2105 rescisso,
658 2062 749 2107 quia
775 2062 856 2096 eius

122 2111 312 2155 margines
332 2122 408 2144 non
426 2113 529 2144 recte
555 2110 704 2144 consuti
732 2112 820 2143 sunt
837 2121 858 2143 a

122 2159 313 2203 chirurgo.
341 2158 474 2192 Celsus
496 2160 529 2199 5,
556 2160 595 2191 6:
622 2166 770 2191 assuere
788 2166 858 2191 acu

122 2206 287 2238 volnera.
327 2205 383 2239 Id.
410 2207 443 2247 7,
470 2207 513 2238 8:
542 2206 704 2238 Tertium
731 2207 800 2245 est,
826 2206 859 2238 si

123 2254 212 2292 quid
228 2254 280 2285 ibi
305 2253 361 2295 (in
380 2263 472 2286 aure
491 2255 656 2294 externa,
681 2252 722 2285 in
742 2252 857 2286 labris

121 2300 370 2342 etnaribus)
406 2302 501 2332 curti
532 2303 600 2342 est,
634 2301 785 2333 sarcire.
813 2318 855 2323 —

123 2347 367 2390 nequiquam]
396 2349 470 2389 „ita
494 2350 537 2380 ut
562 2347 719 2389 curatio,
746 2357 857 2391 quam

122 2395 452 2438 exspectabamus,
503 2394 637 2428 effectu
689 2395 855 2428 careat.“

123 2441 179 2474 De
206 2441 396 2485 scriptura
422 2442 496 2475 vid.
524 2441 598 2475 Sat.
618 2444 650 2483 2,
678 2444 710 2484 7,
737 2443 792 2474 27.
813 2460 854 2464 ——

123 2488 208 2531 coit]
236 2488 333 2522 Cels.
362 2491 394 2531 8,
423 2491 485 2522 10:
508 2492 625 2530 potest
645 2498 688 2522 ea
713 2490 857 2522 ratione

124 2538 157 2568 et
199 2544 238 2569 os
280 2537 376 2569 coire
415 2539 447 2569 et
487 2536 618 2569 vulnus
655 2544 855 2569 sanescere.

123 2582 230 2616 Ovid.
258 2583 370 2618 Trist.
397 2585 430 2625 4,
457 2585 489 2624 4,
515 2586 579 2616 41:
618 2585 714 2617 Neve
739 2586 857 2616 retra-

124 2632 255 2664 ctando
288 2632 450 2664 nondum
482 2632 650 2663 coeuntia
686 2639 857 2672 rumpam

127 2678 294 2712 Volnera.
335 2697 376 2702 -—
415 2678 656 2720 rescinditur]
704 2677 855 2711 Petron.

126 2726 215 2757 113:
242 2727 348 2759 credo
371 2727 525 2765 veritus,
556 2734 601 2758 ne
626 2726 724 2757 inter
749 2726 857 2758 initia

908 1071 1069 1102 coeuntis
1096 1071 1239 1110 qratiae
1275 1070 1479 1103 cicatricem
1509 1071 1645 1103 rescin-

908 1118 1020 1150 deret.
1049 1136 1091 1140 —-
1118 1117 1165 1149 At
1190 1126 1252 1150 vos
1278 1116 1364 1160 cet.]
1399 1116 1493 1150 Cum
1526 1116 1644 1162 magis

908 1163 1049 1206 timeat,
1074 1174 1122 1198 ne
1141 1164 1361 1198 etiamnunc
1377 1164 1478 1198 inter
1503 1175 1543 1198 se
1568 1163 1644 1198 dis-

909 1211 1041 1245 cordes
1067 1212 1162 1254 sint,
1196 1211 1362 1257 graviter
1397 1221 1461 1245 eos
1487 1211 1646 1256 castigat

909 1261 946 1292 et
970 1258 1191 1293 adhortatur
1217 1258 1264 1292 ad
1289 1258 1644 1292 reconciliationem

908 1306 1051 1351 gratiae
1066 1307 1136 1340 hac
1150 1306 1383 1340 allocutione
1396 1306 1441 1339 At
1455 1307 1538 1347 cet.,
1550 1316 1645 1349 prae

909 1363 984 1397 qua
1010 1353 1122 1387 nimis
1148 1353 1306 1398 languet
1321 1353 1442 1387 altera
1458 1352 1571 1386 lectio
1589 1362 1644 1386 ac.

957 1402 1076 1434 33-36.
1093 1409 1220 1434 rerum
1236 1400 1395 1444 inscitia]
1411 1399 1529 1442 „Cum
1547 1411 1644 1444 quae

908 1448 1090 1481 alteruter
1116 1450 1218 1482 recte
1245 1450 1360 1492 atque
1386 1447 1518 1482 ordine
1543 1448 1644 1482 feee-

908 1498 967 1528 rat
991 1499 1057 1529 aut
1081 1495 1246 1537 dixerat,
1280 1495 1375 1529 alter
1401 1495 1496 1529 falso
1528 1495 1645 1529 inter-

907 1545 1080 1586 pretatur
1099 1545 1213 1587 atque
1239 1542 1278 1575 in
1303 1553 1410 1576 suam
1426 1542 1487 1576 vel
1513 1544 1645 1576 contu-

907 1590 1057 1624 meliam
1083 1590 1142 1624 vel
1175 1589 1355 1623 iniuriam
1387 1590 1488 1623 facta
1512 1590 1643 1633 opina-

908 1637 1003 1671 tur.⁴‘
1033 1637 1568 1679 (Missverstandnisse.)
1597 1655 1640 1660 -

907 1686 1093 1718 Indomita
1118 1686 1255 1718 cervice
1285 1684 1404 1726 feros]
1442 1683 1643 1727 Compara-

907 1731 959 1765 tio
994 1731 1154 1775 repetita
1185 1731 1231 1765 ab
1265 1732 1373 1775 equis
1399 1730 1516 1775 (Epp.
1544 1733 1583 1772 1,
1610 1733 1644 1773 2,

907 1781 974 1811 64:
1012 1780 1132 1819 Finqit
1167 1786 1299 1818 equum
1333 1780 1459 1811 tenera
1491 1756 1644 1811 docileni

907 1827 1041 1858 cer-tice
1058 1826 1246 1866 maqister.
1246 1826 1263 1868 )
1290 1827 1326 1858 et
1343 1836 1366 1859 a
1390 1825 1523 1867 tauris,
1540 1835 1644 1879 quos

908 1871 1042 1906 Graeci
1058 1869 1346 1919 σκληραύχενας
1355 1874 1394 1906 et
1401 1869 1646 1916 ζυγομάχους

908 1923 1055 1953 vocant.
1075 1939 1118 1943 -
1145 1921 1349 1960 ubicunque
1377 1919 1556 1962 locorum]
1582 1919 1644 1953 Sic

907 1967 1007 2000 redit
1032 1966 1079 2001 ad
1110 1967 1263 2000 initium
1288 1966 1491 2011 Epistulae.
1519 1985 1561 1990 —-
1588 1968 1644 2000 in-

907 2014 1219 2057 diam-rumpere]
1239 2013 1385 2048 Graeca
1401 2014 1643 2048 attractione:

910 2072 1027 2106 „quos
1062 2061 1261 2106 indignum
1295 2063 1373 2103 est,
1411 2071 1489 2095 non
1525 2061 1644 2103 decet,

907 2109 1122 2153 rumpere.“
1166 2128 1208 2132 ——
1251 2108 1483 2151 fraternum]
1526 2108 1645 2150 „inti-

906 2157 1042 2190 mum.“
1071 2156 1148 2190 cfr.
1173 2156 1266 2201 Epp.
1296 2160 1327 2198 1,
1355 2158 1411 2198 10,
1437 2158 1470 2189 4.
1498 2174 1540 2178 —
1567 2157 1644 2197 soe-

907 2205 991 2246 dus,
1027 2204 1215 2246 Pascitur]
1250 2204 1323 2237 Per
1361 2202 1642 2248 brachylogiam

907 2252 978 2285 hoc
1004 2251 1115 2284 dicit:
1144 2251 1393 2295 „Ubicunque
1419 2259 1523 2284 nunc
1547 2250 1640 2283 vivi-

907 2299 955 2332 tis
981 2309 1059 2339 vos,
1086 2309 1180 2342 quos
1204 2298 1356 2331 minime
1382 2297 1492 2331 decet
1507 2297 1642 2330 frater-

908 2357 978 2380 nae
1018 2346 1206 2380 amicitiae
1248 2345 1382 2379 foedus
1423 2344 1642 2385 dissolvere,

906 2394 978 2427 hoc
1012 2393 1165 2434 scitote,
1198 2403 1277 2434 me,
1313 2392 1379 2436 qui
1413 2391 1642 2425 vosvambos

907 2451 1028 2484 aeque
1055 2440 1192 2484 diligo,
1227 2439 1443 2473 unanimem
1474 2442 1642 2472 vestrum

907 2488 1071 2521 reditum
1111 2489 1288 2531 exoptare
1323 2489 1360 2520 et
1391 2487 1492 2520 laeto
1526 2485 1642 2519 sacri-

906 2535 991 2568 ficio
1030 2535 1310 2568 celebraturum
1348 2544 1452 2575 esse,
1491 2535 1533 2566 ut
1564 2531 1641 2565 Nu-

907 2582 1028 2616 midae
1060 2582 1132 2615 mei
1169 2581 1258 2623 (Od.
1288 2584 1325 2622 1,
1353 2583 1418 2621 36,
1444 2580 1512 2622 2.);
1548 2589 1642 2623 quo-

907 2630 1007 2664 circa
1044 2630 1156 2663 etiam
1197 2639 1280 2662 mea
1321 2638 1436 2662 causa
1475 2627 1515 2660 in
1557 2637 1641 2671 gra-

908 2677 995 2711 tiam
1029 2676 1129 2710 inter
1153 2687 1219 2710 vos
1251 2675 1398 2717 redire,
1433 2674 1490 2707 uti
1517 2683 1640 2717 spero,

906 2723 1182 2765 maturabitis;“
1223 2723 1299 2763 vel,
1338 2722 1369 2756 si
1403 2721 1521 2755 mavis
1555 2730 1639 2754 cum

1589 256 1719 297 30⁴
