1774 2930
136 133 224 175 508

257 233 458 276 Carmine
490 234 564 290 qui
595 234 758 290 tragico
788 234 919 277 vilem
950 236 1129 278 certavit
1159 236 1214 279 ob
1245 237 1443 292 hircum,-

794 133 1002 168 HORATII

1570 239 1658 280 220
1695 275 1701 279 .

253 304 357 347 Mox
389 305 520 347 etiam
551 308 744 361 agrestes
777 304 953 362 Satyros
983 306 1162 350 nudavit
1193 311 1236 350 et
1266 321 1393 364 asper

254 375 460 418 Incolumi
492 376 704 431 gravitate
735 377 877 418 iocum
906 379 1090 420 tentavit
1123 392 1188 432 eo,
1221 378 1334 435 quod

254 446 472 489 Hlecebris
506 450 596 489 erat
628 450 825 503 et-grata
855 448 1046 491 novitate
1076 449 1306 492 morandus

256 517 481 574 Spectator
511 517 768 574 functusque
800 519 932 561 sa'cris
965 523 1008 562 et
1038 523 1165 576 potus
1197 524 1241 563 et
1272 521 1413 563 exlex.

134 717 294 752 cordate
319 717 573 753 Fortunarum
597 718 806 753 Antiatium
838 722 876 753 et

135 765 428 810 Praenestinae)
468 766 515 800 ad
554 767 751 800 oraculum
788 767 877 801 Del-

136 813 289 859 pbicum
315 813 507 848 transfert.
540 814 726 861 Χρησμοὶ
750 816 875 848 autem

133 860 178 893 εὐ
211 861 278 893 καὶ
311 860 493 903 ποικίλως
531 871 609 903 πως
641 862 708 894 καὶ
741 861 877 904 σοφῶς

134 905 348 954 ᾐνιγμένα.
397 908 588 953 Aristoph.
621 908 690 954 Eq.
719 911 785 943 195
819 920 875 954 sq.

135 955 261 1000 Atque
292 956 364 990 hoc
388 956 577 990 versiculo
612 957 722 990 simul
758 957 875 1002 signi-

135 1002 224 1037 ficat
249 1004 451 1037 chororum
477 1005 515 1037 et
543 1003 811 1037 sublimitatem
839 1007 876 1038 et

137 1050 419 1093 obscuritatem,
446 1061 521 1096 qua
545 1050 737 1084 interdum
763 1051 874 1085 etiam

132 1098 305 1143 antiquis
323 1098 433 1143 quasi
458 1098 621 1132 involuti
638 1098 874 1133 videbantur.

184 1192 253 1226 Vv.
281 1194 449 1227 220-250.
475 1203 497 1226 a
522 1192 716 1238 tragoedia
741 1193 877 1227 transit

136 1239 184 1274 ad
210 1240 339 1274 drama
365 1240 587 1285 satyricum,
625 1240 734 1274 cuius
772 1240 875 1285 leges

133 1287 288 1332 copiose
327 1290 581 1332 exponuntur.
637 1287 760 1330 „Cum
798 1298 875 1321 non

134 1335 177 1368 in
212 1345 255 1369 eo
290 1337 505 1369 versaretur
538 1335 664 1379 poesis
702 1335 876 1380 satyrica,

137 1385 180 1416 ut
214 1393 347 1427 graves
379 1393 563 1426 personas
596 1382 691 1416 risui
725 1384 762 1416 et
787 1393 876 1416 con-

136 1430 295 1474 temptui
322 1432 545 1474 exponeret,
572 1429 638 1464 sed
663 1432 706 1463 ut
730 1432 877 1464 servata

134 1488 266 1518 earum
301 1477 484 1522 dignitate
519 1479 733 1522 satyrorum
769 1480 877 1522 petu-

136 1525 220 1559 lans
247 1525 404 1558 lascivia
428 1524 657 1559 hilaritatem
683 1524 876 1568 excitaret,

134 1574 435 1606 consentaneum
474 1574 573 1614 erat,
611 1575 654 1606 ut
687 1583 809 1607 sermo
835 1573 875 1605 in

137 1620 358 1653 universum
406 1619 506 1653 idem
548 1622 670 1662 esset,
711 1620 786 1664 ,qui
834 1620 876 1653 in

135 1667 340 1712 tragoedia,
367 1667 433 1700 sed
455 1666 744 1701 admitterentur
762 1667 877 1701 verba

136 1714 396 1758 loquendique
422 1714 564 1748 formae
590 1725 636 1748 ex
654 1715 875 1759 quotidiano

136 1773 209 1795 usu
243 1762 402 1805 petitae,
439 1762 665 1806 numerique
698 1772 876 1796 versuum

131 1809 281 1853 aliquid
309 1808 354 1843 de
382 1809 580 1843 severitate
606 1809 743 1853 legum,
778 1819 875 1853 quae

135 1856 342 1901 tragoediis
367 1855 558 1899 apropriae
596 1858 702 1897 sunt,
748 1856 875 1889 remit-

136 1903 296 1937 terent.“
341 1903 587 1935 HERMANNUS
614 1903 653 1935 in
679 1902 803 1937 Praef.
829 1903 876 1936 ad

136 1951 268 1994 Eurip.
295 1949 396 1995 Cycl.
428 1960 464 1994 p.
490 1949 591 1982 XIV.
644 1949 755 1992 „Iam
789 1960 876 1984 cum

137 1998 178 2032 in
216 1998 276 2031 his
310 2007 463 2042 quoque
497 1996 558 2030 dei
591 1999 704 2042 atque
741 1998 876 2032 heroes

138 2045 380 2087 inducantur,
398 2045 603 2088 praecipue
618 2044 877 2079 demonstran-

138 2093 226 2127 dum
253 2095 321 2135 est,
346 2092 486 2136 quibus
512 2092 551 2124 in
570 2093 684 2126 rebus
703 2092 878 2126 differant

138 2151 161 2175 a
197 2139 433 2185 tragoedia.“
486 2139 603 2173 Totus
641 2142 765 2174 autem
803 2140 877 2174 loci

134 2189 243 2222 >color
282 2186 465 2221 eiusmodi
505 2189 580 2229 est,
623 2189 666 2220 ut
703 2187 876 2221 dubitare

137 2235 201 2269 vix
227 2244 408 2279 queamus
428 2233 627 2268 Horatium
654 2234 790 2268 docere
815 2245 878 2268 vo-

139 2283 278 2324 luisse,
327 2281 515 2327 quomodo
557 2282 603 2316 ad
647 2282 878 2316 Graecarum

139 2329 351 2374 exemplum
378 2329 534 2363 Latinae
569 2329 790 2363 scribendae
820 2339 877 2363 es-

140 2379 226 2411 sent
248 2377 397 2411 fabulae
416 2376 610 2421 satyricae,
637 2377 668 2411 si
695 2377 781 2421 quis
806 2377 878 2410 hoc

139 2424 181 2458 in
214 2434 352 2469 genere
386 2423 582 2458 elaborare
607 2424 739 2467 vellet3
776 2425 878 2458 ince-

139 2475 247 2517 ptum
279 2474 404 2505 tamen
436 2471 506 2505 hoc
537 2482 619 2505 esse
645 2472 756 2516 longe
784 2471 879 2504 diffi-

139 2519 323 2553 cillimum
350 2521 387 2552 et
413 2519 513 2564 quod
545 2529 762 2552 successum
794 2530 878 2562 pro-

140 2567 316 2601 babiliter
340 2576 416 2599 non
443 2566 490 2599 sit
515 2566 743 2608 habiturum,
770 2566 880 2610 quip-

140 2624 188 2658 pe
215 2613 316 2658 quod
341 2613 596 2648 Romanorum
622 2613 739 2647 indoli
765 2613 878 2646 mori-

141 2662 289 2705 busque
331 2661 455 2695 minus
498 2663 624 2705 aptum
668 2660 728 2694 sit.
794 2659 877 2693 Vid.

138 2708 352 2742 Excursum
378 2708 426 2743 Π,

972 721 1171 755 220-224,
1199 722 1364 755 Carmine
1381 721 1569 764 -iraqic01
1599 721 1660 755 Sic

924 766 1108 812 Virgilius
1134 768 1213 802 Ecl.
1240 771 1273 810 9,
1292 770 1348 802 33.
1376 768 1562 803 Pollionis
1586 771 1661 803 tra-

923 815 1077 859 goedias
1103 817 1269 850 camina
1293 818 1412 849 vocat.
1427 834 1471 839 —
1486 817 1550 857 qui
1575 816 1660 859 cet]

923 861 1007 896 Non
1033 862 1143 906 dicit,
1170 862 1337 908 Thespin
1362 863 1553 898 invenisse
1578 863 1662 897 dra-

924 920 984 944 ma
1009 910 1230 955 satyricum,
1256 909 1322 945 sed
1346 911 1441 944 hoc:
1477 921 1583 953 „non
1609 910 1662 945 ita

923 957 1041 991 multo
1079 960 1165 1002 post
1201 958 1392 992 inventam
1431 957 1662 1003 tragoediam

923 1004 1020 1037 illud
1035 1016 1186 1049 quoque
1199 1015 1320 1050 genus
1333 1006 1528 1040 inventum
1543 1005 1660 1048 esse,“

924 1053 962 1085 et
1003 1052 1155 1096 quidem
1197 1063 1219 1086 a
1259 1051 1437 1094 Pratina,
1483 1051 1661 1096 Aeschyli

923 1099 1085 1143 aequali.
1101 1118 1144 1122 —
1162 1100 1269 1133 vilem
1282 1117 1297 1123 -
1311 1100 1355 1132 ob
1381 1099 1536 1142 hircum]
1561 1099 1661 1133 Hinc

923 1146 1047 1190 ipsum
1085 1157 1222 1180 nomen
1255 1145 1466 1194 τραγῳδίας
1503 1146 1661 1189 (Bocks-

924 1194 1199 1236 opserqesana).
1248 1193 1305 1228 De
1338 1192 1553 1238 tragoediae
1586 1193 1661 1227 ori-

925 1240 1013 1285 gine
1039 1240 1107 1274 cfr.
1133 1241 1179 1275 ad
1205 1251 1240 1279 v,
1259 1242 1340 1274 276.
1365 1259 1412 1264 --
1436 1242 1527 1275 Mox
1552 1241 1663 1273 etiam

926 1287 1009 1330 cet.]
1049 1288 1198 1330 „Inane
1230 1289 1313 1322 erat
1336 1288 1548 1333 negotium,
1586 1297 1661 1331 quo

926 1334 1057 1369 Critici
1082 1335 1280 1369 Horatium
1313 1335 1354 1368 in
1389 1334 1542 1380 satyrici
1579 1334 1663 1368 dra-

925 1382 1035 1417 matis
1061 1382 1207 1428 origine
1230 1385 1317 1427 post
1340 1381 1571 1427 tragoediam
1595 1392 1662 1425 po-

925 1430 1050 1464 nenda
1106 1441 1275 1475 pugnare
1324 1440 1408 1463 cum
1456 1429 1660 1463 Aristotele

925 1477 1046 1520 (Post.
1072 1478 1120 1521 4.)
1154 1478 1461 1512 demonstrarunt
1485 1478 1550 1517 aut
1574 1487 1660 1510 enm

925 1535 1106 1560 excusare
1140 1525 1265 1559 conati
1299 1526 1399 1558 sunt.
1448 1523 1660 1568 Utrumque

923 1583 1045 1617 genus
1088 1572 1394 1617 antiquissimum
1441 1570 1560 1605 fuisse
1609 1570 1662 1604 ait

924 1619 1115 1654 Horatius.
1151 1619 1283 1654 Redde
1307 1619 1425 1664 igitur
1448 1627 1535 1652 mox
1552 1619 1662 1652 eiiam

925 1668 1050 1701 verbis
1076 1668 1220 1701 alsbald
1245 1666 1371 1700 aucM‘
1408 1666 1524 1699 Ham>
1550 1665 1660 1699 Ture.

923 1714 990 1748 ΠΙ.
1015 1725 1099 1760 pag.
1126 1716 1206 1748 656.
1233 1733 1277 1737 —
1302 1713 1470 1755 nudavit]
1497 1712 1660 1757 „primus

925 1761 1048 1795 nudos
1074 1761 1224 1794 induxit
1248 1761 1288 1793 in
1314 1759 1500 1802 scenam,“
1525 1758 1565 1792 id
1592 1760 1660 1800 est,

927 1809 1028 1850 „hoc
1064 1808 1278 1842 fabularum
1316 1817 1436 1851 genus
1479 1805 1659 1839 invenit.“

926 1873 969 1878 -—
996 1854 1118 1897 asper]
1143 1854 1302 1888 Maxime
1327 1854 1369 1887 in
1394 1853 1454 1896 iis,
1481 1863 1576 1898 quae
1597 1851 1661 1887 Sa-

925 1901 1018 1946 tyris
1043 1902 1318 1943 tribuebantur,
1343 1900 1517 1935 consulto
1543 1900 1659 1933 rusti-

926 1949 1007 1983 cius
1041 1960 1084 1983 ac
1117 1949 1244 1982 minus
1276 1947 1394 1993 polite
1427 1945 1662 1989 iocabantur,

926 2007 1038 2041 quam
1064 1997 1208 2030 solebat
1233 1995 1426 2030 comoedia
1450 2005 1557 2029 nova.
1594 1993 1663 2027 Mi·

926 2055 998 2078 nus
1011 2046 1114 2078 recte
1127 2045 1279 2078 vertunt
1287 2043 1384 2077 Voss
1404 2042 1661 2083 stachlicht,

924 2090 1070 2125 Arnold
1117 2092 1384 2133 beissend3
1434 2091 1491 2123 est
1535 2088 1662 2133 potius

925 2140 1039 2172 rauh
1062 2140 1151 2172 und
1175 2139 1292 2171 derb.
1308 2157 1352 2161 —
1370 2137 1552 2170 Incolumi
1575 2144 1662 2177 qra-

924 2186 1053 2229 vitate]
1079 2186 1234 2219 deorum
1259 2187 1372 2229 atque
1397 2184 1565 2226 heroum,
1595 2182 1662 2227 qui

927 2244 1004 2268 una
1050 2243 1135 2267 cum
1178 2232 1328 2277 Satyris
1369 2230 1661 2265 inducebantur.

930 2300 971 2304 —
986 2279 1160 2323 novitate]
1187 2289 1282 2324 quae
1307 2279 1347 2312 in
1372 2279 1455 2323 ipso
1482 2277 1555 2312 sita
1572 2279 1662 2320 erat,

928 2328 1028 2372 quod
1071 2328 1193 2372 Satyri
1242 2327 1281 2360 in
1331 2336 1445 2360 scena
1491 2324 1661 2370 agebant.

928 2375 1034 2408 Ovid.
1075 2374 1221 2409 Metam.
1263 2376 1305 2415 4,
1346 2375 1442 2407 284:
1491 2372 1662 2412 dulcique

927 2424 1067 2455 animos
1092 2423 1253 2455 ‘novitate
1283 2421 1420 2454 lembo.
1446 2437 1490 2443 -
1515 2426 1663 2452 moran-

927 2470 1007 2512 dus]
1049 2467 1301 2512 „retinendus
1334 2467 1375 2500 in
1406 2467 1551 2500 theatro
1576 2467 1664 2510 post

928 2519 1131 2561 spectatam
1172 2515 1360 2560 trilogiam
1402 2514 1583 2559 tragicam
1617 2522 1662 2546 ac

927 2566 1032 2609 grate
1058 2562 1334 2598 delectandus.“
1362 2580 1407 2585 -
1432 2560 1555 2603 eoeleoe]
1583 2559 1663 2602 „fe-

927 2613 1045 2645 riatus
1083 2621 1126 2644 ac
1163 2612 1316 2655 propter
1349 2609 1447 2641 hanc
1480 2617 1661 2641 summam

928 2659 1155 2693 hilaritatem
1181 2657 1255 2691 iam
1280 2666 1356 2690 non
1374 2655 1485 2689 facile
1503 2654 1544 2687 in
1563 2653 1663 2687 ordi-

929 2717 1012 2740 nem
1048 2705 1255 2750 cogendus,
1291 2703 1321 2736 si
1354 2702 1451 2736 forte
1483 2700 1662 2745 interpel-
