1774 2930
687 170 782 206 Ans
806 170 1028 206 POETICA.
1528 171 1619 227 521,

217 273 509 327 Democritus,
541 273 655 315 bona
683 286 783 328 pars
813 286 901 316 non
930 285 1098 328 ungues
1130 285 1291 328 ponere
1322 274 1461 325 curat,

217 343 316 387 Non
343 343 542 398 barbam,
575 346 741 386 secreta
769 343 878 399 petit
907 342 1020 396 loca,
1050 342 1207 385 balnea
1235 342 1355 384 vitat.

217 414 498 458 Nanciscetur
530 414 652 472 enim·
672 414 859 470 pretium
889 427 1132 470 nomenque
1163 415 1340 469 poetae,

220 485 268 528 Si
297 485 434 528 tribus
464 484 683 541 Anticyris
715 488 842 541 caput
872 484 1112 527 insanabile
1143 497 1360 540 nunquam
1531 483 1618 525 300

220 555 402 599 Tonsori
432 555 584 598 Licino
616 555 888 598 commiserit.
931 554 969 597 Ο
1001 568 1081 611 ego
1110 554 1280 604 laevus,

219 626 303 675 Qui
333 640 493 683 purgor
522 626 654 669 bilem
685 626 766 668 sub
797 625 918 668 verni
951 626 1155 682 temporis
1188 625 1364 667 horam!

217 696 315 740 Non
345 697 454 740 alius
487 696 647 740 faceret
677 697 855 739 meliora
884 699 1107 752 poemata3
1140 710 1288 738 verum

217 766 290 810 Nil
318 768 426 812 tanti
459 772 538 810 est.
580 767 696 823 Ergo
728 767 882 822 fungar
911 767 1005 810 vice
1037 767 1158 821 cotis,
1191 771 1363 809 acutum

102 1000 148 1024 ea
171 989 395 1035 disceptatio
419 990 518 1024 inter
544 989 720 1024 Graecos.
751 989 839 1034 Epi-

103 1037 280 1071 charmus
317 1047 376 1093 ap.
409 1036 510 1072 Stob.
545 1039 609 1080 29,
635 1039 703 1071 54:
732 1034 768 1071 ‘A
798 1036 839 1070 δὲ

99 1083 243 1127 μελέτα
290 1094 441 1126 φυσιος-
487 1081 639 1128 ἀγαθᾶς
698 1083 840 1117 πλεῦνα

100 1128 292 1177 δωρεῖται,
317 1129 436 1172 φίλοι.
487 1130 623 1166 Critias
648 1131 739 1165 ibid.
768 1133 838 1165 10:

97 1174 163 1210 Ἐκ
209 1176 370 1222 μελέτης
418 1177 571 1220 πλείους
616 1174 644 1222 ἧ
685 1174 840 1220 φύσεως

99 1221 255 1268 ἀγαθοί.
308 1224 431 1259 Aliter
467 1225 655 1259 Pindarus
693 1225 839 1271 Olymp.

101 1272 137 1314 2,
161 1272 205 1304 86
232 1281 336 1315 seqq.
363 1271 422 1314 (V.
448 1271 494 1306 ad
519 1283 552 1305 v.
575 1272 673 1314 408.)
699 1291 744 1296 —
769 1274 840 1306 De-

100 1318 289 1361 mocritus]
316 1317 391 1352 Cfr.
416 1318 510 1363 Epp.
539 1321 570 1361 1,
598 1321 653 1361 12,
681 1321 735 1352 12.
763 1319 839 1353 Cic.

101 1364 149 1399 de
182 1364 309 1398 Divin.
345 1367 383 1407 1,
409 1367 472 1407 37,
499 1367 567 1399 80:
609 1367 726 1407 Neqat
761 1367 840 1400 sinc

105 1413 232 1453 surore
255 1413 484 1446 Democritus
515 1422 731 1457 quemquam
753 1415 840 1454 poe?-

104 1461 180 1492 tam
227 1467 403 1500 maumam
452 1468 524 1493 esse
561 1460 696 1500 posse.-
744 1462 841 1501 quod

102 1506 199 1539 idem
231 1507 317 1540 dicit
350 1507 471 1540 Plato.
522 1505 679 1551 Scripsit
715 1510 840 1541 autem

105 1552 171 1586 ille
190 1554 272 1600 περὶ
291 1550 482 1596 ποιήσεως
503 1555 540 1587 et
564 1555 649 1601 περὶ
661 1551 838 1601 Ὁμήρου.

103 1598 263 1644 Diogen.
303 1599 347 1634 L.
385 1602 426 1643 9,
463 1602 520 1634 48.
547 1620 590 1624 -
617 1603 711 1635 bona
737 1601 839 1644 pars]

103 1656 261 1690 prorsus
287 1648 329 1680 ut
353 1657 433 1690 nos,
459 1649 529 1681 ein
554 1651 683 1689 auter
706 1649 840 1682 Theil.

105 1691 180 1726 cfr.
206 1692 275 1727 Od.
301 1695 341 1736 4,
367 1696 406 1736 2,
431 1696 488 1728 46.
539 1694 613 1728 Sat.
641 1697 679 1737 1,
714 1698 751 1738 1,
783 1697 839 1729 61.

104 1758 150 1763 —
167 1748 240 1773 non
262 1748 401 1782 unques
422 1750 559 1783 ponere
585 1742 706 1785 curat]
734 1741 839 1785 „Quo

103 1785 303 1820 videantur
337 1786 463 1822 divino
496 1788 562 1822 illo
595 1789 722 1823 furore
754 1800 839 1834 per-

103 1832 180 1875 citi,
205 1844 384 1868 summam
410 1836 680 1880 negligentiam
700 1836 741 1870 in
760 1847 840 1870 cor-

103 1891 196 1924 pore
237 1882 404 1916 curando
446 1882 653 1917 affectant.“
694 1903 736 1907 -—
775 1885 839 1917 iri-

105 1928 170 1960 bus
201 1928 381 1968 Anticyris
415 1930 499 1972 cet.]
543 1930 740 1973 „insania,
777 1931 837 1964 cui

105 1975 164 2007 ter
211 1975 355 2008 tantum
402 1976 607 2018 hellebori,
658 1980 839 2020 quantum

104 2020 306 2065 Anticyrae
339 2023 540 2066 quotannis
575 2024 727 2064 crescit,
763 2035 839 2057 me-

78 2066 186 2101 ‘deri
219 2078 296 2102 non
327 2069 464 2114 possit,
500 2069 539 2102 id
574 2072 647 2111 est,
684 2081 839 2114 prorsus

104 2113 372 2150 insanabilis.“
433 2115 509 2149 Cfr.
542 2116 589 2149 ad
623 2116 697 2150 Sat.
732 2118 772 2159 2,
807 2119 840 2159 3,

107 2162 164 2194 83.
191 2180 235 2184 —
260 2163 398 2205 Licino]
437 2163 579 2196 Licinus
616 2163 689 2196 fuit
725 2163 839 2198 huius

105 2207 269 2242 hominis
307 2220 532 2255 cognomen,
570 2220 646 2243 non
682 2211 840 2243 Licinius

106 2263 262 2297 nomen,
300 2260 342 2290 ut
375 2256 554 2291 scribitur
586 2267 768 2301 persaepe
799 2258 839 2290 in

104 2311 240 2382 pili-osas}
251 2303 431 2384 orati01113is
443 2303 701 2384 sgiptloribus,
711 2315 839 2385 queim-

104 2358 128 2381 a
154 2359 213 2382 mo
242 2360 304 2383 um
330 2361 349 2384 e
410 2359 465 2383 asi
526 2361 549 2394 p
568 2361 750 2395 erumque
801 2362 839 2386 e-

106 2398 241 2429 cerunt
288 2398 479 2431 Basiliam.
537 2397 606 2440 (V.
649 2397 839 2432 Onomast.

107 2440 350 2486 Tullianum.)
386 2443 559 2487 „Nomen
591 2447 649 2478 est
676 2446 840 2479 tonsoris

105 2487 255 2532 famosi,
294 2492 358 2535 qui
390 2493 521 2535 postea
546 2491 685 2525 dicitur
708 2492 840 2526 ⁴factus

106 2538 257 2570 senator
288 2549 310 2571 a
348 2537 525 2577 Caesare,
564 2538 664 2583 quod
701 2539 842 2573 odisset

106 2580 345 2627 Pompeium,
378 2584 423 2619 de
458 2596 533 2630 quo
564 2586 635 2619 hoc
661 2586 841 2630 scriptum

109 2631 165 2662 est
189 2631 437 2675 epitaphium:
463 2633 675 2667 Marmor-co
698 2634 840 2666 tumulo

108 2675 252 2710 Licinus
275 2680 385 2722 iacet,
412 2682 450 2712 αι
475 2681 561 2713 Caco
586 2681 705 2722 nullo,
735 2682 840 2713 Pom-

106 2722 209 2762 peius
230 2733 368 2766 parvo:
394 2728 473 2767 quis
495 2729 598 2768 putet
618 2735 691 2760 esse
710 2727 839 2760 deos?“

887 989 1017 1024 Con.
1043 989 1164 1029 ORUQ.
1211 989 1355 1030 Quodsi
1379 989 1536 1024 Licinus
1561 989 1622 1024 hic

885 1036 1116 1072 Horatianus
1151 1048 1193 1072 rc
1226 1048 1315 1071 vera
1347 1037 1446 1071 idem
1480 1039 1537 1071 est
1569 1039 1623 1071 at·

887 1095 961 1129 que
993 1084 1076 1126 ille,
1110 1085 1176 1128 qui
1209 1087 1361 1118 auctore
1386 1084 1508 1118 Dione
1534 1083 1623 1118 Cas-

887 1131 943 1165 sio
982 1133 1046 1174 54,
1084 1133 1139 1165 21.
1178 1131 1323 1177 origine
1361 1130 1494 1166 Gallus
1531 1133 1624 1174 erat,

887 1180 1094 1223 captusque
1127 1190 1150 1213 a
1173 1178 1353 1213 Romanis
1378 1189 1508 1213 servus
1532 1178 1623 1212 Iulii

889 1225 1061 1260 Caesaris
1098 1226 1221 1259 fuerat
1258 1228 1295 1260 et
1331 1225 1377 1260 ab
1414 1236 1458 1260 eo
1492 1236 1624 1260 manu-

887 1273 1046 1315 missus,
1083 1272 1129 1307 ab
1162 1272 1334 1318 Augusto
1361 1272 1505 1307 Galliae
1538 1283 1624 1317 pro-

888 1322 1041 1354 curator
1082 1320 1204 1354 factus
1246 1322 1304 1354 est
1343 1331 1375 1355 a.
1402 1331 1439 1353 u.
1466 1330 1497 1354 c.
1531 1321 1624 1363 739..

888 1366 1128 1400 statuendum
1153 1367 1243 1409 erit,
1274 1377 1318 1401 eo
1345 1369 1523 1412 tempore,
1549 1378 1624 1411 quo

886 1412 961 1448 Ars
975 1414 1141 1457 ..poetica
1172 1414 1378 1458 composita
1407 1418 1481 1457 est,
1517 1414 1623 1448 illum

887 1460 960 1494 iam
994 1472 1039 1495 ex
1070 1461 1255 1507 principis
1286 1461 1413 1495 favore
1439 1461 1624 1496 excidisse

887 1508 948 1541 vel
973 1508 1119 1552 obisse,
1158 1519 1243 1542 nam
1275 1509 1421 1542 homini
1455 1510 1624 1553 quamvis

888 1554 1071 1599 improbo,
1102 1554 1168 1589 sed
1199 1556 1246 1590 ab
1271 1556 1443 1601 Augusto
1469 1556 1624 1591 honori-

888 1601 959 1635 bus
992 1602 1143 1644 affecto,
1180 1603 1235 1636 sic
1268 1602 1430 1637 illudere
1461 1602 1526 1637 vix
1559 1614 1625 1648 po-

888 1650 997 1683 terat.
1045 1649 1185 1694 Utique
1218 1651 1351 1693 Licini,
1390 1652 1433 1687 ut
1463 1650 1535 1684 viri
1568 1650 1626 1684 in-

888 1695 1001 1740 digne
1033 1696 1253 1740 praedivitis
1287 1700 1324 1730 et
1355 1697 1625 1742 praepotentis,

888 1753 1026 1777 nomen
1058 1746 1190 1788 postea
1222 1744 1332 1788 quasi
1362 1745 1402 1778 in
1435 1744 1626 1788 proverbii

889 1790 1202 1825 consuetudinem
1239 1791 1364 1825 venit:
1406 1791 1511 1826 Pers.
1550 1792 1574 1825 1.
1598 1792 1625 1826 1.

886 1836 1047 1871 Martial.
1072 1839 1105 1880 8,
1132 1840 1165 1880 3,
1191 1841 1223 1872 6.
1266 1837 1397 1872 Iuven.
1425 1841 1456 1880 1,
1483 1840 1562 1872 109.
1588 1842 1626 1873 et

890 1886 952 1926 14,
979 1886 1047 1918 305
1079 1895 1184 1929 seqq.
1235 1884 1388 1920 Sueton.
1414 1884 1541 1920 octav,
1567 1887 1624 1920 6⁷.

936 1932 1016 1965 301.
1043 1933 1124 1965 302.
1163 1933 1193 1966 0
1220 1942 1283 1974 eqo
1311 1933 1451 1976 laevus]
1489 1932 1625 1978 virgil.

887 1978 966 2011 Ecl.
995 1981 1027 2021 1,
1054 1981 1108 2012 16.
1136 1982 1173 2013 et
1195 1979 1289 2013 Aen.
1316 1981 1349 2022 2,
1375 1982 1439 2014 54:
1464 1981 1503 2014 Si
1527 1989 1625 2013 ‘mens

889 2033 962 2057 non
1001 2026 1105 2059 laeva
1141 2027 1278 2067 fuisset.
1330 2026 1391 2069 „O
1420 2038 1480 2061 me
1505 2027 1625 2060 homi-

889 2081 974 2104 nem
1014 2075 1315 2116 praeposterum,
1363 2073 1429 2117 qui
1469 2084 1625 2118 magnos

887 2117 980 2151 istos
1005 2120 1133 2162 poetas
1160 2129 1236 2153 non
1262 2119 1430 2154 imitatus
1447 2120 1625 2155 remediis

888 2164 935 2198 ad
972 2165 1204 2210 purgandam
1245 2166 1359 2200 bilem
1396 2168 1493 2213 aptis
1531 2178 1625 2212 quo-

888 2211 1013 2245 tannis
1032 2213 1137 2246 utor!
1151 2213 1168 2230 “
1195 2213 1270 2247 Bili
1288 2214 1390 2247 enim
1407 2214 1627 2249 tribuebant

888 2257 1158 2302 μελαγχολίαν.
1185 2278 1231 2284 -·
1252 2270 1393 2302 purqor
1419 2262 1546 2305 bilem]
1584 2262 1624 2296 in

887 2315 1000 2350 prosa
1033 2309 1126 2340 orat.
1154 2308 1236 2341 bile.
1284 2308 1351 2342 Est
1387 2310 1625 2343 accusativus

890 2352 1074 2387 Graecus:
1103 2354 1227 2398 „quod
1253 2354 1298 2388 ad
1323 2355 1439 2389 bilem
1456 2357 1622 2390 attinet.“

890 2418 933 2423 —-
961 2401 1103 2444 horam]
1131 2402 1250 2443 „anni
1277 2403 1461 2446 tempus,“
1487 2406 1530 2437 ut
1555 2402 1624 2437 Od.

889 2448 922 2488 3,
950 2448 1003 2488 13,
1031 2450 1064 2481 9.

937 2495 1151 2529 303-308.
1175 2497 1240 2529 Nil
1266 2498 1359 2529 tanti
1384 2497 1448 2540 est]
1492 2497 1626 2539 „Nihil

890 2540 984 2574 tanti
1009 2542 1183 2583 aestimo,
1221 2543 1328 2577 nulla
1352 2554 1508 2587 prorsus
1534 2544 1625 2577 mihi

889 2597 1002 2621 causa
1035 2591 1110 2631 est,
1150 2598 1217 2622 cur
1250 2600 1410 2634 magnus
1444 2591 1555 2634 poeta
1579 2590 1625 2624 ad

889 2634 1039 2668 illorum
1065 2635 1211 2669 scilicet
1235 2636 1428 2670 modulum
1454 2637 1536 2670 fieri
1563 2647 1626 2671 cu-

889 2681 1022 2725 piam.“
1051 2700 1094 2705 —
1120 2684 1218 2723 Erqo
1246 2683 1329 2725 cet.]
1370 2682 1498 2729 „Ergo
1533 2695 1626 2728 quo·

890 2728 990 2762 niam
1016 2729 1087 2764 hoo
1111 2729 1202 2762 mibi
1229 2732 1405 2775 negatum
1429 2733 1496 2771 est,
1523 2732 1626 2764 criti·

1766 2710 1774 2729 ⁴
