1786 2912
728 128 823 165 LIB.
845 128 876 164 Ι.
925 126 1029 163 SA'r.
1050 127 1099 162 X.

1583 129 1667 169 119

277 205 699 286 Haerentem-capiti
729 243 823 272 cum
851 229 988 271 multa
1014 227 1143 271 laude
1173 241 1386 270 coronam.
1402 252 1458 258 -—-

278 304 340 344 At
367 301 458 344 dixi
486 302 620 344 fluere
651 300 764 343 hunc
794 300 1064 352 lutulentum,
1097 312 1227 355 saepe
1256 298 1465 341 ferentem

1612 298 1669 339 50

278 373 410 415 Plura
429 371 600 428 quidem
619 371 809 413 tollenda
827 370 1132 426 relinquendis.
1151 394 1206 400 —
1221 359 1333 425 Age,
1364 383 1539 425 quaeso,

280 443 347 486 Tu
375 443 486 485 nihil
515 443 561 484 in
591 456 747 498 magno
779 441 927 484 doctus
956 439 1234 496 reprehendis
1264 440 1487 482 Homero?

214 515 227 550 Γ
276 513 350 555 Nil
379 514 511 556 comis
542 513 693 568 tragici
722 516 859 554 mutat
885 511 1079 553 Lucilius
1109 510 1251 553 Acci?

277 583 374 626 Non
402 583 515 626 ridet
541 597 691 626 versus
721 582 836 624 Enni
867 582 1076 638 gravitate
1106 582 1307 634 minores,

276 654 385 697 Cum
415 654 468 697 de
499 668 547 697 se
576 653 763 710 loquitur
791 666 878 695 non
907 657 956 694 ut
984 653 1145 695 maiore
1175 652 1391 709 reprensis
1408 653 1430 693 ?

1609 651 1664 692 55

277 725 390 773 Quid
420 729 536 767 vetat
567 728 610 767 et
639 728 808 766 nosmet
834 723 975 766 Lucili
1006 724 1166 779 scripta
1196 723 1392 779 legentes

276 795 506 849 Quaerere,
538 809 640 842 umn
668 795 800 844 illius,
834 809 936 836 num
967 808 1109 836 rerum
1140 794 1246 836 dura
1276 793 1443 849 negarit

275 865 520 910 Versiculos
550 869 704 919 natura
734 865 870 921 magis
902 864 1049 923 factos³
1069 870 1112 907 et
1144 868 1295 908 euntes

250 985 309 1017 49.
332 985 451 1017 mulla
474 991 556 1016 cum
580 983 718 1024 Aldus,
742 982 832 1016 Lct.
866 982 984 1025 (Cum
1011 983 1128 1027 „plus
1154 982 1299 1016 decemo
1310 981 1535 1016 codicibus“
1563 990 1623 1015 or·

204 1030 330 1064 dinem
362 1030 562 1064 verborum
594 1030 750 1064 invertit
780 1030 1014 1071 Bentleius.)
1040 1049 1089 1054 —
1112 1031 1171 1063 52.
1212 1030 1400 1071 reprendis
1435 1027 1548 1069 SJJC.
1577 1045 1622 1050 —

205 1079 263 1111 53.
297 1078 383 1111 Aeci
412 1077 557 1122 bSfflp,
588 1077 784 1111 Bentleius
818 1080 856 1111 et
888 1076 941 1110 FJ
955 1088 965 1110 t
1002 1079 1077 1110 Aut·
1107 1076 1235 1111 Lem.
1269 1096 1313 1100 —
1347 1078 1405 1110 55.
1451 1076 1623 1116 loquitur,

204 1133 277 1158 non
300 1127 342 1159 ul
365 1126 506 1158 miore
531 1124 732 1169 distinguit
755 1123 793 1157 M
818 1134 903 1158 cum
927 1123 1121 1169 plerisque
1146 1123 1239 1158 Edd.

95 1223 105 1233 '
156 1239 241 1264 nus
265 1230 470 1264 traetavstst‘
521 1229 596 1264 Sat.
622 1231 656 1271 2,
683 1233 714 1272 1,
740 1231 808 1263 63:
837 1233 889 1263 est

155 1277 317 1310 Mlius
364 1286 476 1311 ausus
516 1279 661 1311 Primus
708 1278 748 1309 in
794 1278 889 1310 hunc

157 1325 279 1365 operis
303 1332 515 1366 componere
549 1326 715 1358 carmina
738 1332 887 1357 morem.

157 1370 223 1403 ’142
265 1372 448 1412 Quidquid
478 1380 557 1404 sum
594 1379 679 1413 eoo,
722 1373 888 1412 quamvis

158 1417 268 1458 Infra
298 1418 414 1450 Lucili
446 1426 590 1451 censum
622 1418 889 1459 inqcm‘umque,

159 1466 283 1497 lamen
305 1466 374 1498 cet.
400 1482 444 1488 -
470 1465 706 1508 Haerentem]
734 1465 790 1507 „ei
815 1475 889 1498 me-

157 1510 233 1544 rito
257 1509 439 1554 debitum,
471 1511 564 1546 adeo
591 1517 651 1554 ut,
683 1523 732 1546 ne
757 1512 790 1545 si
814 1512 890 1545 vel-

158 1558 232 1591 lem
257 1557 429 1602 quidem,
461 1569 548 1592 eum
572 1562 643 1595 hac
668 1559 779 1593 laude
805 1569 890 1603 spo-

156 1603 457 1648 Ῑίιιικῃροειιιὲιιι.ιι
497 1605 583 1641 vid.
608 1608 656 1642 ad
682 1605 758 1640 Sat.
785 1608 823 1647 1,
855 1607 887 1647 3,

157 1651 214 1684 32.
240 1651 325 1685 coll.
351 1651 426 1686 Sat.
452 1655 486 1694 2,
511 1654 544 1694 3,
570 1656 652 1689 205.

202 1699 324 1732 5ον55.
342 1700 455 1740 fluere
474 1701 692 1735 lutulentum
709 1699 795 1742 cet]
814 1699 888 1736 Sat.

159 1747 198 1787 1,
222 1747 263 1787 4,
290 1747 345 1779 11.
378 1748 584 1788 „torrentis
615 1749 735 1782 instar
762 1757 888 1781 secum

156 1792 365 1826 trahentem
387 1794 497 1837 plura
514 1795 668 1839 quidem
685 1793 889 1829 recidenda

158 1839 386 1874 servandis.“
412 1859 468 1879 —-,
482 1842 628 1886 doctus]
664 1868 682 1884 ,,
694 1841 886 1876 criticus.“

159 1887 456 1930 -reprehendiq
473 1887 668 1923 Eiusmodi
685 1889 889 1933 reprehen-

158 1932 284 1967 siones
300 1933 454 1968 Homeri
481 1946 527 1969 ex
552 1937 680 1970 schola
696 1935 889 1970 Gramma-

157 1978 318 2013 ticorum
333 1981 677 2017 Alexandrinorum
697 1983 888 2027 profectae

157 2027 369 2070 complures
394 2028 642 2064 inveniuntur
665 2031 706 2063 in
725 2030 887 2063 Scholiis

157 2071 327 2108 Venetis.
375 2074 460 2108 Vid.
501 2076 548 2110 ad
588 2078 668 2111 Art.
708 2077 813 2110 Poet.
854 2088 887 2109 v.

158 2121 238 2153 359.
264 2139 307 2143 -
334 2122 467 2164 comis]
504 2123 666 2157 refertur
703 2123 750 2156 ad
785 2124 888 2156 illam

157 2166 272 2214 animi
297 2167 522 2211 bonitatem,
553 2181 665 2214 quam
689 2170 823 2204 merito
848 2170 887 2203 in

157 2223 203 2247 eo
228 2213 358 2248 laudat
383 2213 459 2248 Sat.
485 2218 518 2257 2,
537 2219 568 2257 1,
588 2219 632 2250 30
658 2228 762 2261 seqq.
805 2218 890 2258 „Co-

156 2261 226 2293 mis
249 2259 423 2295 Lucilius
454 2266 607 2307 propter
639 2263 890 2297 urbanitatem

158 2306 331 2340 djcitur.“
370 2308 519 2343 Pomm.
546 2329 588 2333 —
614 2310 752 2353 mutat]
779 2321 889 2352 „mu-

158 2354 312 2388 tandum
355 2365 383 2388 s.
421 2357 686 2401 corrigendum
726 2359 888 2391 oensem*

157 2399 277 2434 Voss:
329 2403 497 2436 Wtimcht
546 2405 642 2437 deme
682 2413 733 2437 an
771 2406 891 2438 Allius

158 2449 271 2480 nicus
302 2450 368 2482 der
400 2451 510 2483 milde
534 2452 695 2484 Lucilius
728 2452 891 2485 ander-s?

160 2494 288 2535 „Facit
304 2498 429 2530 autem
455 2497 556 2539 (hoc)
582 2508 664 2531 cum
682 2498 787 2540 alias,
811 2501 890 2532 tum

158 2541 199 2573 in
225 2542 336 2575 tertio
361 2543 458 2577 libro
492 2547 530 2577 et
560 2555 661 2578 nono
686 2548 723 2578 et
747 2544 890 2579 decimo

159 2587 383 2629 (Satirarum
393 2591 440 2631 ).“
490 2591 693 2625 Pom‘mm.
720 2610 764 2615 -
789 2593 890 2635 Aeci]

158 2633 243 2668 Vid.
281 2635 329 2669 ad
366 2636 458 2681 Epp.
496 2639 537 2679 2,
575 2641 614 2680 1,
652 2641 708 2672 56.
736 2657 778 2662 —
808 2640 890 2672 Non

156 2682 251 2714 n'det
284 2682 370 2725 cet]
408 2683 539 2725 „Idem
573 2685 793 2728 Lucilius‘,
834 2687 891 2719 in-

937 1230 1035 1274 quit,
1062 1230 1238 1271 „minime
1262 1229 1426 1264 abstinet
1450 1239 1473 1262 a
1497 1227 1671 1261 deriden-

937 1277 995 1311 dis
1012 1277 1127 1310 Ennii
1145 1277 1317 1310 versibus
1338 1276 1463 1309 minus
1481 1275 1672 1320 gravibus,

937 1335 1049 1368 quam
1073 1325 1223 1368 reliqua
1238 1324 1323 1357 eius
1347 1326 1384 1356 et
1401 1322 1554 1356 omnino
1572 1321 1670 1365 epici

936 1371 1086 1415 generis
1111 1370 1276 1415 dignitas
1300 1369 1480 1414 requirit,
1518 1372 1560 1402 ut
1584 1379 1670 1402 cum

938 1418 1111 1462 scripsit:
1148 1420 1195 1450 At
1232 1419 1319 1450 tuba
1357 1417 1516 1449 ten-ibili
1550 1417 1672 1449 sonitu

936 1467 1180 1504 ωταωπεανα
1204 1466 1310 1506 αι’-τῦ,
1337 1466 1396 1498 et:
1435 1464 1465 1496 0
1492 1463 1570 1496 Tite
1594 1465 1671 1496 lule

937 1513 1020 1545 Tati
1065 1513 1130 1544 cibi
1177 1514 1283 1544 tama
1339 1514 1496 1552 tyranne
1555 1511 1673 1543 ‘ulmi

936 1560 1102 1599 Damna,
1136 1558 1249 1592 item:
1275 1559 1346 1591 telo
1372 1558 1568 1598 Τναπεραίι
1593 1565 1671 1590 cor-

933 1614 1020 1647 pm,
1055 1614 1148 1639 saxo
1182 1614 1263 1639 cere
1296 1606 1504 1638 comminuit
1530 1604 1669 1637 brumst‘

936 1652 1134 1686 Genitivus
1158 1654 1256 1686 Enni
1285 1655 1408 1686 autem
1443 1651 1608 1685 refertur
1632 1652 1673 1684 et

936 1700 983 1734 ad
1019 1711 1052 1734 v.
1077 1709 1202 1733 versus
1239 1703 1277 1733 et
1313 1699 1360 1733 ad
1398 1710 1430 1732 v.
1464 1699 1671 1740 mamam

936 1758 1023 1781 nam
1040 1749 1223 1789 oravimus
1238 1749 1397 1780 minores
1420 1745 1592 1779 absoluto
1615 1744 1671 1778 di—

937 1804 1023 1828 cere
1057 1805 1133 1827 non
1164 1797 1323 1838 poterat.
1350 1793 1429 1827 'De
1453 1793 1576 1826 Ennio
1602 1792 1671 1825 cfr.

936 1841 984 1875 ad
1010 1840 1079 1874 od.
1104 1844 1139 1883 4,
1164 1844 1197 1882 s,
1222 1843 1278 1875 20.
1303 1841 1398 1885 Epp.
1426 1843 1457 1882 1,
1486 1843 1541 1879 19,
1566 1841 1598 1872 ⁷.
1625 1857 1669 1862 —

939 1890 1102 1929 loquitur
1133 1897 1207 1921 non
1238 1892 1278 1921 ut
1307 1890 1446 1921 maiore
1469 1885 1671 1928 repr-ensis]

939 1946 1031 1977 „nec
1055 1940 1180 1969 tamen
1206 1935 1378 1969 Lucilius
1411 1935 1464 1968 ita
1488 1934 1671 1978 loquitur,

937 1982 1047 2027 quasi
1079 1983 1157 2016 illis
1191 1984 1310 2016 maior
1344 1983 1412 2024 sit;
1450 1991 1575 2025 neque
1600 1990 1670 2024 ego

934 2033 1010 2063 tam
1044 2041 1127 2063 sum
1160 2040 1361 2074 arrogans,
1395 2031 1454 2070 ut,
1487 2027 1588 2072 quod
1614 2027 1671 2060 in-

938 2077 1039 2110 culta
1065 2079 1102 2110 et
1125 2076 1404 2121 negligentiora
1420 2074 1605 2120 quaedam
1629 2073 1671 2106 in

936 2123 1076 2156 Lucilii
1104 2123 1237 2156 Satiris
1262 2123 1367 2164 dico,
1396 2133 1456 2156 me
1480 2122 1538 2154 illi
1563 2130 1672 2165 prae-

937 2171 1087 2203 feram.“

986 2219 1042 2250 57.
1060 2218 1117 2250 58.
1141 2226 1230 2249 num
1252 2218 1352 2249 illius
1377 2215 1461 2258 cet]
1489 2226 1601 2257 „num
1626 2214 1672 2248 il-

939 2263 1014 2298 lius
1039 2263 1234 2308 ingenium
1265 2274 1309 2297 ac
1338 2263 1500 2297 facultas
1522 2261 1672 2307 poetica

939 2322 1015 2345 non
1041 2311 1133 2352 satis
1158 2311 1323 2356 benigna
1352 2310 1554 2354 minusque
1585 2312 1672 2353 apta

938 2357 985 2391 ad
1011 2358 1269 2402 componenda
1298 2360 1473 2402 poemata
1497 2357 1671 2390 omnibus
1714 2361 1718 2363 ’

938 2406 1106 2438 numeris
1132 2405 1323 2446 absoluta,
1356 2415 1448 2438 num
1472 2413 1671 2448 argumen-

938 2455 1061 2485 torum
1085 2448 1253 2496 ipsorum
1279 2452 1447 2485 difficilis
1475 2455 1588 2494 atque
1613 2450 1671 2482 in·
1697 2451 1702 2454 '

939 2502 1045 2544 grata
1070 2502 1206 2534 natura
1230 2499 1269 2532 in
1297 2509 1412 2532 causa
1434 2499 1568 2537 fuerit,
1602 2506 1670 2529 cur

938 2550 1013 2579 tam
1054 2547 1207 2580 scabros
1247 2557 1379 2580 versus
1419 2544 1597 2578 fuderit.“
1627 2562 1669 2566 —

938 2595 1053 2634 mam's
1093 2593 1223 2636 factos]
1268 2593 1438 2634 „maiore
1479 2594 1559 2625 arte
1595 2589 1672 2623 ela-

938 2640 1139 2683 boratos3⁶⁶
1181 2645 1223 2673 ut
1261 2640 1395 2674 Graeci
1434 2638 1673 2680 πεποιημένα

939 2687 1082 2730 dicunt,
1108 2698 1206 2732 quae
1232 2698 1316 2721 cum
1342 2688 1422 2719 arte
1449 2685 1547 2718 elata
1571 2686 1671 2718 sunt.

1735 348 1754 366 Ι
