1774 2930
154 148 241 190 436

631 147 839 183 HORATH
861 147 1208 183 EPISTOLARUM

272 248 331 291 Et
361 248 632 292 formidatam
659 248 836 291 Parthis
866 252 911 292 te
939 249 1134 306 principe
1162 250 1365 306 Romam,

274 319 335 375 Si,
358 324 565 377 quantum
587 333 802 377 cuperem,
822 334 996 377 possem
1018 334 1209 377 quoque3
1237 321 1314 365 sed
1333 318 1474 379 neque
1493 337 1674 380 parvum
1719 327 1723 331 ”

274 391 460 435 Carmen
490 392 693 434 maiestas
724 391 879 448 recipit
908 395 984 435 tua
1013 405 1094 434 nec
1122 406 1244 435 meus
1274 393 1403 436 audet

270 462 383 506 Rem
414 466 580 506 tentare
610 462 767 519 pudor,
800 477 929 519 quam
964 463 1078 505 vires
1110 463 1222 506 ferre
1252 468 1464 507 recusent.

272 533 488 577 Sedulitas
519 537 663 577 autem
694 534 842 588 stulte,
875 547 1003 590 quem
1033 534 1191 590 diligit,
1222 538 1366 591 urget,

1585 536 1672 578 260

270 604 511 662 ΡταθοὶΡιιθ
541 619 639 648 cum
669 619 717 648 se
746 606 938 648 numeris
969 605 1238 648 commendat
1269 610 1313 649 et
1342 610 1455 649 arte:

272 675 415 719 Discit
446 677 562 719 enim
593 677 719 718 citius
749 677 1031 733 meminitque
1059 677 1264 719 libentius
1293 676 1419 732 illud,

273 746 400 796 Quod
432 748 528 804 quis
560 747 744 802 deridet,
778 762 906 804 quam
937 747 1051 804 quod
1079 748 1234 804 probat
1264 752 1308 791 et
1335 752 1576 791 veneratur.

270 818 344 861 Nil
374 833 517 861 moror
548 819 753 873 officium,
787 819 901 875 quod
930 833 998 861 me
1029 823 1197 875 gravat,
1230 834 1281 862 ac
1309 834 1450 876 neque
1478 820 1577 863 ficto

271 890 322 932 In
351 890 476 947 peius
507 891 627 933 voltu
657 891 840 947 proponi
871 904 1020 933 cereus
1049 904 1250 947 usquam,

1585 891 1672 934 265

248 1040 327 1072 260.
354 1040 495 1082 autem,
520 1039 629 1072 stulte
656 1046 762 1079 quem
787 1038 906 1079 diliait
930 1037 1170 1083 distinguunt
1194 1037 1396 1073 LctFMJs.
1446 1039 1519 1082 (Ut
1543 1050 1624 1083 nos,

199 1085 425 1129 Bentleins.)

152 1211 216 1244 22:
251 1212 388 1244 Ianum
416 1211 612 1252 Quirinum
639 1210 754 1243 semel
778 1211 890 1250 atque

150 1259 285 1291 iterum
319 1266 342 1290 a
377 1258 523 1291 condita
551 1258 642 1290 Urbe
675 1258 890 1290 memoriam

153 1307 238 1339 ante
262 1313 370 1338 suam
395 1306 578 1347 clausum,
603 1306 643 1337 in
667 1305 783 1338 multo
810 1305 890 1337 bre-

150 1354 252 1387 viore
277 1353 454 1394 temporis
479 1353 615 1395 spatio,
651 1354 754 1385 terra
777 1353 891 1384 mari-

152 1408 222 1440 que
244 1409 336 1442 pace
357 1402 483 1442 parta,
510 1402 565 1432 ter
589 1400 706 1433 clusit.
734 1399 782 1442 (a.
800 1410 837 1432 u.
857 1409 888 1432 c.

151 1448 232 1481 725.
258 1449 340 1481 729.
370 1450 407 1481 et
440 1449 539 1489 744„
573 1447 620 1481 de
656 1457 728 1491 quo
762 1449 889 1480 tamen

151 1504 252 1528 anno
277 1495 349 1529 Dio
385 1496 449 1537 54,
476 1496 539 1528 36:
574 1494 787 1538 ἐψηφίσθη
818 1494 890 1537 μὲν

151 1541 222 1575 οὐν
247 1540 316 1575 τὸν
330 1540 453 1575 Ιανὸν
471 1539 539 1575 τὸν
555 1542 777 1584 Γέμινον--
790 1541 890 1574 κλει-

152 1589 307 1633 σθῆναι·
347 1587 392 1623 οῦ
425 1590 560 1633 μέντοι
592 1590 658 1622 καὶ
695 1588 889 1633 ἐκλείσθη,

150 1639 306 1681 propter
341 1647 439 1671 nova
472 1637 573 1671 bella
602 1647 686 1671 cum
713 1636 826 1671 Dacis
853 1640 891 1671 et

150 1684 335 1719 Delmatis
354 1685 461 1728 orta.)
480 1703 524 1708 —
542 1684 705 1727 Parthis]
725 1684 801 1718 Gfr.
819 1683 889 1718 Od.

152 1733 192 1774 3,
218 1734 259 1774 5,
294 1734 469 1777 2sqz4,
505 1733 547 1773 5,
575 1733 630 1765 25.
667 1731 788 1765 Carm.
814 1741 888 1765 sec.

151 1781 196 1812 53
223 1790 280 1823 sq.
307 1779 381 1813 Sat.
400 1781 433 1822 2,
458 1780 491 1821 5,
509 1758 566 1813 62.
591 1779 686 1823 ΕΡΡ.
706 1781 738 1821 1,
757 1781 813 1821 12,
832 1780 888 1812 27.

199 1827 399 1860 257—259.
424 1827 463 1861 Si
481 1828 660 1867 quantum
677 1826 762 1868 cet]
786 1826 888 1867 „Hoc

149 1875 257 1907 vetus
293 1884 376 1908 esse
410 1873 552 1907 dictum
584 1873 796 1907 Aristarchi
833 1872 888 1906 fe-

149 1923 252 1962 runt,
268 1921 345 1965 qui,
360 1931 445 1954 cum
458 1921 577 1954 multa
589 1919 888 1964 reprehenderet

149 1967 190 2001 in
215 1967 400 2010 Homero,
434 1967 576 2002 aiebat:
611 1969 687 2001 Nec
718 1976 756 2001 se
781 1976 887 2008 posse

149 2017 306 2049 scribere
323 2041 332 2058 ,
399 2017 704 2056 quemadmodum
767 2015 886 2057 vellet,

148 2071 267 2104 neque
282 2064 389 2106 velle,
409 2064 716 2104 quemadmodum
728 2062 883 2104 posset.“

148 2110 300 2144 Pom’u.
328 2109 402 2144 Sat.
430 2112 469 2153 2,
496 2112 528 2152 1,
556 2111 617 2143 12:
646 2111 822 2151 cupidum
839 2129 854 2135 -
871 2128 886 2135 -

148 2159 244 2192 vires
257 2159 438 2200 deficiunt.
449 2177 493 2181 ——
502 2157 646 2199 recipit]
663 2156 882 2200 „admittit.“

149 2205 230 2239 Liv.
257 2207 319 2248 29,
346 2207 411 2239 24:
437 2214 476 2238 re
501 2206 579 2238 iam
603 2213 678 2237 non
702 2205 803 2237 ultra
828 2213 885 2237 re-

149 2254 302 2294 cipiente
312 2254 589 2286 cunctationem.
602 2269 646 2275 -α
652 2251 787 2294 pudor]
804 2262 885 2294 „re-

149 2302 232 2334 ctus
259 2311 395 2334 sensus
421 2300 515 2342 eius,
540 2299 644 2344 quod
671 2299 812 2332 decet.“
840 2318 883 2323 —-

149 2348 249 2389 serre
265 2348 447 2390 recusent]
466 2347 511 2381 A.
527 2347 569 2380 P.
589 2349 632 2380 39
647 2357 654 2379 :
682 2348 771 2387 quid
786 2348 884 2388 serre

148 2397 325 2437 recusent,
354 2396 450 2436 Quid
473 2395 623 2428 valeant
651 2395 804 2427 humeri.

198 2443 397 2475 260-263.
422 2441 619 2484 sedulitas]
645 2442 885 2482 Dienstqe-

149 2490 452 2531 sustentant,
502 2500 602 2523 non:
651 2489 885 2529 Zudri‘nq-

152 2537 361 2570 lichkeit.
399 2536 526 2579 „Talis
551 2538 675 2570 autem
702 2535 884 2570 sedulitas

150 2583 311 2626 (Sidonii
327 2583 560 2628 Apollinaris
580 2583 701 2617 Carm.
721 2585 776 2625 23,
802 2584 885 2616 478.

150 2631 383 2674 officiositas)
426 2633 518 2664 tunc
555 2630 758 2675 imprimis,
799 2640 885 2663 cum

149 2689 282 2713 versus
300 2689 389 2713 suos
403 2678 682 2722 artificiumque
695 2678 885 2722 poeticum

148 2726 348 2760 venditans
386 2726 496 2760 nobis
539 2736 578 2759 se
622 2725 884 2759 commendare

940 1208 1082 1252 studet,
1106 1209 1264 1244 molesta
1287 1209 1399 1244 nobis
1424 1209 1595 1252 accidit‚“
1622 1210 1671 1245 ob

940 1266 1108 1299 causam,
1149 1268 1264 1301 quam
1306 1258 1430 1291 statim
1471 1256 1589 1291 affert.
1625 1275 1671 1282 —

937 1305 1058 1347 stulte,
1086 1313 1191 1345 quem
1216 1305 1355 1347 ditavit,
1380 1304 1501 1347 πνοαί]
1528 1303 1670 1348 „Homo
1707 1342 1711 1345 ,

939 1351 1096 1386 sedulus
1113 1351 1291 1386 videlicet
1315 1329 1355 1385 id’
1371 1352 1460 1398 agit,
1485 1329 1546 1385 ut„
1551 1351 1672 1386 amico
1708 1383 1714 1390 ,

939 1409 1007 1433 suo
1043 1398 1272 1447 cflommodet3
1307 1399 1374 1433 sed
1405 1398 1448 1433 fit
1479 1401 1524 1432 ut
1554 1399 1671 1433 nimio

939 1435 1070 1480 studio
1092 1446 1175 1489 (cfr.
1193 1446 1287 1501 ΕΡΡ.
1313 1449 1344 1489 1,
1372 1448 1428 1488 13,
1453 1446 1504 1488 4.)
1529 1446 1673 1480 incom-

938 1494 1064 1528 modet
1074 1494 1202 1538 potius
1215 1495 1263 1537 ei,
1277 1504 1388 1539 quem
1401 1472 1537 1539 diligit.
1551 1493 1672 1528 Stulte

939 1552 1028 1587 ergo
1061 1541 1172 1582 facit,
1210 1542 1244 1575 si
1280 1541 1431 1586 quidem
1465 1540 1505 1574 id
1536 1541 1672 1585 ipsum,

939 1589 1041 1633 quod
1050 1590 1138 1631 volt,
1151 1599 1228 1622 non
1238 1587 1486 1633 assequitur.“
1501 1588 1672 1622 HERBST.

939 1655 983 1660 --
1009 1637 1126 1670 Discit
1152 1637 1266 1680 em'm]
1294 1635 1490 1680 „aliquis‚“
1517 1646 1607 1678 non,
1631 1637 1675 1669 ut

938 1683 1003 1718 alii
1029 1684 1179 1717 volunt:
1215 1684 1290 1727 „is,
1325 1683 1386 1718 cui
1416 1682 1584 1717 carmina
1609 1681 1673 1715 ob-

938 1730 1179 1764 truduntur.“
1201 1730 1419 1776 „Significat
1435 1730 1576 1763 maiore
1594 1731 1672 1762 stu-

938 1778 1000 1811 dio
1035 1777 1220 1811 ridiculos
1256 1787 1390 1811 versus
1429 1776 1672 1820 (panegyrici

937 1824 1099 1858 alicuius
1141 1825 1188 1858 ab
1234 1823 1453 1858 hominibus
1501 1822 1670 1866 festivis)

938 1871 1055 1905 edisci
1081 1881 1125 1905 ac
1141 1871 1322 1905 memoria
1338 1870 1459 1905 teneri
1477 1880 1591 1915 quam
1607 1870 1672 1903 ad-

935 1918 1149 1962 mirabiles3
1184 1929 1273 1964 ergo
1303 1918 1345 1951 in
1378 1920 1569 1952 aeternam
1593 1927 1671 1951 me-

935 1967 1092 2000 moriam
1129 1965 1302 2000 foedatus
1336 1967 1412 2007 est,
1449 1974 1563 2009 quem
1595 1965 1671 1999 tale

937 2023 1089 2048 carmen
1114 2012 1330 2058 polluerit.“
1377 2011 1474 2046 ΑΘΒ.
1520 2011 1672 2045 Etenim

934 2061 1030 2095 tales
1039 2061 1114 2095 loci
1128 2060 1281 2094 ridiculi
1296 2061 1434 2095 satirae
1447 2059 1568 2093 instar
1582 2060 1674 2093 sunt

933 2108 975 2141 in
1001 2119 1087 2142 eum
1111 2108 1360 2152 conscriptae,
1386 2117 1498 2151 quem
1515 2106 1671 2140 laudare

934 2155 1084 2190 volebat
1107 2157 1231 2200 poeta.

982 2205 1182 2237 264—267.
1217 2202 1283 2236 Nil
1313 2210 1438 2235 moror
1471 2200 1556 2244 cet.]
1591 2200 1671 2243 „Ad

934 2261 993 2284 me
1020 2253 1121 2284 certe
1148 2249 1248 2294 quod
1273 2249 1428 2291 attinet,
1456 2248 1612 2290 Caesar,
1637 2248 1670 2282 si

933 2298 1006 2332 isto
1041 2308 1161 2332 essem
1187 2298 1292 2340 loco,
1325 2298 1368 2330 ut
1393 2295 1479 2340 quis
1503 2305 1563 2329 me
1588 2295 1670 2329 lau-

934 2345 1025 2379 dare
1050 2345 1184 2387 vellet,
1217 2344 1283 2379 sed
1308 2343 1445 2378 inseite
1470 2342 1510 2376 id
1534 2353 1671 2387 propo-

934 2392 1048 2426 situm
1067 2393 1347 2436 exsequeretur,
1365 2389 1478 2424 nihili
1495 2389 1671 2432 facerem,

933 2440 1047 2474 immo
1084 2449 1304 2484 respuerem
1343 2437 1528 2480 officium,
1569 2436 1670 2481 quod

933 2487 1026 2520 mihi
1064 2487 1171 2521 oneri
1211 2486 1339 2529 potius
1381 2495 1492 2529 quam
1532 2483 1668 2517 honori

935 2537 1044 2569 esset.
1051 2534 1067 2552 ‘²
1089 2553 1132 2557 -
1149 2534 1231 2575 ficto
1250 2535 1297 2566 In
1311 2532 1429 2574 peius]
1454 2531 1555 2564 Plin.
1573 2530 1668 2574 Epp.

934 2583 968 2624 5,
987 2584 1050 2615 10:
1066 2582 1223 2623 pictores
1232 2581 1427 2622 pulchram
1444 2578 1667 2611 absolutam-

934 2638 1002 2670 que
1038 2629 1197 2670 sormam
1227 2636 1318 2660 raro
1351 2627 1424 2659 nisi
1458 2626 1499 2658 in
1534 2625 1669 2666 peius

935 2677 1120 2718 effinqunt.
1137 2674 1285 2709 Aelian.
1305 2673 1349 2707 V.
1362 2672 1408 2706 H.
1423 2675 1457 2715 4,
1470 2673 1513 2705 4.
1529 2668 1668 2705 Ἀκούω

934 2698 1670 2768 κεῖσθαινόμονΘήβησιπροστάττοντα
