1774 2930
175 154 257 196 194
675 154 883 189 HORATII
908 154 1192 190 SATmARUM

289 255 488 298 Piscibus
519 259 648 312 atque
680 256 831 298 avibus
863 270 973 312 quae
1002 261 1155 299 natura
1177 263 1219 300 et
1240 258 1350 301 foret
1371 262 1508 313 aetas,
1630 261 1686 302 45

290 326 405 370 Ante
435 341 576 370 meum
607 327 714 369 nulli
744 327 883 383 patuit
914 328 1108 383 quaesita
1137 330 1341 385 palatum.

291 398 418 452 Sunt,
451 412 630 454 quorum
660 398 881 454 ingenium
911 413 1022 441 nova
1050 403 1218 442 tantum
1239 401 1428 443 crustula
1456 402 1626 457 promit.

288 468 571 526 Nequaquam
602 469 706 511 satis
737 470 782 510 in
811 483 859 512 re
889 484 976 512 una
1007 484 1254 514 consumere
1286 486 1450 526 curam,

289 540 348 583 Ut
379 541 416 582 si
447 541 542 596 quis
575 541 712 583 solum
743 540 842 604 hoc,
873 541 986 584 mala
1015 556 1069 584 ne
1101 539 1187 584 sint
1215 543 1334 596 vina,
1364 543 1549 596 laboret,

291 611 418 660 Quali
449 611 676 667 perfundat
707 612 848 668 pisces
883 627 1057 655 securus
1089 614 1215 656 olivo.

289 683 476 726 Massica
507 683 544 724 si
575 683 693 726 caelo
727 698 941 740 suppones
971 684 1072 727 vina
1102 699 1273 739 sereno,
1336 720 1337 724 ,

289 753 526 808 Nocturna,
561 755 598 796 si
628 754 731 811 quid
763 755 895 797 crassi
927 759 1011 810 est,
1043 756 1288 798 tenuabitur
1318 771 1439 810 aura,

289 825 348 867 Et
379 825 556 868 decedet
586 825 690 868 odor
719 827 862 868 nervis
893 826 1114 882 inimicus3
1148 830 1192 870 at
1220 828 1295 870 illa

288 896 510 953 Integrum
540 897 725 953 perdunt
754 898 842 939 lino
873 898 1024 940 vitiata
1054 912 1262 954 saporem.

291 967 545 1011 Surrentina
574 968 694 1011 vafer
725 969 797 1024 qui
829 969 980 1011 miscet
1010 969 1130 1013 faece
1159 969 1345 1013 Falerna

1632 615 1687 656 50

1632 970 1687 1012 55

220 1130 263 1134 -
291 1111 346 1144 48.
384 1112 458 1145 Nec
492 1119 709 1152 quemquam
742 1121 787 1144 ex
820 1110 951 1155 paucis
984 1111 1233 1156 pessimisque
1261 1111 1375 1146 Codd.
1407 1112 1495 1146 Fea.
1520 1131 1566 1136 -
1591 1114 1641 1146 est

217 1158 395 1192 inserunt
419 1160 506 1203 post
529 1169 562 1192 v.
587 1167 665 1191 una
689 1158 763 1192 duo
791 1157 1012 1203 Cruquiani,
1037 1162 1123 1202 post
1147 1170 1180 1192 v.
1207 1168 1334 1192 curam
1357 1159 1520 1204 Regius3
1557 1162 1642 1204 post

217 1216 251 1239 v.
277 1207 521 1247 Nequaquam
546 1205 791 1240 inserendum
817 1208 867 1239 est
893 1206 951 1239 vel
983 1205 1184 1251 legendum
1210 1208 1452 1247 Nequaquam
1475 1207 1565 1240 salis
1592 1209 1641 1240 est

218 1254 257 1286 in
281 1261 360 1286 rem
383 1261 497 1286 unam
520 1254 702 1286 insumere
728 1261 856 1286 curam
881 1251 1014 1287 suadet
1037 1253 1254 1297 Bentleius3
1278 1255 1368 1287 satis
1394 1255 1445 1288 est
1470 1262 1512 1303 re
1529 1252 1638 1288 Voss.

218 1318 267 1325 —-
291 1301 348 1334 51.
372 1309 557 1342 supponas
580 1300 792 1342 bS,LOtFJ.

218 1414 357 1448 45-48.
394 1421 490 1453 quae
523 1415 662 1446 natura
687 1412 772 1455 cet]
809 1423 905 1456 „quo

171 1460 281 1494 modo
299 1460 533 1494 stomachum
551 1460 729 1502 afficiant,
747 1460 813 1504 qui
832 1460 906 1493 cibi

170 1508 295 1550 facile,
313 1507 379 1552 qui
390 1507 595 1541 difficulter
607 1510 906 1551 concoquantur,

173 1555 240 1600 qui
266 1565 343 1589 non
369 1555 481 1589 facile
508 1558 815 1599 corrumpantur,
843 1556 907 1599 qui

171 1603 232 1636 vel
259 1602 371 1636 simul
393 1605 430 1636 et
454 1602 557 1636 alant
574 1605 611 1636 et
627 1605 798 1636 ventrem
815 1603 908 1636 mol-

172 1650 268 1684 liant
291 1650 352 1683 vel
385 1650 522 1683 leniter
549 1649 711 1683 eundem
744 1649 908 1683 adstrin-

172 1697 298 1743 gant“,
323 1699 366 1730 ut
385 1696 570 1731 Celsianis
593 1693 786 1742 φράσεὶγιν
811 1700 906 1730 utar.

171 1744 248 1778 Alii
275 1745 465 1788 explicant
490 1744 535 1778 de
569 1744 806 1789 singulorum
833 1744 906 1777 ori-

172 1792 285 1838 gine3
311 1792 437 1825 minus
463 1794 564 1826 recte
590 1795 693 1835 puto.
720 1810 763 1814 —
791 1791 907 1834 aetas]

175 1851 266 1884 „pro
301 1850 376 1884 qua
411 1849 495 1872 caro
534 1838 701 1872 tenerior
735 1838 795 1872 vel
832 1838 907 1872 iam

171 1887 304 1921 durior
336 1886 437 1920 facta
462 1885 653 1919 diversum
686 1885 726 1919 in
756 1885 907 1919 modum

172 1933 393 1979 praeparari
407 1933 552 1975 debeat,
570 1936 612 1967 ut
628 1935 729 1966 recte
747 1933 787 1966 in
804 1944 908 1966 men-

173 1981 226 2016 sis
252 1982 523 2026 apponantur.“
541 1999 584 2004 -—
600 1980 779 2023 crustula]
800 1980 908 2022 „dul-

174 2029 327 2070 ciaria“,
346 2039 507 2073 quorum
525 2027 693 2062 inventio
712 2028 824 2073 longe
841 2027 909 2061 mi-

175 2087 248 2110 nus
273 2076 419 2121 ingenii
436 2075 609 2120 requirit.
626 2095 668 2099 —
683 2075 787 2118 satis]
811 2074 908 2109 Sane

173 2124 215 2158 in
240 2123 369 2157 multis
394 2123 472 2157 illis
491 2123 672 2167 exemplis
689 2122 907 2157 Horatianis

174 2183 197 2206 a
213 2171 385 2205 Bentleio
404 2171 528 2204 allatis
547 2181 694 2215 semper
718 2170 908 2215 reperitur

173 2220 262 2252 satis
290 2221 352 2261 est,
379 2229 574 2263 nunquam
598 2219 687 2251 satis
706 2217 908 2251 dumtaxat.

173 2266 349 2299 Attamen
368 2276 496 2299 omnes
523 2266 762 2299 coniecturae
787 2265 910 2299 adhuc

174 2313 388 2357 propositae
422 2323 578 2357 prorsus
611 2315 700 2346 sunt
732 2323 910 2357 superva-

175 2370 324 2394 caueae.

223 2409 343 2441 51-57.
361 2407 535 2450 Massica]
553 2418 598 2440 ex
609 2406 822 2451 Campania,
836 2409 910 2440 ter-

175 2454 220 2488 tii
239 2454 384 2488 ordinis
403 2454 531 2487 vinum
550 2456 644 2488 teste
662 2454 787 2489 Plinio
805 2454 851 2487 H.
864 2453 908 2487 N.

178 2504 234 2543 14,
261 2503 293 2534 8.
329 2501 404 2534 Cfr.
432 2501 499 2534 Od.
528 2503 559 2543 1,
588 2505 618 2543 1,
646 2504 700 2535 19.
720 2521 763 2525 —-
782 2501 908 2544 crassi]

178 2548 313 2593 „spissi
340 2551 376 2582 et
400 2548 540 2591 acerbi,
569 2551 682 2593 atque
709 2552 910 2593 propterea

177 2595 323 2630 bibenti
339 2596 463 2629 minus
477 2596 608 2640 grati.“
625 2615 668 2619 —
683 2596 909 2638 tenuabitur]

176 2644 274 2676 Plin.
292 2643 338 2677 Η.
356 2642 400 2677 N.
426 2644 481 2684 14,
508 2644 570 2676 27:
598 2644 821 2685 Campaniae
845 2652 910 2676 no-

178 2692 349 2724 bilissima
377 2690 494 2733 (vina)
521 2692 686 2731 exposita
703 2692 768 2723 sub
786 2692 846 2724 dio
870 2692 910 2723 in

177 2739 275 2771 cadis
301 2738 490 2771 verberari
514 2738 605 2779 sole,
643 2739 750 2780 luna,
782 2739 908 2780 imbre,

955 1414 1070 1446 ventis
1120 1414 1349 1454 aptissimum
1395 1414 1550 1447 videtur.
1612 1412 1688 1447 Gfr.

955 1460 1090 1494 Athen.
1120 1462 1158 1502 1,
1193 1462 1249 1494 59.
1276 1478 1320 1484 —-
1346 1461 1438 1494 odor
1468 1462 1587 1495 nervis
1619 1461 1689 1493 ini-

955 1507 1088 1550 micus]
1132 1508 1218 1550 „vis
1259 1507 1328 1542 illa
1366 1507 1446 1541 vini
1487 1508 1689 1542 aromatica

956 1554 1224 1597 (bouquet),
1258 1565 1355 1600 quae
1385 1555 1498 1589 nimis
1524 1555 1599 1589 cito
1623 1565 1689 1600 po-

955 1603 1076 1636 torem
1101 1602 1248 1636 ebrium
1274 1602 1430 1637 reddit.“
1465 1602 1547 1637 Hoc
1571 1602 1689 1648 igitur

956 1649 1066 1683 modo
1107 1648 1266 1683 Massica
1311 1649 1550 1684 extenuanda
1590 1653 1689 1692 sunt,

956 1696 1196 1741 neutiquam,
1230 1700 1290 1739 ut,
1325 1706 1410 1730 cum
1435 1707 1481 1731 ex
1504 1697 1616 1731 doliis
1648 1697 1689 1731 in

956 1744 1068 1778 cados
1094 1743 1379 1787 diffunduntur,
1404 1744 1464 1778 vel
1490 1744 1602 1778 etiam
1627 1744 1690 1778 de-

955 1802 1058 1824 mum
1092 1794 1178 1825 ante
1215 1792 1337 1836 ipsam
1374 1792 1688 1836 compotationem

955 1849 1022 1882 per
1040 1849 1188 1872 saccum
1207 1839 1351 1873 lineum
1369 1839 1553 1873 colentur.
1578 1839 1689 1884 Apud

955 1886 1158 1930 plerosque
1195 1889 1318 1920 tamen
1357 1886 1569 1920 invaluerat
1601 1897 1689 1921 con-

955 1933 1074 1967 traria
1099 1933 1226 1977 opinio
1251 1933 1298 1967 de
1329 1943 1435 1967 sacco
1462 1933 1689 1968 adhibendo.

956 1979 1104 2014 Plinius
1121 1980 1168 2014 H.
1181 1979 1225 2014 N.
1246 1982 1299 2022 14,
1319 1982 1382 2014 22:
1412 1982 1452 2014 Ut
1474 1982 1560 2022 plus
1586 1981 1689 2024 (vini)

957 2029 1165 2070 capiamus,
1202 2036 1307 2061 sacco
1343 2029 1550 2070 sranqimus
1581 2029 1689 2063 vires.

959 2078 1013 2117 19,
1031 2077 1091 2109 19:
1117 2077 1322 2108 Ferendum
1342 2076 1692 2109 sane--inveterari

957 2123 1046 2155 vina
1070 2124 1254 2163 saccisque
1280 2124 1450 2156 castrari.
1467 2141 1516 2147 —
1534 2125 1689 2157 Surren-

958 2169 1059 2212 tina]
1085 2181 1107 2204 a
1133 2169 1335 2212 Surrento,
1372 2170 1510 2215 oppido
1537 2169 1691 2214 Campa-

958 2218 1043 2251 niae
1069 2217 1109 2250 in
1136 2217 1224 2251 sinu
1250 2217 1604 2260 Puteolano;·haec
1638 2217 1690 2251 le-

958 2265 1061 2299 viora
1079 2267 1185 2299 erant
1210 2275 1281 2299 nec
1301 2264 1412 2299 facile
1438 2266 1524 2298 ante
1549 2275 1690 2299 annum

957 2311 1039 2345 XV.
1065 2312 1333 2356 probabantur.
1370 2312 1468 2345 Plin.
1494 2312 1540 2345 H.
1564 2311 1607 2345 N.
1635 2314 1690 2354 14,

959 2361 1000 2392 8:
1033 2360 1090 2392 Aa
1121 2361 1266 2393 tertiam
1295 2360 1462 2400 palmam
1494 2367 1626 2392 venere
1643 2377 1658 2383 -
1675 2378 1690 2385 -

956 2408 1173 2440 Surrentina
1188 2407 1228 2439 in
1250 2407 1365 2439 vineis
1380 2409 1524 2439 tantum
1540 2414 1691 2439 nascen-

958 2455 1030 2496 tia,
1065 2455 1392 2487 convalescentibus
1416 2454 1577 2488 ‘maxime
1604 2461 1691 2495 pro-

959 2503 1045 2535 bata
1067 2503 1218 2542 propter
1251 2502 1464 2534 tenuitatem
1491 2501 1690 2534 salubrita-

959 2551 1112 2589 temque.
1139 2567 1182 2571 —
1208 2549 1310 2589 faece
1334 2548 1510 2591 Falerna]
1540 2550 1582 2581 ut
1607 2547 1690 2581 eius

959 2605 1130 2640 saporem
1179 2595 1365 2629 combibat
1411 2595 1690 2629 Surrentinum.

959 2643 1103 2677 Colum.
1132 2644 1192 2685 12,
1219 2644 1283 2676 30:
1307 2644 1346 2676 Si
1371 2651 1446 2683 qua
1469 2644 1559 2675 vina
1585 2643 1690 2674 erunt

958 2692 1111 2724 duriora
1135 2692 1200 2723 aut
1234 2691 1354 2723 minus
1385 2691 1492 2731 bona,
1506 2690 1689 2722 --sumito

958 2739 1096 2778 faecem
1119 2738 1198 2770 vini
1222 2738 1305 2770 boni
1329 2739 1362 2770 et
1384 2745 1499 2778 panes
1524 2737 1638 2778 facito
1655 2738 1691 2769 et
