1786 2912
688 171 781 206 LIB.
804 170 835 206 1.
884 169 986 204 SA'r.
1010 169 1075 204 VI.

248 274 307 316 Ut
337 288 406 316 me
437 272 672 316 collaudem
705 296 759 302 —
792 272 830 313 si
861 275 904 314 et
934 271 1032 313 vivo
1063 284 1185 313 carus
1217 270 1384 312 amicis:

1583 170 1636 211 81

1585 271 1639 312 70

249 345 391 398 Causa
419 343 651 400 fuit'pater
679 343 768 396 his,
801 343 873 398 qui
903 355 1046 384 macro
1076 355 1239 398 pauper
1269 341 1409 397 agello
1479 385 1482 388 ,

245 416 395 459 Noluit
422 415 469 457 in
497 414 619 457 Flavi
647 414 795 456 ludum
824 427 894 455 me
924 413 1112 466 mittere,
1143 412 1288 468 magni

248 486 344 535 Quo
373 485 496 542 pueri
526 485 693 541 magnis
724 498 748 527 e
779 483 1096 526 centurionibus
1129 483 1231 536 orti,

246 550 621 612 Laevo'suspensi
649 555 810 597 loculos
841 554 1115 609 tabulamque
1143 554 1322 607 lacerto,

246 627 371 670 Ibant
401 627 564 669 octonis
594 626 829 668 referentes
858 624 1005 667 Idibus
1037 638 1161 666 aera:

1582 625 1636 665 75

248 697 336 741 Sed
362 710 543 754 puerum
573 700 639 739 est
668 710 796 738 ausus
825 694 1007 738 Romam
1037 699 1208 751 portare
1239 694 1476 737 docendum

247 769 395 822 Artes,
428 782 532 824 quas
564 767 714 810 doceat
744 767 882 822 quivis
914 780 1047 822 eques
1079 770 1206 822 atque
1238 770 1410 808 senator

249 838 395 894 Semet
422 842 665 895 prognatos,
711 837 890 879 Vestem
920 851 1152 893 servosque
1184 841 1433 893 sequentes,

247 909 297 952 In
326 923 480 966 magno
509 913 559 950 ut
587 908 765 964 populo,
798 908 836 950 si
865 908 938 964 qui
968 907 1166 961 vidisset,
1199 909 1314 950 avita

245 979 316 1022 Ex
344 993 393 1023 re
421 980 616 1036 praeberi
648 983 842 1035 sumptus
873 978 979 1021 mihi
1010 978 1202 1021 crederet
1231 979 1343 1021 illos.

130 1085 361 1130 perditorum
398 1085 654 1129 receptacula,
695 1085 761 1129 qui
803 1084 858 1119 ibi

130 1143 206 1166 non
240 1132 362 1168 solum
385 1131 535 1166 libidini
568 1132 858 1174 satisfaciebant,

132 1179 198 1214 sed
239 1179 350 1213 etiam
389 1158 886 1233 1ιοῙυαΙ1831111.Ρ1-ορῐθτί

130 1226 227 1261 hanc
251 1224 452 1270 ἀσέλγειαν
476 1226 712 1270 potissimum
738 1226 858 1260 utitur

131 1273 293 1319 ἐπιθέτῳ
315 1274 427 1307 mala.
454 1292 499 1296 -—
523 1273 591 1315 his]
618 1274 772 1315 „harum
798 1284 858 1307 re—

131 1331 228 1363 rum,
250 1321 382 1354 harum
405 1320 618 1353 virtutum.“
645 1321 795 1353 Acnox.
815 1339 857 1344 —

130 1367 252 1410 Flam]
303 1367 502 1409 „videlicet
547 1368 648 1400 hunc
689 1367 859 1400 Flavium

132 1413 392 1448 cathedrarum
410 1413 601 1447 doctorem
627 1414 680 1456 (id
707 1418 763 1447 est
780 1414 859 1447 ludi

219 1461 227 1467 ·
443 1461 451 1467 “
532 1462 548 1478 ὕ

132 1460 859 1552 ἲέῖΐᾛῖὲέοξῖᾚὲωἷᾏίᾟῇἓξὲ

133 1553 278 1588 litteras
302 1564 416 1598 quam
432 1554 704 1598 arithmeticen,
730 1558 858 1599 utpote

132 1599 180 1635 ad
211 1601 322 1635 vitam
355 1600 502 1634 civilem
533 1604 684 1645 praeter
714 1606 858 1636 ceteras

131 1650 231 1682 artes
256 1649 524 1690 necessariam,
557 1648 684 1682 doceri
711 1649 859 1683 solitam

131 1705 225 1728 esse.
275 1695 350 1729 Cfr.
382 1695 427 1728 A.
459 1695 500 1728 P.
534 1697 614 1729 325.
641 1715 682 1718 —
716 1698 859 1737 maana·-

126 1742 256 1784 jmeri]
290 1752 408 1786 „quos
434 1742 705 1786 quodammodo
738 1744 859 1787 suspi-

131 1788 283 1823 ciebant
305 1789 514 1833 municipes
539 1789 636 1831 ideo,
663 1790 764 1834 quod
788 1791 859 1824 orti

131 1839 239 1870 erant
263 1846 284 1870 e
306 1836 606 1879 centurionibus,
631 1837 735 1878 viris,
760 1838 858 1870 utin

131 1882 311 1927 oppidulo
335 1883 414 1925 illo,
440 1883 553 1917 claris
571 1886 683 1928 atque
701 1884 860 1918 illustri-

131 1929 215 1964 bus.
220 1930 236 1948 ‘⁶
272 1949 318 1954 --
351 1930 537 1973 suspensi]
577 1930 859 1977 „5§vprvp&voc,

132 1977 198 2021 qui
232 1976 305 2011 sibi
338 1977 618 2021 suspendebant
641 1978 747 2012 laevo
772 1979 859 2012 bra-

132 2023 215 2058 chio
255 2025 410 2067 loculos,
449 2034 579 2078 capsas
617 2025 860 2068 calculorum,

133 2070 271 2114 quibus
304 2071 508 2105 utebantur
541 2073 581 2106 in
615 2072 860 2107 conficiendis

131 2117 340 2152 rationibus
364 2129 388 2152 a
411 2118 491 2151 ludi
522 2118 699 2163 magistro
724 2130 860 2163 propo-

133 2163 251 2197 sitis.“
284 2163 396 2198 Hunc
421 2175 572 2198 versum
596 2165 728 2199 festive
753 2177 861 2210 repe-

131 2210 178 2244 tit
193 2210 286 2255 Epp.
312 2214 344 2253 1,
363 2214 396 2253 1,
421 2213 477 2244 56.
494 2231 538 2235 —-
557 2212 736 2255 tabulam]
764 2213 860 2254 „cal-

133 2257 374 2300 onlnem-iam,
398 2258 439 2291 in
466 2269 539 2302 qua
564 2262 602 2292 et
627 2259 860 2294 characteres

132 2305 385 2339 arithmeticos
419 2305 599 2340 notabant
632 2309 668 2340 et
695 2307 860 2341 calculos

133 2351 307 2386 ordinare
335 2352 562 2386 discebant!⁴
592 2352 719 2386 Comi.
740 2353 860 2392 CRUQ.

133 2398 404 2442 (Rechenbrel.)
440 2398 566 2444 Atque
591 2400 683 2434 haee
710 2401 861 2444 quidem

133 2445 297 2489 volgaris
346 2448 404 2480 est
451 2447 663 2490 explicatio.
720 2447 860 2481 Verum

133 2491 245 2536 longe
262 2492 454 2526 meliorem
471 2503 606 2527 censeo
632 2505 724 2536 eam,
751 2505 862 2539 quam

132 2539 172 2572 in
209 2539 340 2584 Progr.
373 2539 561 2585 Marburg.
602 2543 704 2574 1838.
737 2552 773 2585 p.
805 2543 861 2575 34.

133 2585 237 2619 dedit
277 2585 317 2619 C.
358 2586 398 2620 F.
439 2587 678 2621 Hermannus
720 2588 861 2631 dicens,

133 2635 234 2666 recte
251 2633 415 2667 tabulam
430 2634 535 2668 illam
552 2645 574 2668 a
592 2633 798 2669 Scholiasta
814 2636 861 2669 ad

135 2679 326 2713 scribendi
359 2680 638 2715 meditationem
662 2682 799 2716 referri
826 2686 863 2716 et

137 2726 271 2759 loculos
287 2726 499 2771 significare
511 2729 637 2771 potius
656 2729 862 2771 „librorum

241 2796 343 2821 Horat.
359 2796 424 2822 Vol.
442 2796 482 2822 ΙΙ.
501 2797 552 2822 Ed.
571 2800 667 2823 minor
684 2799 718 2824 V.

1581 979 1638 1020 80

909 1085 1198 1129 chartarumque
1216 1086 1254 1119 et
1273 1085 1350 1119 stili
1376 1084 1637 1129 repositoria.“

908 1131 995 1165 vid.
1020 1131 1243 1166 Excursum.

956 1180 1012 1213 75.
1037 1181 1146 1213 Ibam
1170 1181 1306 1213 octonis
1332 1178 1416 1222 cet]
1444 1178 1638 1223 „Singulis

906 1226 1038 1261 Idibus
1075 1227 1252 1271 magistro
1290 1226 1498 1261 afferebant
1534 1236 1638 1259 men-

908 1276 1050 1307 struam
1074 1274 1304 1315 mercedem,
1330 1271 1374 1306 τὸ
1400 1272 1636 1319 δίδακτρον.“

907 1319 981 1354 Pro
998 1322 1151 1362 sinqulis
1162 1321 1263 1354 dixit
1280 1322 1426 1361 occonis,
1446 1321 1536 1364 quia
1547 1320 1638 1354 Idus

909 1378 1037 1401 omnes
1055 1368 1095 1400 111
1113 1370 1283 1400 octavum
1299 1370 1385 1411 post
1395 1367 1523 1401 Nonas
1540 1366 1639 1401 diem

907 1414 1099 1456 incidunt,
1134 1415 1230 1456 sive,
1264 1417 1307 1448 ut
1340 1415 1392 1448 ait
1422 1414 1639 1456 Lambinus,

907 1460 1042 1502 Iduum
1060 1461 1141 1495 dies
1155 1464 1244 1495 sunt
1257 1464 1352 1495 octo.
1367 1480 1411 1485 -
1424 1462 1636 1503 reserentes]

910 1508 1094 1553 „singulis
1112 1508 1307 1542 mensibus
1324 1519 1370 1542 ex
1382 1518 1486 1542 more
1504 1519 1638 1542 rursus

906 1555 1112 1598 ferentes;“
1132 1555 1207 1589 nisi
1224 1566 1313 1590 vero
1327 1555 1516 1600 explicare
1528 1566 1638 1599 prae·

908 1605 998 1636 stat:
1027 1613 1116 1647 „pro
1135 1613 1251 1646 opera
1266 1603 1306 1636 in
1330 1603 1563 1638 arithmetica
1579 1612 1639 1636 ce·

907 1650 1075 1694 terisque
1099 1650 1298 1684 elementis
1324 1649 1504 1684 docendis
1523 1650 1640 1684 collo·

908 1700 990 1730 cata
1007 1700 1048 1730 ut
1065 1697 1227 1731 debitam
1245 1697 1455 1731 mercedem
1471 1697 1639 1731 ferentes

906 1745 1116 1789 magistrost‘
1144 1763 1186 1767 —
1214 1745 1325 1787 aera]
1358 1755 1427 1789 pro
1453 1741 1639 1792 διδάκτοῳ

909 1795 965 1824 est
990 1793 1100 1825 etiam
1125 1791 1224 1835 apud
1249 1791 1380 1827 Iuven.
1407 1794 1440 1833 7,
1466 1794 1546 1825 217.

956 1840 998 1872 76
1002 1841 1074 1872 -80.
1106 1847 1264 1880 puerum
1298 1842 1348 1872 est
1381 1848 1493 1872 ausus
1516 1840 1562 1871 R.
1584 1838 1637 1881 p.]

910 1885 1003 1926 „etsi
1019 1886 1233 1930 pauperior,
1258 1896 1382 1930 neque
1405 1886 1564 1919 aliorum
1581 1897 1639 1920 re-

906 1933 1196 1976 prehensionem
1245 1933 1541 1975 reformidans;“
1599 1933 1638 1966 id

908 1979 1008 2023 quod
1040 1980 1138 2013 alius
1172 1980 1340 2014 eiusdem
1372 1981 1546 2014 fortunae
1578 1980 1639 2014 vix

909 2037 1074 2070 unquam
1100 2027 1262 2061 fecisset.
1314 2027 1430 2072 (Epp.
1457 2030 1490 2069 2,
1515 2030 1548 2068 2,
1573 2030 1638 2060 41:

908 2075 1045 2107 Romae
1069 2076 1207 2107 nutriri
1238 2076 1326 2107 mihi
1355 2076 1504 2115 conligit
1529 2077 1639 2115 alque

908 2122 1028 2153 doceri
1044 2121 1130 2163 cet.)
1149 2140 1192 2144 -
1210 2121 1329 2163 Artes]
1348 2122 1536 2162 liberales,
1554 2122 1640 2155 rhe-

908 2168 1076 2209 toricam,
1102 2167 1254 2211 poesin,
1279 2168 1566 2212 philosophiam.
1591 2187 1640 2192 ——

908 2214 1056 2257 doceat]
1097 2225 1185 2258 „per
1218 2216 1417 2259 magistros
1450 2215 1638 2249 docendas

910 2264 1048 2294 curet.“
1070 2281 1112 2285 —
1132 2264 1178 2294 In
1194 2270 1326 2303 maeno
1342 2265 1383 2295 ut
1396 2262 1548 2305 populo]
1574 2265 1639 2303 „ut

908 2307 948 2341 in
975 2319 1108 2352 magno
1133 2309 1293 2353 populo,
1319 2310 1359 2342 in
1384 2320 1519 2354 magna
1544 2310 1638 2343 urbe

908 2354 989 2388 fieri
1009 2356 1104 2389 solet
1121 2359 1158 2389 et
1181 2356 1321 2398 decet“,
1348 2356 1429 2390 scil.
1455 2360 1558 2390 veste
1576 2356 1640 2390 de-

910 2411 998 2435 cora
1037 2403 1092 2436 uti
1134 2405 1171 2436 et
1209 2403 1439 2447 pedisequis.
1499 2403 1639 2437 Eadem

910 2450 1191 2483 constructione
1209 2449 1317 2484 Ovid.
1343 2450 1454 2484 Trist.
1475 2453 1507 2493 1,
1526 2454 1556 2492 1,
1577 2453 1638 2484 17:

909 2497 948 2529 Si
973 2498 1063 2538 quis,
1089 2500 1129 2530 αι
1152 2498 1192 2529 in
1213 2499 1351 2538 populo
1378 2497 1483 2539 (fieri
1509 2498 1639 2539 solet),

911 2545 1026 2575 nostri
1058 2552 1132 2576 non
1162 2545 1348 2578 immemor
1381 2545 1469 2577 illic.
1520 2544 1638 2578 Tacit.

909 2589 1004 2624 Hist.
1032 2593 1062 2632 1,
1089 2593 1129 2624 8:
1170 2593 1216 2624 Ec
1240 2593 1296 2624 hic
1321 2593 1463 2631 quidem
1489 2593 1638 2633 Romae,

911 2639 1096 2677 tamquam
1119 2639 1161 2671 in
1184 2641 1289 2671 tama
1305 2639 1548 2679 multitudine,
1573 2639 1638 2671 ha-

911 2685 1004 2717 bitus
1037 2686 1244 2718 annnorum
1277 2686 1359 2726 suit.
1387 2703 1429 2707 —
1456 2686 1556 2718 avita
1579 2686 1639 2719 Ea:

911 2731 974 2773 re]
1007 2731 1045 2764 id
1079 2732 1180 2775 quod
1214 2732 1254 2764 in
1279 2731 1405 2765 liberti
1440 2730 1537 2772 filio,
1572 2732 1637 2775 qui

1409 2802 1425 2825 6
