1774 2930
184 140 273 182 450

662 140 869 175 HORATH
892 140 1242 178 EPISTOLARUM

307 241 616 298 anlatumque
646 256 802 285 novem
832 242 968 284 Musis
1001 257 1108 300 opus
1121 244 1156 285 !“
1189 243 1378 301 Adspice
1408 246 1613 302 primum,

308 312 478 360 Quanto
510 326 607 355 cum
638 312 772 367 fastu,
805 317 963 369 quanto
994 314 1214 358 molimine
1245 316 1432 358 circum-
1460 323 1463 325 “

306 383 559 441 Spectemus
590 397 769 426 vacuam
798 383 1006 427 Romanis
1036 386 1207 428 vatibus
1239 386 1412 441 aedem3

305 455 409 498 Mox
441 455 590 508 etiam,
623 455 660 496 si
692 455 802 498 forte
827 469 975 510 vacas,
1008 470 1188 512 sequere
1220 461 1263 500 et
1292 458 1441 514 procul
1472 458 1590 512 audi,

1653 460 1710 500 95

309 525 422 574 Quid
452 525 562 568 ferat
593 529 636 568 et
668 540 798 582 quare
831 526 914 569 sibi
943 530 1087 570 nectat
1116 531 1297 585 uterque
1329 542 1541 571 coronam.

307 596 537 639 andimur
567 601 610 639 et
640 597 820 640 totidem
850 597 989 654 plagis
1023 599 1313 641 consumimus
1345 599 1515 643 hostem

304 667 446 710 Lento
478 667 694 710 Samnites
725 668 780 711 ad
809 669 972 711 lumina
1002 669 1141 725 prima
1171 670 1326 713 duello.

284 781 341 814 92.
365 782 631 823 sacratumque
656 781 852 816 Bentleius
879 781 978 816 coni.

187 875 297 910 ridet.
322 893 369 900 ——
393 884 522 909 novem
546 876 681 919 Musis]
711 876 779 919 „ab
806 876 926 910 omni-

187 922 258 957 bus
276 921 395 956 Musis
421 922 583 968 ideoque
610 923 860 958 absolutum.“
882 943 925 947 —

141 997 146 1001 ,
187 969 309 1013 fastu]
341 969 558 1004 Ridiculum
592 970 689 1005 hanc
722 971 925 1016 imaginem

188 1017 378 1063 expingit:
430 1018 531 1063 „Ego
573 1017 717 1063 lyricus
756 1020 793 1052 et
830 1019 925 1053 alter

187 1065 382 1110 elegorum
416 1065 576 1109 scriptor
609 1065 726 1099 multo
761 1075 846 1099 cum
872 1066 926 1100 fa-

188 1114 249 1147 stu
268 1114 305 1146 et
322 1111 460 1146 eximia
477 1112 671 1158 gravitate,
698 1124 795 1157 quae
821 1114 925 1147 voltu

186 1161 373 1206 gestuque
399 1170 439 1194 se
465 1159 602 1205 prodit,
628 1160 839 1195 incedimus
855 1162 925 1205 per

186 1208 348 1251 plateam
386 1209 473 1242 ante
515 1207 697 1252 templum
734 1207 924 1252 Apollinis

186 1254 371 1297 Palatini,
405 1254 468 1288 cui
501 1255 682 1300 contigua
707 1258 764 1290 est
789 1254 925 1289 biblio-

187 1302 297 1336 theca
328 1302 484 1346 publica
521 1301 631 1347 (Epp.
658 1304 698 1345 2,
739 1304 776 1344 1,
815 1302 925 1346 216.)‚

186 1349 427 1384 asservandis
490 1349 640 1394 optimis
707 1350 925 1394 quibusque

186 1396 339 1441 scriptis
377 1396 526 1431 Latinis
564 1397 610 1431 ab
647 1396 820 1443 Augusto
862 1397 925 1431 de-

186 1443 336 1478 stinata.
382 1444 427 1477 In
452 1445 550 1478 hanc
575 1443 694 1489 igitur
719 1455 789 1479 nos
815 1445 923 1479 ambo

186 1491 345 1535 cupidos
383 1491 514 1526 oculos
553 1492 798 1534 conficimus,
842 1502 926 1537 spe-

186 1541 315 1572 rantes
342 1549 428 1573 mox
453 1539 552 1581 fore,
587 1541 630 1572 ut
664 1541 796 1574 nostra.
830 1550 926 1584 quo-

187 1597 260 1630 que
286 1586 453 1621 carmina
477 1586 518 1620 in
552 1597 633 1620 eam
658 1586 924 1631 recipiantur.“

187 1652 229 1657 —
258 1636 396 1674 quanto
421 1633 622 1677 molimine]
655 1635 742 1681 „mil
766 1635 927 1668 welchen

189 1682 426 1724 Umslcinden,
465 1682 530 1714 mil
563 1682 716 1715 welcher
754 1681 925 1723 Wichliq-

188 1728 259 1760 keil
309 1727 481 1771 Schmid‚
538 1730 605 1762 wie
662 1730 927 1762 umstandsvoll

185 1774 371 1809 Passow.“
422 1775 515 1809 Vox‘
547 1778 605 1810 est
644 1776 723 1809 fere
765 1776 925 1820 poetica,

186 1833 345 1856 numero
381 1823 477 1868 sing.
509 1832 600 1856 casu
632 1825 777 1856 tantum
812 1822 924 1856 ablat.

186 1869 310 1902 adhuc
336 1872 502 1912 reperta,
536 1871 617 1902 tum
641 1870 742 1913 plur.
767 1870 924 1902 molimi-

187 1925 248 1950 na.
289 1935 331 1939 —
371 1916 776 1958 circum-spectemus]
819 1915 925 1959 „Una

185 1974 274 2008 pars
309 1963 491 1997 orationis
525 1965 582 1997 est
616 1962 737 1998 divisa
762 1964 802 1996 in
829 1963 923 1998 duos

187 2021 319 2045 versus
351 2010 490 2044 Lucilii
524 2021 626 2044 more
660 2013 698 2044 et
730 2010 922 2055 antiquo.“

185 2057 390 2092 PORPHYR.
443 2057 568 2102 (Nulli
593 2058 667 2091 iam
717 2060 924 2102 supersunt

186 2105 300 2139 huius
340 2105 491 2150 generis
529 2116 662 2139 versus
696 2105 922 2147 Luciliani.)

160 2153 263 2187 ·Cfr.
307 2152 382 2187 Sat.
422 2155 461 2195 1,
499 2154 539 2195 2,
578 2154 633 2187 62.
667 2172 715 2177 —
749 2153 922 2196 vacuam]

189 2200 283 2243 „iam
321 2202 513 2245 patentem
546 2202 583 2234 et
616 2210 681 2234 eos
719 2199 828 2245 quasi
863 2211 924 2234 ex-

188 2247 453 2292 spectantem.“

237 2344 390 2377 95—98.
416 2343 448 2376 si
472 2343 567 2384 sorte
592 2341 718 2385 vacas]
747 2342 799 2385 „si
827 2341 924 2375 nihil

187 2389 290 2423 aliud
316 2390 452 2432 habes,
487 2389 588 2434 quod
619 2389 742 2434 agas.“
771 2408 813 2412 —
838 2397 925 2431 pro-

188 2437 266 2479 cul]
303 2447 371 2478 „ex
396 2437 556 2481 quadem
590 2436 787 2479 distantia,
822 2436 923 2470 unde

188 2483 368 2518 exaudire
404 2495 534 2518 eorum
569 2484 923 2518 sermocinationem

187 2531 344 2576 possis.“
397 2531 471 2564 Gfr.
498 2532 556 2565 ad.
584 2531 659 2565 Sat.
687 2532 726 2573 2,
765 2533 803 2573 6,
844 2533 922 2565 105.

189 2579 319 2623 sicque
345 2578 425 2612 Liv.
445 2580 477 2621 2,
504 2581 536 2621 6,
563 2581 602 2612 7:
630 2579 763 2620 Aruns,
790 2580 853 2612 ubi
878 2588 924 2612 ew

190 2627 374 2659 lictoribus
399 2627 529 2668 procul
554 2625 803 2669 (recentiores
830 2625 922 2659 scri-

188 2673 371 2717 psissent:
407 2674 508 2707 haud
539 2675 594 2706 ica
616 2673 761 2714 procul)
797 2682 923 2706 consu-

191 2722 258 2753 lem
296 2730 385 2763 esse,
425 2722 552 2754 deinde
586 2722 662 2754 iam
692 2721 846 2762 propius
879 2730 922 2754 ac

976 878 1110 910 certius
1147 878 1242 919 facie
1280 886 1422 919 quoque.
1457 880 1618 912 Brutum
1654 887 1712 912 co-

975 925 1099 965 quovit
1132 927 1202 958 cet.
1227 944 1274 949 -
1301 926 1398 967 Quid
1429 926 1549 969 serat]
1590 925 1712 968 „Quid

974 971 1161 1015 proferat3
1209 972 1350 1017 quibus
1390 973 1515 1007 verbis
1557 974 1595 1007 et
1637 984 1711 1018 quo

975 1018 1050 1052 fine
1108 1020 1204 1053 alter
1261 1019 1419 1054 alterius
1468 1020 1712 1065 praeconium

974 1065 1125 1100 faciat.“
1153 1085 1198 1090 —
1224 1068 1418 1100 caedimur
1441 1067 1528 1110 cet.]
1553 1067 1712 1102 Prover-

974 1112 1080 1147 bium
1106 1113 1206 1158 apud
1234 1112 1356 1148 Schol.
1374 1113 1532 1149 Aristid.
1549 1114 1711 1149 Fromm.

974 1171 1058 1206 pag.
1099 1163 1186 1195 196:
1227 1158 1297 1194 τὸν
1334 1157 1477 1204 ξύοντα
1510 1158 1712 1205 ἄντιξύειν.

976 1206 1101 1249 „Adeo
1135 1210 1321 1243 certamus
1347 1208 1388 1242 in
1414 1209 1556 1244 mutuis
1591 1209 1712 1244 laudi-

975 1255 1047 1289 bus
1072 1255 1331 1300 proferendis‚
1364 1258 1408 1289 ut
1440 1258 1560 1290 totum
1591 1259 1711 1291 certa-

974 1313 1060 1336 men
1098 1302 1222 1337 simile
1264 1303 1313 1336 sit
1353 1302 1606 1349 gladiatorum
1642 1314 1715 1348 pu-

975 1360 1070 1394 gnae
1112 1350 1153 1383 in
1196 1349 1322 1384 divitis
1373 1350 1534 1385 alicuius
1577 1351 1711 1396 epulis.

974 1396 1053 1442 Ego
1102 1399 1140 1431 et
1186 1408 1305 1431 novus
1352 1397 1418 1432 ille
1460 1397 1712 1433 Callimachus

977 1454 1107 1479 sumus
1132 1444 1237 1478 velut
1262 1443 1486 1479 Samnitium
1510 1456 1597 1490 par3
1630 1446 1711 1480 lau-

976 1491 1042 1526 des
1069 1491 1211 1526 similes
1247 1494 1337 1526 sunt
1362 1492 1506 1527 crebris
1531 1493 1608 1527 illis
1634 1494 1712 1537 pla-

975 1540 1044 1584 gis,
1071 1550 1165 1584 quas
1192 1541 1354 1584 uterque
1372 1539 1523 1584 accipit,
1550 1542 1711 1585 uterque

974 1586 1118 1629 reddit,
1152 1588 1266 1631 atque
1300 1587 1353 1621 ita
1385 1587 1568 1631 alterum,
1601 1588 1711 1632 quasi

975 1633 1232 1668 adversarium
1249 1633 1291 1667 in
1307 1645 1438 1680 pugna
1462 1634 1610 1670 ludicra
1626 1643 1710 1668 con-

973 1683 1099 1723 sumit,
1131 1681 1170 1715 id
1196 1683 1272 1723 est,
1306 1681 1523 1727 defatigat.“
1550 1700 1594 1706 -
1619 1682 1711 1715 Len-

975 1728 1220 1771 lo--duello]
1251 1727 1326 1762 cfr.
1351 1728 1446 1773 Epp.
1474 1731 1512 1771 1,
1538 1730 1579 1770 2,
1605 1730 1638 1762 7.
1665 1747 1707 1752 -—

972 1775 1165 1818 Samnites]
1199 1774 1329 1808 Livius
1355 1777 1395 1817 9,
1430 1777 1495 1808 40:
1534 1776 1712 1817 Campani

974 1823 1020 1855 ab
1069 1823 1243 1863 superbia
1285 1824 1319 1855 et
1360 1822 1442 1856 odio
1490 1823 1711 1856 Samnitium

973 1869 1209 1911 gladiatores,
1236 1870 1334 1910 quod
1347 1869 1599 1911 spectaculum
1615 1870 1711 1903 inter

974 1917 1103 1958 epulas
1122 1918 1212 1957 erat,
1238 1924 1279 1955 eo
1298 1918 1434 1950 ornatu
1452 1916 1544 1961 (quo
1564 1915 1709 1950 Samni-

973 1965 1030 1997 tes
1064 1963 1202 1997 devicti
1232 1974 1254 1996 a
1276 1962 1458 1997 Romanis
1492 1965 1600 1998 erant
1633 1964 1708 2006 usi)

973 2012 1170 2044 armarunt
1224 2011 1598 2052 Samnitiumque
1646 2019 1710 2044 no-

971 2059 1068 2091 mine
1102 2058 1381 2099 compellarunt.
1409 2076 1452 2081 —-
1483 2059 1532 2092 ad
1568 2057 1708 2091 lumina

969 2104 1109 2147 prima]
1130 2104 1287 2148 „Graeci
1306 2105 1391 2152 περὶ
1415 2100 1567 2146 λύχνων
1590 2100 1709 2146 ἁφάς.

975 2153 1186 2195 Vespa-ruina
1212 2153 1358 2186 lumina
1379 2151 1474 2186 dicit
1488 2151 1709 2186 Ammianus

971 2198 1084 2234 Mare.
1128 2201 1191 2243 16,
1230 2201 1270 2242 8,
1308 2201 1362 2242 9.,

972 2246 1114 2281 mensis
1155 2246 1288 2291 primis
1326 2246 1367 2280 in
1405 2247 1614 2281 triclinium
1650 2247 1709 2280 in-

970 2294 1065 2328 ferri
1098 2293 1289 2337 solebant3
1322 2295 1472 2338 tempus
1504 2293 1628 2338 ipsum
1656 2294 1709 2327 lu-

971 2342 1074 2375 mina
1089 2343 1223 2383 prima,
1246 2342 1408 2382 primam
1424 2342 1552 2383 facem,
1579 2350 1708 2375 recen-

972 2388 1087 2422 tiores
1107 2390 1337 2422 lucernarem
1353 2389 1491 2431 horam,
1519 2385 1563 2421 τὸ
1579 2387 1709 2428 λυχνι-

971 2432 1056 2478 κόν,
1074 2435 1176 2480 quod
1194 2437 1342 2480 tempus
1357 2435 1630 2480 quodammodo
1643 2434 1707 2468 de-

972 2483 1054 2517 finit
1065 2483 1233 2517 Galenus
1247 2482 1293 2517 de
1306 2482 1481 2517 Praenot.
1496 2482 1543 2517 ad
1551 2481 1658 2526 Epig.
1674 2491 1706 2514 c.

975 2532 1029 2564 11.
1055 2541 1090 2574 p.
1117 2532 1197 2564 638.
1225 2530 1265 2564 Τ.
1291 2529 1393 2564 XIV.
1419 2525 1522 2577 (ἷίρας
1545 2527 1707 2571 ἑννοίτης

971 2573 1057 2624 ἄρτι
1093 2574 1243 2618 λύχνων
1276 2574 1492 2620 ἦμμένων.“
1543 2574 1707 2609 LOBECK

971 2625 1018 2659 ad
1045 2624 1157 2669 Soph.
1182 2624 1241 2658 Ai.
1267 2624 1336 2658 Ed.
1369 2624 1433 2658 alt.
1459 2634 1496 2667 p.
1522 2625 1602 2657 206.
1630 2621 1705 2656 cfr.

972 2672 1047 2706 Sat.
1074 2674 1114 2714 2,
1149 2674 1188 2714 7,
1223 2673 1280 2705 33.
1329 2670 1396 2704 Est
1420 2680 1529 2715 ergo:
1563 2680 1706 2714 „usque

971 2719 1017 2754 ad
1035 2719 1174 2763 primas
1194 2719 1295 2752 faces
1322 2720 1539 2759 nocturnas,
1567 2717 1705 2762 quibus

1411 2209 1508 2244 quae
1549 2199 1709 2234 sublatis
