1786 2912
137 127 262 184 '90

734 141 942 176 HORATII
967 141 1252 176 SATIRARUM

325 242 550 296 Sisennae,
581 243 740 285 Barros
772 246 820 284 ut
852 243 973 298 equis
1006 247 1300 299 praecurreret
1332 243 1454 285 albis.

323 313 393 355 Ad
423 313 589 369 Regem
620 313 762 356 redeo.
809 313 1047 370 Postquam
1075 314 1184 355 nihil
1214 315 1328 357 inter
1357 317 1583 371 utrumque

324 385 558 427 Convenit:
593 409 647 414 ——-
680 385 762 426 hoc
782 379 952 426 ‘etenim
984 388 1084 426 sunt
1114 399 1261 428 omnes
1293 386 1386 428 iure
1416 386 1606 439 molesti,
1625 384 1637 415 T

1609 384 1721 427 -10

325 455 419 504 Quo
452 455 603 509 fortes,
637 455 791 511 quibus
825 455 1050 498 adversum
1080 455 1240 498 bellum
1271 456 1446 511 incidit3
1478 457 1590 499 inter

321 526 510 569 Hectora
540 524 788 569 Priamiden
819 527 1057 569 animosum
1089 531 1217 583 atque
1248 527 1360 570 inter
1390 527 1604 571 Achillem

322 598 392 639 Ira
421 597 502 639 fuit
534 598 742 654 capitalis,
774 602 822 639 ut
852 598 1003 640 ultima
1033 598 1243 642 divideret
1272 613 1406 653 mors,

322 668 420 711 Non
451 669 578 711 aliam
609 669 663 711 ob
697 683 889 722 causam,
923 670 1004 710 nisi
1040 669 1151 725 quod
1182 670 1318 711 virtus
1348 670 1393 711 in
1423 663 1604 726 utroque
1660 686 1666 707 t

325 739 500 782 Summa
531 739 634 793 fuit3
667 740 750 782 duo
784 741 820 782 si
853 740 1064 782 discordia
1095 744 1224 783 vexet
1255 741 1435 795 inertes,

1669 741 1722 782 15

323 810 413 852 Aut
445 811 480 852 si
514 811 758 867 disparibus
789 811 950 853 bellum
980 812 1160 865 incidat,
1192 816 1240 853 ut
1269 811 1472 854 Diomedi

183 895 194 921 ι,
232 896 294 923 1.
320 881 438 928 Eum
468 869 602 937 Lycio
635 882 816 936 Glauco,
850 882 1041 924 discedat
1071 882 1253 938 pigrior,
1285 883 1396 924 ultro

302 1005 402 1039 SAT.
437 1005 518 1039 VH.
554 1009 608 1039 15.
642 1010 751 1040 vemat
784 1006 964 1048 Aldinae,

253 1053 363 1095 leius,
389 1053 476 1087 item
502 1053 532 1086 F
558 1056 594 1087 et
619 1053 819 1088 Kirchner.

203 1154 298 1187 idem
333 1157 382 1188 est
416 1155 592 1197 siden-³3
626 1156 800 1195 quoniam
834 1163 940 1188 con-

204 1201 363 1241 sidens
419 1202 523 1235 mala
579 1203 837 1235 consuetudine
890 1203 940 1235 lo-

206 1249 341 1288 quendi
378 1250 417 1281 ίη
453 1250 543 1282 vilio
582 1250 752 1291 ponitur,
795 1251 942 1283 ductum

203 1297 356 1328 verbum
406 1305 430 1329 a
479 1297 784 1338 considendo,
845 1299 942 1337 quod

207 1343 326 1375 laudis
353 1346 414 1376 est.
442 1363 484 1366 —
512 1343 686 1386 lumidus]
711 1340 941 1390 ἀκράχολος,

207 1390 408 1424 iracundie.
426 1400 511 1424 cum
530 1391 709 1435 superbia
727 1391 941 1425 coniuncte.

204 1456 249 1460 —
257 1439 439 1480 sisennas,
450 1438 602 1481 Barros]
614 1441 722 1472 notos
733 1441 773 1472 tu
779 1449 826 1472 ne
837 1449 941 1472 scur-

205 1495 267 1518 ras
293 1485 511 1519 maledicos.
529 1504 574 1509 —
594 1487 828 1529 equis-albis]
856 1497 941 1519 cum

205 1531 245 1564 hi
265 1532 453 1565 celerrimi
468 1543 551 1566 esse
567 1533 833 1575 crederentur3
852 1533 940 1567 inde

205 1582 334 1612 natum
358 1580 430 1613 hoc
455 1580 710 1623 proverbium.
739 1580 800 1614 Sic
817 1580 939 1614 Plaut.

205 1626 310 1660 Asin.
336 1629 369 1668 2,
396 1629 429 1669 2,
457 1628 518 1660 12:
545 1629 639 1660 Nam
664 1629 696 1659 si
721 1637 758 1660 se
783 1629 866 1660 huic
884 1636 941 1660 oc-

205 1675 343 1707 casioni
369 1677 508 1716 tempus
526 1675 812 1715 subter-dumont,
839 1676 941 1708 Nun-

206 1729 318 1761 quam
344 1722 471 1763 edepol
504 1722 692 1763 quadrigis
728 1723 821 1754 albis
846 1723 939 1755 indi-

202 1770 315 1809 piscet
338 1772 476 1810 postea.
502 1768 581 1802 Iam
597 1769 705 1802 Hom.
731 1768 775 1802 Il.
795 1780 831 1809 π,
857 1771 939 1803 437.

205 1815 250 1849 de
268 1815 385 1850 Rhesi
403 1816 528 1860 equis:
555 1812 777 1863 λευκότεροι
794 1813 939 1858 χιόνος,

204 1863 324 1896 θείειν
349 1862 381 1895 δ’
415 1863 618 1906 ἀνέμοισιν
651 1860 803 1906 ὁμοῖοι,
838 1864 938 1897 unde

205 1910 311 1955 Virg.
345 1910 438 1944 Aen.
479 1913 540 1953 12,
578 1913 640 1944 84:
686 1912 756 1952 Qui
795 1911 939 1953 (Turni

206 1958 311 2002 equi)
338 1959 497 1991 candore
522 1959 620 1991 nives
638 1959 831 1999 anteirent,
858 1967 939 1991 cur-

203 2006 301 2039 sibus
344 2014 477 2048 aura-§²3
527 2005 762 2049 talibusque,
811 2008 940 2049 utpote

206 2052 271 2097 qui
299 2053 409 2087 etiam
434 2064 503 2097 pro
537 2053 802 2096 pulcherrimis
828 2053 941 2087 habe-

205 2102 348 2142 rentur,
365 2100 406 2134 in
420 2101 619 2145 triumphis
634 2100 850 2134 utebantur.
868 2101 939 2134 Dio

207 2147 308 2181 Cass.
335 2150 391 2190 43,
419 2150 476 2180 14.

253 2197 273 2229 9
288 2212 302 2218 -
319 2197 374 2229 19.
401 2197 601 2236 Postquam
617 2195 939 2238 nihil--convenil]

207 2242 431 2286 „Postquam
469 2243 571 2277 litem
607 2242 726 2276 amice
764 2242 939 2276 decidere

207 2292 244 2322 et
271 2290 468 2323 conciliari
487 2301 563 2324 non
582 2291 791 2334 poterant.“
814 2309 856 2313 -
875 2290 940 2322 hoc

206 2338 337 2370 etenim
363 2337 453 2380 eet.]
481 2336 641 2380 „Omnes
668 2337 839 2371 homines
863 2345 939 2370 mo—

207 2384 296 2426 lesti,
323 2384 510 2427 difficiles,
527 2384 753 2418 contentiosi
773 2386 838 2418 hoc
854 2386 940 2417 iure

204 2433 301 2473 sunl,
318 2431 415 2465 idem
435 2431 495 2465 ins
514 2432 586 2465 sibi
606 2434 786 2474 statuunt,
810 2431 939 2465 eodem

204 2478 315 2513 modo
348 2482 482 2524 agunt,
517 2490 592 2523 quo
626 2481 755 2521 sortes,
791 2479 940 2513 fortitu-

206 2525 295 2560 dine
329 2526 402 2560 sibi
435 2537 565 2569 pares,
598 2527 696 2559 inter
731 2537 826 2570 quos
859 2537 939 2560 cer-

205 2575 331 2607 tamen
357 2573 550 2617 singulare
577 2573 710 2607 oritur.
737 2573 846 2612 Quod
871 2573 941 2618 igi-

207 2623 269 2654 tur
296 2621 395 2655 inter
413 2621 508 2655 duos
526 2621 641 2654 fortes
660 2631 732 2654 usu
758 2621 873 2663 venit,
899 2624 941 2654 ut

207 2667 308 2702 ferro
334 2668 434 2702 inter
453 2678 492 2702 se
510 2668 727 2710 decernant,
753 2669 824 2702 hoo
842 2668 939 2702 idem

207 2715 423 2750 hominibus
456 2715 716 2759 pervicacibus
743 2716 938 2760 proprium

996 1010 1112 1040 verset
1149 1018 1168 1041 e
1202 1006 1375 1040 Lambini
1411 1006 1525 1041 Codd.
1562 1007 1675 1041 Bent-

991 1157 1066 1196 est,
1093 1157 1135 1187 ut
1161 1165 1311 1188 causam
1338 1165 1442 1189 suam
1470 1165 1612 1188 summa
1637 1165 1724 1189 con-

990 1202 1159 1235 tentione
1177 1202 1323 1246 agant.“
1350 1201 1663 1236 Mrrscnnnmcn.
1680 1221 1722 1226 —-

991 1250 1186 1282 adversum
1203 1249 1351 1292 bellum]
1379 1249 1627 1293 „acerrimum
1645 1260 1725 1283 cer-

991 1297 1148 1330 tamen.“
1179 1315 1220 1319 —
1247 1297 1522 1339 inler--interJ
1549 1296 1724 1341 Duplicis

990 1344 1102 1377 huius
1135 1354 1263 1387 praep.
1295 1345 1392 1378 inter
1425 1354 1538 1386 usus,
1573 1343 1615 1377 in
1649 1355 1723 1388 quo

990 1391 1113 1424 haesit
1137 1391 1347 1434 Bentleius,
1373 1391 1545 1435 exempla
1568 1391 1726 1435 praebet

990 1437 1101 1472 Hand
1127 1438 1236 1472 Turs.
1259 1437 1326 1472 111.
1351 1450 1388 1483 p.
1415 1440 1495 1472 409.
1529 1438 1605 1472 Ofr.
1631 1437 1723 1482 Epp.

994 1488 1023 1527 1,
1051 1487 1084 1529 2,
1114 1488 1167 1520 12.
1217 1485 1298 1519 Liv.
1326 1487 1390 1528 10,
1409 1487 1448 1531 ι’1,
1476 1488 1516 1519 1:
1549 1488 1725 1519 certatum

991 1534 1142 1566 --inler
1167 1534 1234 1575 Ap.
1262 1534 1457 1567 Claudium
1487 1534 1649 1567 maxime
1673 1534 1725 1574 se-

990 1583 1077 1612 runt
1117 1583 1149 1613 et
1183 1582 1278 1614 inter
1313 1582 1348 1613 P.
1382 1581 1536 1613 Decium
1567 1582 1724 1615 Murem.

991 1646 1034 1650 ——
1062 1627 1355 1670 Ira-capitalis]
1387 1630 1429 1661 ut
1453 1629 1600 1660 morbus
1625 1628 1724 1668 capi-

990 1675 1095 1715 talc's,
1122 1676 1255 1718 caput,
1288 1674 1402 1708 vitam
1427 1676 1580 1718 petens,
1605 1674 1659 1708 ita
1683 1678 1725 1708 ut

989 1721 1099 1754 aliter
1127 1732 1239 1765 quam
1272 1721 1431 1756 alterius
1456 1721 1581 1755 utrius
1605 1724 1724 1756 morte

989 1767 1091 1801 finiri
1119 1779 1195 1802 non
1221 1771 1360 1812 posset.
1385 1769 1431 1802 11.
1456 1780 1492 1809 χ,
1517 1771 1609 1803 261:
1631 1765 1725 1802 ‘'Ex-

991 1827 1068 1862 τορ,
1093 1813 1149 1859 μή
1166 1827 1246 1859 μοι,
1271 1811 1426 1856 ἄλαστε,
1451 1812 1725 1860 συνημοσύνας

989 1860 1150 1909 ἀγόρευε
1175 1862 1254 1896 κτλ.
1279 1883 1325 1887 —-
1349 1864 1470 1908 vexet]
1495 1864 1651 1898 verbum
1677 1863 1723 1898 de

990 1910 1165 1944 omnibus
1212 1911 1328 1944 animi
1375 1911 1723 1956 perturbationibus

989 1958 1170 1991 usitatum
1217 1958 1410 1993 efficacius
1458 1958 1570 1993 etiam
1612 1969 1724 2003 quam

988 2005 1152 2039 Bentleii
1178 2008 1306 2049 verset,
1333 2006 1443 2040 euius
1460 2005 1569 2040 valde
1587 2005 1724 2050 exigua

990 2055 1048 2086 est
1085 2053 1302 2087 auctoritas.
1337 2073 1380 2077 —
1414 2053 1578 2096 Glauco]
1610 2052 1723 2097 Apud

989 2099 1195 2134 Homerum
1227 2100 1379 2145 quidem
1413 2101 1599 2145 (quocum
1624 2100 1723 2134 conf.

991 2147 1155 2186 Quintus
1182 2147 1329 2193 Smyr-n.
1355 2150 1389 2190 3,
1415 2148 1630 2190 212—285.)
1656 2148 1724 2181 mi-

990 2195 1090 2229 nime
1124 2195 1283 2240 ignavus
1322 2198 1531 2240 comparet,
1568 2194 1634 2229 sed
1669 2198 1723 2228 ta-

989 2253 1074 2276 men
1101 2254 1177 2276 non
1204 2243 1284 2288 sine
1304 2242 1464 2287 quadam
1487 2242 1610 2276 ironia
1633 2242 1677 2276 Il.
1693 2245 1723 2284 ζ,
1735 2259 1747 2267 ·»

990 2291 1077 2323 234:
1106 2287 1210 2323 Ἔνθ’
1235 2289 1327 2323 αὖτε
1352 2286 1510 2335 Γλαύκῳ
1534 2288 1724 2336 Κρονίδης

990 2339 1134 2383 φρένας
1159 2335 1308 2379 ἐξέλετο
1324 2333 1427 2378 Ζεύς,
1444 2332 1514 2378 ζῸς
1538 2333 1633 2391 πρὸς
1651 2337 1725 2369 Τυ-

989 2383 1116 2428 δείδην
1157 2381 1352 2427 Διομήδεα
1393 2379 1512 2424 τεύχε’
1544 2381 1723 2426 finali-w,

988 2431 1147 2479 Χρύσεα
1172 2431 1378 2471 χαλκείων,
1412 2427 1637 2474 ἑκατόμβοι’
1662 2431 1724 2464 ἑν-

989 2479 1190 2524 νεαβοίωνῖ
1215 2478 1282 2513 Est
1305 2478 1423 2523 igitur
1448 2479 1543 2513 haec
1568 2488 1735 2524 quoque.

990 2537 1034 2559 ex
1068 2525 1236 2571 parodiis
1270 2526 1350 2560 illis
1374 2525 1605 2568 Homericis,
1638 2526 1722 2570 qui-

989 2573 1059 2608 bus
1085 2574 1245 2607 refertus
1272 2575 1330 2607 est
1353 2572 1565 2617 Lucienus3
1594 2573 1722 2617 itaque

990 2621 1142 2655 ridiculi
1180 2631 1294 2655 causa
1330 2619 1526 2663 dicebant,
1566 2622 1723 2665 propter

989 2668 1175 2713 ignaviam
1226 2667 1411 2702 Glaucum
1465 2678 1487 2701 a
1541 2666 1722 2702 Diomede

989 2716 1089 2750 dono
1139 2715 1207 2750 illo
1256 2715 1368 2749 vitam
1418 2714 1634 2749 redemisse.
1678 2733 1720 2738 -
