1786 2912
55 1818 61 1821 -
111 1801 186 1835 bat.

675 139 770 174 Lm.
794 138 824 173 1.
874 137 977 172 SAT.
1001 135 1047 171 V.

1560 133 1611 174 61

226 244 314 288 Ora
342 256 578 306 manusque
608 245 683 283 tua
711 240 913 292 lavimus,
943 237 1148 286 Feronia,
1178 235 1364 292 lympha.

224 315 343 357 Milia
371 318 463 356 tum
492 312 637 370 pransi
668 311 751 353 tria
780 310 968 366 repimus
998 312 1127 364 atque
1158 306 1350 349 subimus

1561 304 1617 344 25

223 385 476 441 Impositum
507 383 623 425 saxis
651 382 738 424 late
770 379 1051 423 candentibus
1081 377 1247 420 Anxur.

223 455 324 498 Huc
353 459 558 498 venturus
590 456 682 496 erat
710 451 958 499 Maecenas,
989 449 1174 506 optimus
1205 451 1333 503 atque

227 525 453 578 Cocceius,
484 525 605 566 missi
636 523 803 579 magnis
834 521 887 563 de
917 521 1045 563 rebus
1076 524 1257 574 uterque

223 596 401 652 Legati,
434 609 607 638 aversos
639 593 753 636 soliti
785 605 1039 647 componere
1070 590 1243 632 amicos.

226 666 311 709 Hic
343 666 475 708 oculis
508 679 588 721 ego
618 665 742 719 m‘gra
770 663 878 705 meis
909 661 1084 717 collyria
1111 661 1254 716 lippus

469 736 641 778 Interea
668 734 895 776 Maecenas
927 731 1101 774 advenit
1129 735 1259 786 atque

225 737 409 779 Illinere.

1562 657 1619 698 30

230 807 435 850 Cocceius
466 805 703 862 Capitoque
720 804 861 862 *simul
890 803 1116 855 Fonteius,
1149 801 1201 843 ad
1231 813 1419 856 unguem

204 943 260 974 24.
299 942 458 975 lemur
490 940 534 974 N.
559 939 716 973 Heinsio
754 942 907 972 auctore
944 937 1152 971 Bentleius.
1189 955 1234 959 —
1273 937 1330 969 27.
1367 935 1572 973 Maecenas,

155 990 311 1030 opem
335 990 446 1029 alque
471 986 651 1029 cocceius]
677 986 739 1020 Sic
757 986 997 1020 distinximus
1023 995 1108 1018 cum
1126 983 1320 1023 Bentleio3
1345 981 1462 1015 ceteri
1488 981 1573 1014 iun-

155 1037 252 1080 gunt
273 1036 470 1069 Maecenas
495 1036 661 1076 optimus.
712 1033 819 1067 Conf.
845 1033 920 1067 Sat.
948 1034 980 1074 1,
1005 1035 1039 1074 6,
1064 1034 1121 1065 54.
1161 1034 1193 1072 1,
1221 1032 1277 1071 10,
1303 1030 1359 1062 82.

112 1146 220 1190 hora]
236 1146 324 1190 diei,
350 1156 445 1190 qnae
470 1145 674 1190 respondet
691 1144 839 1179 circiter

110 1193 276 1228 decimae
300 1196 462 1227 nostrae.
487 1211 535 1217 —
561 1191 738 1234 lavimus]
763 1190 841 1225 Ho-

111 1241 229 1274 ratius
253 1251 401 1287 semper
423 1251 516 1274 usur
542 1243 580 1273 at
604 1239 759 1273 formam
776 1249 842 1271 an-

111 1287 314 1332 tiquiorem
341 1288 473 1320 lavere.
547 1286 690 1319 avimus
716 1289 840 1319 autem

113 1337 150 1367 et
184 1334 380 1379 religionis
418 1344 531 1367 causa
568 1337 605 1367 et
639 1332 841 1377 prandium

114 1381 319 1425 sumpturi3
355 1380 514 1414 Bentleii
552 1381 710 1413 lavimur
743 1383 842 1412 esset

115 1427 315 1468 „balneum
356 1426 618 1470 sumpsimus“‚
667 1426 704 1459 id
743 1426 841 1470 quod

114 1485 190 1507 non
217 1473 393 1507 convenit
410 1483 496 1507 cum
513 1484 569 1506 Π.
598 1474 674 1506 Ora
698 1482 843 1506 manus-

113 1529 195 1562 que.
240 1520 358 1555 Immo
382 1521 454 1554 hoc
478 1520 668 1564 piaculum
697 1519 842 1553 fuisset.

113 1566 230 1601 Tacit.
253 1567 352 1601 Ann.
379 1569 435 1608 14,
461 1569 524 1600 22:
560 1568 698 1608 fontem
721 1576 843 1608 aquae

111 1615 279 1648 Marciae
290 1632 331 1640 —-
342 1615 466 1647 nando
481 1615 676 1647 incesserat
694 1613 842 1656 (Nero);

112 1662 374 1702 videbaturque
394 1663 503 1702 polus
518 1669 642 1694 sacros
667 1663 700 1693 et
726 1662 842 1694 caeri-

111 1709 271 1742 moniam
298 1708 367 1741 loci
382 1716 534 1749 corpore
562 1708 634 1741 1010
655 1708 840 1748 polluisse.

113 1754 254 1789 Contra
277 1763 346 1788 ora
370 1763 572 1796 mnusque
600 1755 726 1787 lavare
750 1754 842 1788 lice-

236 1801 309 1845 (Ibi
334 1802 415 1836 sine
441 1801 555 1835 dubio
583 1804 691 1835 erant
707 1811 843 1845 caupo-

112 1858 204 1891 nae,
235 1849 276 1883 in
301 1849 442 1894 quibus
473 1859 645 1882 recreare
671 1859 710 1882 se
736 1852 841 1892 pote-

113 1895 227 1938 rant.)
242 1915 285 1919 —
302 1895 476 1938 Feronia]
502 1896 658 1940 antiqua
682 1895 752 1929 dea
767 1895 841 1929 Ita-

113 1941 204 1984 lica,
240 1945 374 1987 postea
399 1942 601 1976 coniuncta
626 1946 663 1976 et
687 1942 843 1976 confusa

113 1999 199 2022 cum
233 1989 397 2031 Iunone,
438 1989 538 2023 unde
575 1989 615 2022 in
650 1989 842 2034 Inscriptt.

113 2037 268 2069 vocatur
297 2035 415 2069 vao
449 2036 684 2070 Fla-noxia.
733 2036 839 2082 Virg.

113 2081 207 2115 Aen.
231 2084 264 2124 7,
289 2085 376 2116 800:
411 2084 523 2116 viridi
546 2085 707 2124 aaudens
732 2084 840 2117 Fero-

115 2129 180 2161 nia
205 2129 295 2162 linco.
331 2129 528 2173 Templum
555 2129 703 2163 celebre
727 2130 841 2164 habe-

115 2174 179 2208 bat
210 2176 283 2209 tria
311 2175 415 2208 milia
446 2186 545 2219 pass.
570 2186 593 2208 a
622 2176 841 2219 Tarracina,

115 2221 180 2255 ubi
195 2232 299 2255 nunc
316 2224 373 2255 est
397 2222 512 2256 turris
529 2223 697 2266 antiqua,
722 2224 841 2256 nomi-

115 2270 203 2302 nata
228 2270 338 2302 Torre
364 2270 578 2311 Ollot'accia.
627 2269 735 2303 Illius
761 2270 842 2303 fon-

113 2314 163 2348 tis
187 2325 287 2360 aqua
312 2318 370 2350 est
393 2315 527 2356 dulcis,
551 2315 709 2360 limpida
725 2327 768 2350 ac
786 2326 842 2350 sa-

114 2361 247 2396 lubris.
264 2382 310 2386 —
325 2363 499 2406 repimus]
519 2363 633 2407 „quia
656 2363 734 2397 illis
753 2367 843 2397 tem-

113 2408 269 2452 poribus
294 2409 416 2443 adhuc
442 2409 725 2444 Tarracinensis
751 2410 841 2444 urbs

37 2460 44 2471 ⁵
114 2455 155 2488 in
180 2455 361 2490 altissimo
384 2460 510 2491 monte
536 2460 633 2500 erat3
664 2457 753 2490 inde
776 2469 842 2502 po-

115 2504 196 2536 stea
218 2502 258 2535 in
284 2504 499 2548 aequiorem
525 2504 649 2538 locum
675 2504 843 2548 deposita

115 2551 192 2591 est,
216 2552 259 2591 nt
282 2561 359 2583 non
385 2551 508 2584 solum
533 2551 609 2585 sint
633 2551 756 2585 adhuc
781 2562 843 2585 ve-

115 2595 227 2640 stigia
250 2597 503 2633 aedificiorum
528 2598 568 2631 in
599 2601 743 2640 monte,
776 2599 842 2632 sed

116 2645 154 2675 et
180 2645 405 2677 murorum.“
455 2644 604 2678 Ponpn.
631 2664 673 2668 —
699 2645 842 2688 Anxur]

116 2698 252 2723 nornen
269 2690 448 2724 Volscum
467 2691 692 2726 Tarracinae
715 2692 841 2734 (hodie

889 1143 1104 1185 Terracina)
1131 1142 1177 1176 ad
1201 1141 1338 1175 ostium
1356 1140 1514 1174 Ufentis.
1541 1138 1622 1172 Sta?

888 1190 964 1224 tius
984 1189 1071 1223 Silv.
1100 1192 1131 1231 1,
1149 1191 1183 1231 3,
1204 1191 1269 1222 86:
1295 1196 1471 1228 arcesque
1494 1194 1621 1228 super-

889 1239 956 1271 bae
990 1238 1164 1271 Anxuris.
1214 1234 1398 1270 Martialis
1424 1237 1465 1275 6,
1490 1236 1555 1274 42,
1581 1236 1622 1267 6:

888 1286 1063 1326 superbus
1088 1286 1227 1317 Amr.
1254 1282 1316 1316 Sic
1340 1282 1486 1315 Felsina
1507 1279 1623 1313 Etru-

890 1342 994 1364 scum
1035 1330 1228 1364 Bononiae
1270 1339 1406 1363 nomen
1449 1330 1541 1361 erat.
1589 1327 1624 1359 A

890 1378 987 1412 Foro
1036 1377 1149 1421 Appii
1200 1376 1406 1409 Tarracina
1460 1373 1623 1408 distabat

890 1424 972 1458 XX.
997 1425 1100 1458 milia
1127 1434 1318 1468 passuum.
1347 1442 1388 1446 —-
1414 1423 1623 1455 saxis-can-

890 1471 1070 1514 dentibus]
1084 1471 1192 1504 Mons
1218 1470 1296 1513 ille,
1320 1470 1360 1503 in
1388 1480 1462 1513 quo
1487 1468 1623 1502 Tarraf

891 1519 977 1552 cina
1002 1518 1207 1552 constituta
1230 1520 1328 1559 erat,
1361 1527 1437 1550 non
1463 1515 1624 1549 candida

891 1576 979 1599 saxa
1013 1565 1145 1606 habet,
1183 1564 1248 1598 sed
1274 1563 1369 1598 calci
1402 1562 1622 1608 coquendae

889 1613 1101 1657 aptissima3
1144 1622 1233 1656 ergo
1271 1622 1293 1645 a
1330 1611 1433 1644 calce
1474 1610 1623 1644 videtur

890 1659 1051 1693 candida
1075 1659 1248 1692 dixisse.“
1269 1659 1316 1700 (ἓ)
1333 1658 1483 1691 Pom‘n.
1500 1656 1623 1690 Etiam

889 1705 1048 1740 Martial.
1074 1709 1109 1748 5,
1135 1708 1174 1739 1;
1204 1706 1381 1739 candidus
1406 1706 1551 1738 Ana-ur.
1579 1720 1646 1727 -κ

891 1753 1070 1795 Cocceius]
1110 1753 1247 1786 Biondi
1290 1754 1499 1795 (Dissertaz.
1538 1752 1623 1784 dell'

890 1801 1001 1834 Acad.
1028 1802 1132 1833 Rom.
1157 1800 1357 1833 ‹rm-cheul.
1406 1799 1447 1832 T.
1498 1798 1560 1831 VI.
1585 1809 1622 1842 p.

890 1848 987 1890 286.)
1022 1847 1067 1881 de
1102 1847 1146 1880 L.
1178 1846 1335 1881 Cocceio
1367 1846 1509 1888 Nerva,
1547 1856 1622 1879 cos.

892 1894 1047 1929 suffecto
1072 1905 1104 1928 a.
1130 1905 1167 1927 u.
1194 1904 1224 1927 c.
1251 1896 1332 1928 715.
1357 1893 1523 1927 noudum
1543 1893 1624 1937 qui-

890 1942 973 1975 dem
1002 1944 1205 1975 memorato
1230 1941 1271 1974 in
1296 1941 1418 1974 Fastis
1444 1940 1624 1974 Consulas

891 1989 996 2023 ribus
1022 1989 1182 2030 Baiteri‚
1216 1988 1283 2022 sed
1313 1988 1353 2020 in
1387 1987 1570 2021 laterculo
1602 1997 1625 2020 a

888 2035 1048 2070 Biondio
1073 2038 1235 2080 reperto,
1260 2046 1293 2067 v.
1320 2036 1376 2068 28.
1403 2045 1486 2068 esse
1511 2034 1624 2067 intel-

888 2083 1083 2127 ligendum
1123 2082 1271 2124 docuit,
1314 2072 1534 2125 neutiquam
1575 2080 1622 2114 de

889 2131 971 2163 eius
988 2130 1105 2163 fratre
1123 2129 1172 2162 M.
1191 2129 1349 2162 Cocceio
1367 2128 1415 2161 M.
1431 2128 1472 2161 F.
1489 2127 1624 2170 Nerva,

890 2177 1046 2210 consule
1056 2188 1088 2210 a.
1099 2187 1135 2209 u.
1147 2186 1178 2209 c.
1188 2178 1281 2216 718„
1295 2176 1341 2209 ad
1356 2186 1480 2220 quem,
1493 2178 1623 2219 utpote

890 2223 1074 2257 notiorem
1090 2226 1244 2267 propter
1257 2222 1417 2256 Nervam
1434 2232 1625 2266 pronepo-

890 2273 964 2303 tem
982 2269 1103 2303 adhuc
1117 2270 1347 2303 rettulerunt
1361 2279 1489 2303 omnes
1507 2269 1624 2302 inter-

889 2319 1027 2360 pretes.
1037 2336 1079 2340 —
1090 2317 1249 2360 aversos]
1258 2317 1438 2358 „alterum
1448 2316 1495 2350 ab
1504 2316 1623 2350 altero

890 2364 1127 2397 alienatum.“
1138 2383 1181 2387 —
1194 2363 1423 2407 componere]
1434 2366 1623 2405 „mutuam

889 2411 1047 2454 gratiam
1072 2411 1172 2444 inter
1199 2422 1263 2445 eos
1290 2411 1569 2444 reconciliare.“

937 2459 1059 2491 30-33.
1072 2458 1368 2501 niqra-collyria]
1375 2457 1495 2491 Multa
1504 2458 1624 2491 omnis

889 2504 1040 2549 generis
1066 2505 1223 2550 collyria
1238 2507 1422 2538 memorat
1439 2504 1571 2538 Celsus
1590 2506 1624 2545 6,

891 2554 925 2585 6.
949 2553 1009 2585 Ex
1031 2553 1328 2593 frequentissimas
1353 2553 1531 2593 collyriis,
1566 2550 1624 2583 in-

891 2598 972 2642 quit
1005 2598 1038 2641 §.
1071 2601 1125 2641 7.,
1163 2602 1213 2632 est
1249 2601 1305 2641 id,
1343 2600 1439 2639 quod
1475 2598 1624 2638 quidam

890 2642 1046 2685 κύθιον,
1084 2647 1231 2687 quidam
1265 2655 1287 2679 a
1322 2647 1462 2678 cinereo
1500 2645 1621 2677 colore

891 2694 1047 2739 τέφριον
1085 2694 1287 2734 appellant.
1328 2711 1368 2714 —
1410 2692 1623 2732 capitoque-
