1786 2912
193 145 248 187 96

692 145 898 180 HORATII
925 146 1208 181 SATIRARUM

312 245 533 288 Canidiam
564 247 746 303 pedibus
777 247 902 288 nudis
934 262 1148 304 passoque
1180 249 1352 305 capillo,

312 317 421 359 Cum
454 317 625 373 Sagana
654 318 816 360 maiore
846 318 1104 361 ululantem:
1137 320 1274 375 pallor
1303 324 1506 376 utrasque

1651 321 1707 362 25

309 387 489 431 Fecerat
520 388 752 431 horrendas
785 388 1003 444 adspectu.
1052 389 1252 446 Scalpere
1282 395 1446 433 terram

308 459 534 515 Unguibus
568 465 609 502 et
640 460 801 515 pullam
833 459 1035 503 divellere
1066 461 1278 503 mordicus
1311 457 1466 518 agna'm

310 530 577 587 Coeperunt,
611 545 734 573 cruor
764 531 810 572 in
840 531 997 573 fossam
1031 531 1251 586 conquUS,
1283 537 1330 575 ut
1360 533 1461 575 inde

307 602 455 644 Manes
488 603 711 655 elicerent,
745 602 908 644 animas
940 617 1148 658 responsa
1178 603 1364 646 daturas.

306 672 456 715 Lanea
487 678 530 715 et
562 673 727 728 effigies
759 677 870 726 erat,
903 673 1036 715 altera
1068 688 1212 716 cerea:
1245 675 1381 717 maior

306 743 472 798 Lanea,
505 758 614 800 quae
645 745 797 800 poenis
830 750 1119 800 compesceret
1149 745 1418 800 inferiorem3

308 814 444 857 Cerea
477 815 727 871 suppliciter
759 815 917 869 stabat,
952 817 1178 858 servilibus
1210 821 1258 858 ut
1290 831 1400 872 quae

304 885 396 928 Iam
427 887 617 942 peritura
648 886 797 928 modis.

186 1018 258 1050 vet.
285 1035 327 1039 —
357 1016 566 1059 Canidiam]
595 1015 801 1050 Gratidiam
826 1016 921 1050 Nea-

186 1063 405 1108 politanam,
431 1063 476 1097 de
504 1074 579 1108 qua
603 1063 723 1108 Epod.
750 1065 782 1097 5.
811 1067 846 1097 et
866 1066 919 1098 17.

187 1129 230 1134 —
255 1112 405 1152 pedibus
430 1111 560 1153 nudis]
594 1111 651 1144 Ad
687 1121 794 1145 sacra
827 1111 920 1145 haec

185 1159 330 1203 magica
366 1169 411 1192 ex
450 1158 623 1192 sollemni
661 1158 739 1192 ritu
780 1159 920 1203 pedum

185 1205 338 1240 nuditas
388 1206 642 1248 referebatur,
699 1209 741 1239 ut
788 1205 920 1240 Medea

185 1253 283 1297 apud
311 1251 417 1286 Ovid.
443 1251 530 1286 Met.
551 1255 582 1295 7,
610 1254 697 1286 182:
722 1257 838 1287 vestes
860 1255 919 1286 vin-

183 1301 275 1334 duta
307 1301 506 1342 recinctas,
540 1302 649 1334 Nuda
670 1302 818 1343 pedem,
853 1309 920 1333 nw-

184 1349 248 1381 dos
285 1348 446 1381 humeris
484 1349 610 1389 infusa
647 1349 812 1389 capillos.
863 1347 920 1382 Si-

182 1394 323 1428 militer
347 1395 387 1428 in
419 1395 615 1429 nocturnis
642 1395 830 1429 Lemuriis
854 1397 919 1429 ha-

184 1444 265 1476 bent
299 1443 434 1483 qemim?
469 1444 618 1476 vincula
655 1444 762 1476 nulla
795 1445 917 1484 pedes.

184 1488 290 1523 Ovid.
324 1489 423 1523 Fast.
457 1491 497 1532 5,
533 1492 612 1523 432.
641 1509 683 1513 »-
715 1499 825 1532 passo
859 1499 918 1523 ca-

179 1536 294 1579 pillo]
340 1536 468 1578 „Passi
507 1538 630 1570 crines
674 1540 776 1571 certe
818 1537 918 1581 apud

183 1582 359 1617 Ovidium
394 1586 483 1618 sunt
515 1584 760 1626 feminarum,
797 1586 919 1626 sparsi

182 1633 448 1675 utrorumque:
478 1631 578 1675 quod
601 1632 749 1675 quoties
768 1631 814 1665 de
840 1643 915 1665 ma-

182 1679 297 1712 sculis
324 1678 489 1712 occurrit
515 1679 576 1721 (de
600 1678 750 1722 Orpheo
768 1678 915 1712 Metam.

183 1729 238 1768 11,
264 1727 333 1769 57„
358 1726 506 1760 Baccho
533 1726 660 1769 [immo
679 1726 725 1760 (le
742 1726 916 1769 Bacchis]

179 1772 224 1806 A.
249 1772 294 1806 A.
329 1776 368 1816 1,
402 1775 504 1816 541.,
534 1772 673 1807 Amore
705 1773 787 1807 Am.
825 1775 856 1815 3,
883 1776 915 1816 9,

182 1819 253 1863 11.)
281 1821 425 1866 absque
450 1821 635 1854 librorum
662 1820 916 1865 discrepantia

181 1868 336 1902 exstat.“
387 1867 553 1901 MERKEL
587 1868 634 1902 ad
668 1867 774 1901 Ovid.
802 1868 915 1902 Trist.

178 1926 215 1959 p.
250 1918 283 1949 2.
311 1914 386 1949 Cfr.
421 1915 489 1949 Od.
524 1917 564 1957 3,
599 1917 663 1957 20,
699 1917 754 1948 14.
781 1935 824 1938 —
849 1917 915 1950 Sa-

179 1971 278 2004 qana
318 1963 480 2006 maiore]
525 1962 646 2005 „Haec
690 1961 834 2007 Sagana
871 1963 915 1996 li-

179 2009 289 2044 berta
313 2010 432 2044 fuisse
466 2010 605 2044 dicitur
630 2010 830 2054 Pomponii
857 2021 914 2043 se-

179 2057 344 2100 natoris,
378 2058 443 2102 qui
468 2068 490 2091 a
514 2057 722 2091 triumviris
748 2059 806 2091 est
829 2068 916 2102 pro-

180 2105 364 2149 scriptus3
405 2105 540 2139 habuit
579 2108 706 2138 autem
750 2115 916 2139 sororem

180 2163 219 2186 se
238 2155 329 2186 natu
342 2153 544 2195 minorem3
563 2152 705 2186 idcirco
722 2153 783 2186 hic
797 2154 916 2185 maior

179 2199 351 2234 dicitur.“
368 2199 497 2234 coum.
510 2199 630 2238 CRUQ.
641 2219 684 2223 —
694 2200 915 2243 ululantem]

175 2245 403 2291 Ὀλολυγμοὶ
428 2248 586 2281 maxime
613 2247 763 2282 feminis
790 2247 829 2280 in
856 2257 914 2281 sa-

178 2295 252 2328 cris
278 2294 511 2328 tribuuntur.
539 2294 614 2328 Cfr.
640 2294 744 2339 Virg.
770 2294 862 2328 Aen.
882 2296 914 2337 2,

178 2343 259 2374 488.
286 2340 394 2375 ovid.
412 2341 560 2376 Metam.
581 2344 613 2384 7,
634 2344 711 2375 190.
730 2361 775 2365 -
792 2344 914 2375 utras-

179 2388 272 2431 que]
309 2388 412 2431 „Non
448 2389 664 2423 necessaria
697 2390 915 2423 coniectura

176 2438 381 2476 atramque.
418 2435 492 2469 Cfr.
520 2436 624 2480 Virg.
650 2436 745 2470 Aen.
772 2439 805 2479 6,
832 2438 913 2469 685.

179 2483 255 2518 Cic.
288 2494 325 2527 p.
351 2483 476 2528 Ligar.
514 2485 569 2526 12,
597 2485 652 2517 36.
704 2482 777 2517 Sal.
805 2483 912 2517 Catil.

178 2533 234 2565 30.
262 2529 368 2564 Caes.
392 2530 435 2563 B.
463 2529 505 2563 G.
534 2533 565 2572 1,
593 2532 650 2564 53.
676 2530 717 2563 B.
746 2530 784 2564 C.
804 2533 836 2573 2,
855 2531 911 2564 6.“

176 2577 367 2611 DILLENB.
383 2577 488 2611 Conf.
504 2577 639 2622 Zumpt
653 2577 699 2611 ad
715 2577 790 2612 Cic.
804 2577 913 2612 Verr.

178 2627 211 2667 3,
239 2627 295 2667 60,
323 2627 402 2659 140.
420 2643 464 2649 -—
483 2626 652 2666 scalpere
678 2628 816 2658 terram
845 2627 913 2658 Un-

178 2672 329 2715 auibus]
365 2672 534 2707 scrobem
567 2672 754 2715 faeturae3
790 2671 914 2706 effica-

177 2719 257 2753 cior
276 2722 400 2754 autem
418 2719 479 2754 hic
497 2719 616 2761 furor,
643 2730 756 2764 quam
776 2720 807 2753 si
825 2720 912 2763 pala

845 886 1041 929 Hecaten
1072 891 1196 929 vocat
1227 888 1381 941 altera,
1414 902 1587 930 saevam

970 1018 1028 1050 vel
1054 1027 1179 1051 marra
1204 1027 1295 1051 usae
1327 1019 1466 1052 essent.
1492 1037 1536 1042 —
1559 1019 1705 1060 pullam

969 1082 984 1088 -
1002 1080 1017 1087 ·
1034 1065 1182 1108 aquam]
1208 1064 1294 1098 Vid.
1320 1065 1367 1099 ad
1391 1075 1425 1099 v.
1454 1066 1510 1099 23.
1539 1083 1580 1089 —
1607 1074 1705 1099 mor-

969 1111 1091 1154 dicus]
1125 1111 1176 1145 Ut
1207 1122 1276 1156 per
1310 1114 1425 1146 totam
1458 1112 1556 1147 hanc
1589 1112 1703 1158 magi-

969 1169 1099 1192 corum
1132 1160 1274 1192 rituum
1309 1159 1601 1204 descriptionem
1638 1160 1703 1195 do-

969 1206 1133 1240 minatur
1158 1207 1363 1251 hyperbole
1391 1207 1552 1249 comica⁷
1586 1208 1642 1242 sic
1665 1208 1702 1242 h.

968 1253 993 1286 l.
1020 1254 1204 1298 imprimis
1230 1264 1308 1288 rem
1326 1254 1533 1288 ridiculum
1558 1255 1598 1288 in
1623 1265 1702 1289 mo-

969 1300 1057 1334 dum
1083 1304 1296 1346 exaggerat.
1314 1320 1358 1325 -
1383 1310 1494 1335 cruor
1519 1301 1603 1344 cet]
1627 1300 1702 1336 Re-

968 1348 1124 1382 cordare
1159 1348 1281 1382 Ulixis
1308 1347 1440 1394 Odyss.
1465 1348 1505 1389 λ,
1540 1350 1586 1383 34
1619 1359 1702 1393 sqq.

969 1397 1013 1429 95
1057 1406 1112 1452 sq.
1149 1395 1326 1431 Philostr.
1363 1396 1455 1430 Her.
1495 1397 1568 1452 18,
1595 1398 1627 1430 3.
1665 1407 1702 1440 p.

969 1445 1055 1476 728:
1085 1444 1236 1476 Ηκιστα
1259 1440 1332 1490 γὰρ
1357 1441 1454 1491 πρὸς
1471 1441 1611 1498 αἱματι
1636 1445 1702 1477 καὶ

966 1487 1130 1537 βάθροις
1166 1491 1209 1524 αἱ
1241 1492 1369 1532 ψυχαὶ
1400 1486 1622 1533 ψεύδονται
1657 1510 1701 1514 -

967 1539 1006 1571 in
1042 1540 1178 1579 fossam
1220 1538 1413 1580 confusus]
1457 1538 1601 1581 „omnis
1643 1540 1701 1572 est

966 1585 1075 1618 fusus
1113 1585 1153 1618 in
1193 1585 1396 1619 scrobem.“
1431 1604 1474 1609 —
1508 1585 1602 1619 Tota
1638 1596 1700 1619 res

966 1635 1091 1666 autem
1115 1642 1272 1675 prorsus
1304 1629 1558 1666 consentanea
1581 1643 1700 1676 popu-

965 1678 1036 1712 lari
1073 1679 1227 1712 illorum
1268 1682 1478 1723 temporum
1516 1679 1700 1723 supersti-

965 1726 1071 1760 tioni.
1123 1725 1183 1760 Sic
1218 1725 1294 1760 Cic.
1330 1726 1442 1760 Tusc.
1480 1728 1510 1769 1,
1546 1729 1601 1768 16,
1635 1728 1698 1761 37:

965 1782 1057 1814 quae
1089 1782 1189 1807 meas
1224 1775 1363 1807 amicus
1393 1775 1533 1815 Appius
1565 1784 1701 1821 νεκρο-

963 1824 1125 1863 μαντεῐα
1148 1822 1318 1862 faciebat.

1013 1870 1132 1902 30-36.
1167 1869 1294 1901 Lanea
1326 1867 1411 1911 cct.]
1444 1869 1571 1902 Lanea
1603 1868 1700 1902 refe-

964 1915 1071 1949 rebat
1097 1915 1312 1958 Canidiam,
1346 1924 1470 1958 cerea,
1505 1925 1604 1960 quae
1636 1926 1698 1950 ve-

963 1966 1117 1997 xaretur
1135 1963 1299 2008 igneque
1317 1962 1533 2007 liquefieret
1550 1963 1598 2006 (v.
1613 1963 1697 2005 44),

964 2013 1168 2044 amatorem
1194 2010 1396 2044 infidelem.
1449 2009 1619 2052 „Laneae
1646 2010 1698 2044 ef-

964 2057 1069 2102 figies
1103 2057 1375 2102 Compitalibus
1409 2059 1524 2091 noctu
1557 2057 1697 2091 daban-

965 2108 1026 2138 tur
1050 2106 1090 2138 in
1117 2105 1297 2149 compita,
1323 2107 1379 2139 tot
1402 2115 1580 2147 numero,
1606 2106 1698 2148 quot

964 2152 1105 2187 liberos
1138 2152 1310 2187 homines
1343 2152 1596 2197 precabantur
1621 2151 1697 2185 sal-

965 2211 1029 2234 vos
1056 2199 1330 2234 esse.--Taceo
1356 2199 1466 2234 lanae
1483 2199 1524 2232 in
1541 2199 1699 2243 nuptiis,

964 2247 1004 2280 in
1037 2247 1231 2281 flaminum
1261 2246 1391 2291 pileis,
1422 2246 1465 2279 in
1489 2246 1696 2280 hostiarum

964 2294 1108 2337 infulis,
1133 2295 1173 2328 in
1192 2294 1389 2338 sepulcris,
1415 2293 1455 2326 in
1473 2293 1696 2337 expiationi-

964 2342 1034 2376 bus
1068 2342 1213 2376 usum.“
1266 2341 1464 2374 TORRENT.
1515 2339 1576 2374 Sic
1608 2340 1644 2374 h.
1669 2341 1695 2374 1.

964 2389 1074 2423 lanea
1109 2389 1231 2433 imago
1269 2399 1313 2422 ac
1349 2389 1549 2432 propterea
1585 2386 1695 2421 Cani-

963 2436 1025 2470 dia
1058 2437 1141 2481 ipsa
1173 2436 1294 2469 libera
1323 2435 1498 2469 manebat
1523 2434 1567 2468 ab
1595 2434 1695 2468 omni

962 2484 1080 2525 malo,
1115 2483 1215 2528 quod
1248 2482 1324 2516 alia
1357 2493 1447 2527 saga
1479 2481 1695 2516 adversaria

963 2531 998 2564 ei
1024 2531 1213 2565 intentare
1245 2531 1404 2574 poterat.
1432 2548 1475 2552 —
1500 2529 1694 2562 servilibus

962 2595 977 2602 -
996 2596 1010 2602 -
1024 2579 1196 2619 peritura
1227 2577 1363 2620 modis]
1403 2575 1691 2619 „miserabiliter

961 2626 1174 2669 peritura“;
1198 2623 1387 2668 liquefieri
1405 2624 1505 2658 enim
1522 2622 1692 2656 debebat.

962 2672 1205 2706 Torrentius:
1225 2670 1388 2715 „Lepide
1405 2669 1586 2705 Horatius
1604 2672 1694 2702 tam-

963 2730 1075 2763 quam
1101 2719 1227 2754 servili
1254 2718 1439 2763 supplicio
1465 2717 1564 2752 affici
1590 2715 1692 2759 (Liv.

1648 675 1774 716 30.
