1774 2930
668 144 763 180 Lm.
787 144 817 179 1.
866 144 1017 180 EPIST.
1041 145 1108 180 111.

1555 151 1641 191 283

169 256 185 276 ι)
248 241 492 298 Ingenium,
522 257 609 286 non
639 245 845 287 incultum
875 250 942 288 est
971 251 1016 289 et
1043 247 1226 303 turpiter
1254 248 1427 291 hirtum.

250 311 337 355 Seu
365 313 557 369 linguam
587 316 727 357 causis
759 317 876 358 acuis
908 330 985 360 seu
1016 317 1151 360 civica
1180 319 1273 361 iura

247 381 524 439 Respondere
555 399 681 441 paras
713 401 791 428 seu
822 386 968 428 condis
1000 388 1183 431 amabile
1214 403 1402 443 carmen,

246 451 392 495 Prima
419 453 533 498 feres
564 455 749 499 hederae
780 457 965 500 victricis
996 459 1200 514 praemia.
1249 459 1411 508 Quodsi

1583 463 1640 503 25

246 521 422 579 Frigida
451 538 646 568 curarum
675 526 865 570 fomenta
893 529 1133 585 relinquere
1164 544 1332 586 possea,

249 592 344 642 Quo
373 598 416 637 te
447 596 643 638 caelestis
675 598 887 654 sapientia
916 599 1108 654 duceret,
1139 601 1238 644 ires.

244 663 342 706 Hoc
371 679 498 722 opus,
530 667 611 709 hee
641 668 828 711 studium
858 670 979 725 parvi
1009 685 1287 726 properemus
1319 677 1362 715 et
1392 673 1542 729 ampli,

247 733 293 776 Si
324 736 487 791 patriae
517 738 730 791 volumus,
764 740 800 781 si
830 740 954 782 nobis
986 741 1130 784 vivere
1162 743 1262 784 cari.

223 853 279 886 22.
305 853 353 896 et]
378 862 443 887 nec
465 854 554 889 Lot.

128 951 236 986 modo
268 951 380 995 haec,
415 953 524 988 modo
558 955 625 989 illa
649 957 855 990 carminum

127 1009 267 1043 genera
290 1010 313 1034 a
336 1000 447 1035 Floro
474 1004 615 1036 tentata
639 1013 739 1045 esse,
765 1014 855 1038 sane

127 1047 170 1079 ut
193 1055 289 1090 opus
306 1048 585 1091 secundarium,
610 1050 673 1083 cui
697 1061 764 1094 per
790 1051 856 1085 ho-

127 1102 189 1126 ras
223 1093 438 1129 subsecivas
470 1099 643 1130 vacaret:
681 1107 767 1131 nam
800 1109 857 1132 se-

127 1140 275 1175 veriora
299 1141 424 1176 studia
446 1143 493 1176 ad
524 1143 777 1188 eloquentiam
802 1145 856 1179 fo-

127 1196 276 1221 rensem
309 1191 348 1222 et
371 1189 432 1223 ius
465 1190 575 1224 civile
609 1195 854 1227 converterat.

129 1252 171 1256 —
188 1235 367 1268 imnum
388 1237 472 1280 cet.]
497 1237 546 1271 Ut
570 1249 659 1282 ager
684 1238 855 1274 incultus

128 1281 245 1314 hirtus
270 1281 330 1324 fit,
364 1282 403 1316 id
429 1287 503 1326 est,
537 1284 634 1319 filice
660 1286 856 1330 vepribus-

129 1337 201 1370 que
218 1328 431 1371 obducitur,
457 1331 510 1364 sic
536 1331 728 1376 ingenium
746 1333 855 1367 bonis

127 1373 273 1409 artibus
298 1386 375 1410 non
401 1378 602 1418 excultum,
627 1378 668 1412 fit
691 1380 785 1414 rude
819 1383 856 1414 et

126 1420 254 1455 hebes.
279 1421 449 1457 Praestat
474 1428 598 1459 autem
621 1426 732 1460 lectio
752 1430 784 1460 el
802 1428 855 1461 al-

127 1467 199 1501 teri
224 1476 308 1511 nec3
334 1481 481 1515 „neque
500 1472 599 1505 enim
617 1474 794 1506 incultum
818 1478 855 1507 et

126 1514 263 1548 hirtum
278 1515 444 1551 diversas
469 1529 530 1552 res
556 1520 787 1564 significant,
814 1524 856 1555 ut

127 1560 204 1596 sint
228 1561 512 1609 disiungenda.“
538 1566 682 1600 BENTL.
709 1587 752 1591 —
778 1571 855 1601 lur-

123 1609 424 1654 puer-hirtum]
461 1612 505 1646 A.
538 1613 578 1646 P.
617 1616 661 1647 3:
698 1617 854 1656 turpiter

126 1657 259 1690 ali-am.
285 1657 352 1700 „In
376 1669 489 1702 prosa
513 1661 683 1695 oratione
707 1663 772 1706 qui
790 1673 851 1696 ac-

125 1706 254 1737 curate
288 1705 523 1750 scripserunt
551 1708 636 1749 ausi
662 1719 739 1742 non
765 1713 853 1744 sunt

124 1749 302 1785 adverbia
326 1753 522 1796 qualitatis
548 1765 632 1788 cum
657 1756 851 1791 adiectivis

125 1797 364 1843 coniungere.
404 1800 516 1844 Apud
541 1801 736 1836 Horatium
762 1806 852 1848 poe-

124 1846 198 1877 tam
221 1855 395 1890 compara
411 1846 479 1881 Od.
499 1850 531 1889 3,
559 1851 614 1891 11,
640 1851 683 1884 35
710 1850 850 1892 (Splen-

123 1891 204 1924 dide
226 1894 434 1936 mendam!⁴
460 1894 648 1930 Dumana.
668 1916 710 1921 —
735 1898 850 1941 acuis]

125 1937 399 1981 significantius
436 1952 547 1985 quam
591 1947 848 1988 „praeparas.“

125 1982 203 2017 Cic.
228 1985 333 2019 Brut.
350 1989 408 2029 97,
433 1990 520 2022 331;
546 1993 586 2023 iu
609 1992 699 2024 illuc
724 1993 779 2034 (in
797 1992 851 2026 fo-

124 2032 222 2072 rum)
239 2040 391 2066 veneras
403 2043 508 2076 unus,
524 2038 586 2076 qui
598 2046 671 2070 non
686 2039 851 2079 linquam

125 2078 229 2110 modo
246 2080 401 2112 acuisses
426 2084 685 2117 ester-citatione
710 2086 852 2118 dicendi

127 2125 196 2157 cet.
246 2122 510 2169 Significantur
547 2129 851 2173 declamationes,

126 2170 264 2214 quibus
288 2171 442 2206 iuvenes
460 2175 506 2207 ad
524 2176 776 2220 eloquentiam
794 2178 851 2211 iu·

125 2216 296 2251 dicialem
332 2230 557 2264 praeparare
596 2234 634 2256 se
669 2224 850 2258 solebant.

126 2283 169 2288 —
206 2266 323 2299 civica
362 2268 448 2300 iura
487 2270 739 2313 Respondere]
782 2283 849 2315 pro

124 2311 287 2356 volgari:
308 2314 364 2347 ius
381 2315 485 2348 civile
502 2319 718 2358 respondere
737 2318 850 2360 (Plin.

123 2357 218 2402 Epp.
244 2361 283 2402 6,
310 2361 379 2402 15.)
406 2364 443 2395 et
466 2364 510 2396 de
527 2365 607 2397 iure
624 2366 849 2406 respondere.

123 2405 179 2438 Ad
198 2406 295 2441 iuris
311 2408 534 2451 prudentiae
552 2411 667 2455 igitur
684 2412 849 2446 studium

122 2451 196 2486 hoc
236 2454 408 2488 refertur.
463 2456 518 2491 De
558 2459 678 2492 forma
719 2460 850 2493 civicus

122 2499 195 2534 vid.
229 2501 277 2536 ad
311 2501 377 2535 Od.
411 2505 452 2544 3,
486 2506 527 2546 2,
561 2507 593 2538 6.
621 2525 663 2529 ——
691 2508 850 2540 amabile

123 2548 281 2591 carmen]
299 2547 471 2595 ἐρωτικά,
494 2554 597 2595 puto,
621 2553 851 2595 συμποτικά,

124 2593 388 2639 epigrammata
420 2602 508 2639 cet.;
543 2603 761 2641 „venustum
795 2605 848 2636 at-

124 2650 196 2682 que
221 2642 373 2687 elegans
399 2646 565 2680 cuiusvis
590 2649 739 2691 generis
771 2659 850 2683 car·

123 2687 243 2721 mem*
262 2707 305 2713 -
323 2691 674 2737 hederae-praemia]
691 2694 849 2740 Proprie

906 957 1070 992 refertur
1112 959 1159 992 ad
1197 961 1381 1003 poeticam
1419 961 1637 995 facultatem

904 1008 1058 1049 propter
1106 1006 1312 1049 Bacchum,
1361 1008 1425 1052 qui
1474 1008 1638 1043 Pindaro

904 1051 1050 1097 Dithyr.
1083 1053 1145 1087 Fr.
1180 1056 1221 1095 3,
1256 1056 1288 1088 7.
1321 1059 1378 1089 est
1412 1055 1638 1098 κισσοόέτας

906 1096 1008 1140 θεός.
1041 1099 1116 1133 Cfr.
1143 1099 1211 1134 Od.
1241 1104 1271 1143 l,
1299 1105 1329 1143 1,
1357 1104 1413 1136 29.
1447 1102 1542 1136 Tum
1568 1114 1637 1147 per

906 1157 1060 1192 zeugma
1096 1149 1261 1191 pertinet
1294 1149 1405 1183 etiam
1431 1150 1479 1184 ad
1513 1154 1640 1184 cetera

904 1193 1007 1227 Flori
1042 1194 1185 1237 studia,
1220 1195 1259 1229 in
1294 1197 1434 1241 quibus
1460 1197 1636 1232 omnibus

905 1251 989 1274 eum
1015 1242 1155 1285 primas
1180 1247 1305 1286 partes
1338 1244 1501 1278 laturum
1527 1244 1637 1289 polli—

904 1292 1022 1322 cetur.

952 1337 1070 1369 26-29.
1097 1337 1249 1377 Friqma
1267 1346 1443 1371 curarum
1459 1340 1638 1383 fomenta]

905 1381 1029 1415 Unum
1055 1383 1187 1416 vitium
1219 1383 1259 1417 in
1284 1385 1404 1418 amico
1430 1386 1549 1420 libere
1576 1397 1636 1420 re-

904 1429 1115 1472 prehendit,
1141 1431 1242 1474 quod
1260 1431 1292 1465 is
1317 1443 1482 1476 quoque,
1508 1437 1550 1466 ut
1575 1444 1637 1468 ae-

905 1476 1072 1520 qualium
1104 1477 1296 1522 plerique,
1330 1479 1447 1513 nimio
1473 1480 1571 1513 lucri
1598 1484 1637 1515 et

905 1527 1085 1567 quaestus
1111 1525 1236 1558 studio
1262 1525 1493 1570 indulgebat.
1521 1530 1634 1561 Cura-

903 1579 986 1604 rum
1002 1572 1162 1612 [omenta
1176 1572 1211 1605 h.
1227 1572 1250 1605 l.
1267 1575 1465 1608 manifesto
1485 1578 1574 1608 sunt
1591 1586 1637 1609 ea

903 1618 1085 1660 fomenta,
1117 1629 1214 1663 quae
1241 1629 1353 1654 curae
1379 1621 1491 1655 Floro
1515 1623 1634 1666 impo-

901 1668 1014 1706 nunt,
1046 1665 1086 1699 id
1118 1669 1193 1708 est,
1227 1669 1412 1711 pecuniae
1446 1669 1637 1713 cupiditas

900 1714 1013 1756 atque
1038 1713 1213 1755 ambiti0;
1247 1715 1318 1748 hae
1351 1719 1477 1749 autem
1502 1717 1633 1760 paula-

900 1758 968 1792 tim
1000 1761 1225 1801 resriaeranl
1259 1772 1303 1795 ac
1337 1763 1532 1797 retardant
1557 1765 1634 1808 spi-

901 1807 996 1840 ritus
1022 1809 1296 1851 generosiores,
1322 1810 1502 1844 hebetant
1526 1811 1634 1856 inge-

900 1854 1016 1895 nium,
1046 1854 1277 1888 imminuunt
1300 1857 1486 1900 poeticam
1511 1859 1632 1891 facul-

899 1903 1023 1934 tatem.
1074 1901 1249 1935 Ceterum
1287 1903 1327 1937 in
1360 1906 1527 1945 fomentis
1564 1908 1632 1947 sri-

900 1949 992 1988 0idis
1017 1948 1164 1982 nullum
1182 1949 1282 1983 inest
1307 1948 1521 1997 ὀξύμωρον,
1548 1963 1631 1986 cum

900 1994 1033 2028 Celsus
1066 1999 1243 2039 quattuor
1275 2003 1455 2032 memoret
1479 2011 1631 2044 genera,

901 2041 1023 2075 calida
1058 2042 1216 2087 frigida,
1254 2045 1353 2078 sicca
1390 2046 1553 2080 humida.
1587 2067 1630 2071 —

899 2090 1105 2129 relinquere
1135 2091 1278 2133 posses]
1315 2092 1404 2130 „His
1438 2103 1460 2125 a
1493 2094 1631 2135 curis“‚

899 2134 1037 2178 inquit,
1066 2136 1121 2174 „si
1139 2137 1302 2170 liberare
1320 2141 1355 2171 te
1372 2150 1515 2182 posses,
1534 2140 1631 2174 nihil

900 2181 972 2214 iam
998 2185 1033 2214 te
1067 2182 1264 2226 impediret
1297 2196 1373 2228 quo
1399 2187 1524 2220 minus
1549 2196 1631 2222 cae-

902 2228 998 2260 lestis
1033 2229 1213 2271 (maxime
1248 2232 1424 2266 sublimia
1457 2245 1630 2279 quaeque

899 2276 1111 2318 appetentis
1128 2279 1341 2322 terramque
1368 2279 1628 2324 despicientis)

899 2321 1158 2366 philosophiae
1192 2326 1403 2370 praeceptis
1421 2328 1631 2363 -satisfac'e-

899 2379 959 2402 res
990 2372 1102 2413 atque
1137 2371 1451 2416 obtemperares.“
1479 2394 1521 2398 ——
1548 2378 1630 2409 Hoc

898 2415 1009 2459 opus]
1048 2419 1272 2462 sapientiae,
1311 2429 1400 2462 opus
1432 2422 1479 2455 ad
1513 2423 1629 2456 actio-

899 2473 995 2502 nem,
1019 2466 1181 2498 studium
1197 2466 1244 2499 ad
1270 2467 1433 2514 θεωρίαν
1451 2469 1627 2503 refertur.

898 2529 943 2533 —
966 2513 1137 2551 parvi-et
1163 2515 1291 2558 ampli]
1319 2527 1451 2557 „verae
1477 2517 1628 2560 sapien-

897 2556 971 2590 tiae
1009 2569 1079 2592 nos
1118 2561 1311 2595 tenuiores
1349 2574 1499 2606 operam
1537 2563 1627 2598 dare

897 2614 1016 2648 aeque
1041 2616 1239 2648 possumus
1264 2619 1308 2642 ac
1341 2609 1475 2643 divites
1501 2614 1538 2643 et
1562 2611 1627 2644 ho-

898 2651 1055 2685 norati.“
1093 2673 1134 2677 —
1169 2657 1426 2699 properemus]
1466 2656 1541 2690 Cfr.
1578 2657 1626 2691 ad

896 2696 990 2742 Epp.
1018 2701 1049 2740 1,
1075 2702 1107 2741 2,
1133 2703 1189 2735 61.
1218 2721 1259 2725 -
1293 2704 1526 2747 nobis-cari]
1550 2706 1626 2738 Sibi
