<?xml version="1.0" encoding="UTF-8"?>
<!DOCTYPE html PUBLIC "-//W3C//DTD XHTML 1.0 Transitional//EN"
    "http://www.w3.org/TR/xhtml1/DTD/xhtml1-transitional.dtd">
<html xmlns="http://www.w3.org/1999/xhtml" xml:lang="en" lang="en">
 <head>
  <title>
</title>
<meta http-equiv="Content-Type" content="text/html;charset=utf-8" />
  <meta name='ocr-system' content='tesseract 3.04.00' />
  <meta name='ocr-capabilities' content='ocr_page ocr_carea ocr_par ocr_line ocrx_word'/>
</head>
<body>
  <div class='ocr_page' id='page_1' title='image "./qhoratiusflaccus00horauoft_0073.png"; bbox 0 0 1786 2912; ppageno 0'>
   <div class='ocr_carea' id='block_1_1' title="bbox 0 993 5 1587">
    <p class='ocr_par' dir='ltr' id='par_1_1' title="bbox 0 993 5 1587">
     <span class='ocr_line' id='line_1_1' title="bbox 0 993 5 1587; baseline 0 0"><span class='ocrx_word' id='word_1_1' title='bbox 0 993 5 1587; x_wconf 95' lang='lat' dir='ltr'><strong> </strong></span> 
     </span>
    </p>
   </div>
   <div class='ocr_carea' id='block_1_2' title="bbox 0 1568 64 2912">
    <p class='ocr_par' dir='ltr' id='par_1_2' title="bbox 0 1568 64 2912">
     <span class='ocr_line' id='line_1_2' title="bbox 0 1568 64 2912; baseline 0 0"><span class='ocrx_word' id='word_1_2' title='bbox 0 1568 64 2912; x_wconf 95' lang='lat' dir='ltr'><strong> </strong></span> 
     </span>
    </p>
   </div>
   <div class='ocr_carea' id='block_1_3' title="bbox 694 131 1065 168">
    <p class='ocr_par' dir='ltr' id='par_1_3' title="bbox 694 131 1065 168">
     <span class='ocr_line' id='line_1_3' title="bbox 694 131 1065 168; baseline -0.005 0"><span class='ocrx_word' id='word_1_3' title='bbox 694 133 789 168; x_wconf 78' lang='lat' dir='ltr'><strong>LIB.</strong></span> <span class='ocrx_word' id='word_1_4' title='bbox 811 132 843 167; x_wconf 91' lang='lat'><strong>1.</strong></span> <span class='ocrx_word' id='word_1_5' title='bbox 890 131 995 167; x_wconf 71' lang='lat' dir='ltr'><strong>SAT.</strong></span> <span class='ocrx_word' id='word_1_6' title='bbox 1019 131 1065 166; x_wconf 76' lang='lat' dir='ltr'><strong>V.</strong></span> 
     </span>
    </p>
   </div>
   <div class='ocr_carea' id='block_1_4' title="bbox 1575 131 1632 172">
    <p class='ocr_par' dir='ltr' id='par_1_4' title="bbox 1575 131 1632 172">
     <span class='ocr_line' id='line_1_4' title="bbox 1575 131 1632 172; baseline 0 0"><span class='ocrx_word' id='word_1_7' title='bbox 1575 131 1632 172; x_wconf 88' lang='grc'><strong>65</strong></span> 
     </span>
    </p>
   </div>
   <div class='ocr_carea' id='block_1_5' title="bbox 239 235 1514 359">
    <p class='ocr_par' dir='ltr' id='par_1_5' title="bbox 239 235 1514 359">
     <span class='ocr_line' id='line_1_5' title="bbox 239 235 1514 290; baseline -0.005 -10"><span class='ocrx_word' id='word_1_8' title='bbox 239 236 386 290; x_wconf 73' lang='lat' dir='ltr'><strong>Musa,</strong></span> <span class='ocrx_word' id='word_1_9' title='bbox 415 235 545 279; x_wconf 80' lang='lat' dir='ltr'><strong>velim</strong></span> <span class='ocrx_word' id='word_1_10' title='bbox 574 247 807 287; x_wconf 80' lang='lat' dir='ltr'><strong>memores,</strong></span> <span class='ocrx_word' id='word_1_11' title='bbox 837 237 883 276; x_wconf 91' lang='lat' dir='ltr'><strong>et</strong></span> <span class='ocrx_word' id='word_1_12' title='bbox 912 246 996 289; x_wconf 92' lang='lat' dir='ltr'><strong>quo</strong></span> <span class='ocrx_word' id='word_1_13' title='bbox 1026 236 1149 288; x_wconf 86' lang='lat' dir='ltr'><strong>patre</strong></span> <span class='ocrx_word' id='word_1_14' title='bbox 1178 235 1305 274; x_wconf 84' lang='lat' dir='ltr'><strong>natus</strong></span> <span class='ocrx_word' id='word_1_15' title='bbox 1333 236 1514 288; x_wconf 86' lang='lat' dir='ltr'><strong>uterque</strong></span> 
     </span>
     <span class='ocr_line' id='line_1_6' title="bbox 242 302 1315 359; baseline -0.006 -9"><span class='ocrx_word' id='word_1_16' title='bbox 242 306 481 350; x_wconf 83' lang='lat' dir='ltr'><strong>Contulerit</strong></span> <span class='ocrx_word' id='word_1_17' title='bbox 510 306 622 349; x_wconf 85' lang='lat' dir='ltr'><strong>lites.</strong></span> <span class='ocrx_word' id='word_1_18' title='bbox 667 305 801 347; x_wconf 82' lang='lat' dir='ltr'><strong>Messi</strong></span> <span class='ocrx_word' id='word_1_19' title='bbox 832 305 993 347; x_wconf 88' lang='lat' dir='ltr'><strong>clarum</strong></span> <span class='ocrx_word' id='word_1_20' title='bbox 1021 317 1157 359; x_wconf 86' lang='lat' dir='ltr'><strong>genus</strong></span> <span class='ocrx_word' id='word_1_21' title='bbox 1190 302 1315 357; x_wconf 81' lang='lat' dir='ltr'><strong>Osci3</strong></span> 
     </span>
    </p>
   </div>
   <div class='ocr_carea' id='block_1_6' title="bbox 242 373 1414 421">
    <p class='ocr_par' dir='ltr' id='par_1_6' title="bbox 242 373 1414 421">
     <span class='ocr_line' id='line_1_7' title="bbox 242 373 1414 421; baseline -0.005 -1"><span class='ocrx_word' id='word_1_22' title='bbox 242 376 455 421; x_wconf 82' lang='lat' dir='ltr'><strong>Sarmenti</strong></span> <span class='ocrx_word' id='word_1_23' title='bbox 485 376 659 418; x_wconf 84' lang='lat' dir='ltr'><strong>domina</strong></span> <span class='ocrx_word' id='word_1_24' title='bbox 689 379 853 418; x_wconf 77' lang='lat' dir='ltr'><strong>exstat:</strong></span> <span class='ocrx_word' id='word_1_25' title='bbox 885 374 940 416; x_wconf 87' lang='lat' dir='ltr'><strong>ab</strong></span> <span class='ocrx_word' id='word_1_26' title='bbox 970 373 1037 415; x_wconf 90' lang='lat' dir='ltr'><strong>his</strong></span> <span class='ocrx_word' id='word_1_27' title='bbox 1068 373 1300 416; x_wconf 90' lang='lat' dir='ltr'><strong>maioribus</strong></span> <span class='ocrx_word' id='word_1_28' title='bbox 1332 373 1414 415; x_wconf 90' lang='lat' dir='ltr'><strong>orti</strong></span> 
     </span>
    </p>
   </div>
   <div class='ocr_carea' id='block_1_7' title="bbox 1575 373 1631 414">
    <p class='ocr_par' dir='ltr' id='par_1_7' title="bbox 1575 373 1631 414">
     <span class='ocr_line' id='line_1_8' title="bbox 1575 373 1631 414; baseline 0.018 -1"><span class='ocrx_word' id='word_1_29' title='bbox 1575 373 1631 414; x_wconf 86' lang='lat'><strong>55</strong></span> 
     </span>
    </p>
   </div>
   <div class='ocr_carea' id='block_1_8' title="bbox 239 443 1472 713">
    <p class='ocr_par' dir='ltr' id='par_1_8' title="bbox 239 443 1472 713">
     <span class='ocr_line' id='line_1_9' title="bbox 240 443 1424 504; baseline -0.004 -14"><span class='ocrx_word' id='word_1_30' title='bbox 240 447 311 490; x_wconf 86' lang='lat' dir='ltr'><strong>Ad</strong></span> <span class='ocrx_word' id='word_1_31' title='bbox 340 461 529 504; x_wconf 87' lang='lat' dir='ltr'><strong>pugnam</strong></span> <span class='ocrx_word' id='word_1_32' title='bbox 558 460 729 489; x_wconf 81' lang='lat' dir='ltr'><strong>venere.</strong></span> <span class='ocrx_word' id='word_1_33' title='bbox 775 445 900 488; x_wconf 88' lang='lat' dir='ltr'><strong>Prior</strong></span> <span class='ocrx_word' id='word_1_34' title='bbox 931 444 1205 487; x_wconf 75' lang='lat' dir='ltr'>Sarmentus:</span> <span class='ocrx_word' id='word_1_35' title='bbox 1235 443 1350 500; x_wconf 86' lang='lat' dir='ltr'>Equi</span> <span class='ocrx_word' id='word_1_36' title='bbox 1379 447 1424 486; x_wconf 86' lang='lat' dir='ltr'><strong>te</strong></span> 
     </span>
     <span class='ocr_line' id='line_1_10' title="bbox 239 515 1288 570; baseline -0.005 -9"><span class='ocrx_word' id='word_1_37' title='bbox 239 518 352 562; x_wconf 84' lang='lat' dir='ltr'><strong>Esse</strong></span> <span class='ocrx_word' id='word_1_38' title='bbox 382 517 463 560; x_wconf 84' lang='lat' dir='ltr'><strong>feri</strong></span> <span class='ocrx_word' id='word_1_39' title='bbox 494 518 678 560; x_wconf 85' lang='lat' dir='ltr'>similem</span> <span class='ocrx_word' id='word_1_40' title='bbox 709 517 818 558; x_wconf 86' lang='lat' dir='ltr'><strong>dico.</strong></span> <span class='ocrx_word' id='word_1_41' title='bbox 861 515 1090 565; x_wconf 80' lang='lat' dir='ltr'><strong>Ridemus,</strong></span> <span class='ocrx_word' id='word_1_42' title='bbox 1121 519 1165 557; x_wconf 88' lang='lat' dir='ltr'><strong>et</strong></span> <span class='ocrx_word' id='word_1_43' title='bbox 1194 515 1288 570; x_wconf 92' lang='lat' dir='ltr'><strong>ipse</strong></span> 
     </span>
     <span class='ocr_line' id='line_1_11' title="bbox 239 585 1441 644; baseline -0.005 -12"><span class='ocrx_word' id='word_1_44' title='bbox 239 589 424 632; x_wconf 79' lang='lat' dir='ltr'><strong>Messius</strong></span> <span class='ocrx_word' id='word_1_45' title='bbox 453 588 651 644; x_wconf 83' lang='lat' dir='ltr'>Accipio,</span> <span class='ocrx_word' id='word_1_46' title='bbox 683 591 811 644; x_wconf 85' lang='lat' dir='ltr'><strong>caput</strong></span> <span class='ocrx_word' id='word_1_47' title='bbox 840 591 884 630; x_wconf 87' lang='lat' dir='ltr'><strong>et</strong></span> <span class='ocrx_word' id='word_1_48' title='bbox 913 590 1069 628; x_wconf 80' lang='lat' dir='ltr'><strong>movet.</strong></span> <span class='ocrx_word' id='word_1_49' title='bbox 1116 585 1174 638; x_wconf 94' lang='lat' dir='ltr'><strong>O,</strong></span> <span class='ocrx_word' id='word_1_50' title='bbox 1205 590 1281 627; x_wconf 84' lang='lat' dir='ltr'><strong>tua</strong></span> <span class='ocrx_word' id='word_1_51' title='bbox 1310 598 1441 627; x_wconf 89' lang='lat' dir='ltr'><strong>cornu</strong></span> 
     </span>
     <span class='ocr_line' id='line_1_12' title="bbox 240 655 1472 713; baseline -0.004 -12"><span class='ocrx_word' id='word_1_52' title='bbox 240 659 296 701; x_wconf 79' lang='lat' dir='ltr'><strong>Ni</strong></span> <span class='ocrx_word' id='word_1_53' title='bbox 327 659 436 702; x_wconf 88' lang='lat' dir='ltr'><strong>foret</strong></span> <span class='ocrx_word' id='word_1_54' title='bbox 467 663 639 702; x_wconf 84' lang='lat' dir='ltr'><strong>exsecto</strong></span> <span class='ocrx_word' id='word_1_55' title='bbox 671 658 807 710; x_wconf 73' lang='lat' dir='ltr'><strong>frons,</strong></span> <span class='ocrx_word' id='word_1_56' title='bbox 839 657 997 713; x_wconf 90' lang='lat' dir='ltr'><strong>inquit,</strong></span> <span class='ocrx_word' id='word_1_57' title='bbox 1029 656 1131 712; x_wconf 86' lang='lat' dir='ltr'><strong>quid</strong></span> <span class='ocrx_word' id='word_1_58' title='bbox 1162 655 1344 709; x_wconf 87' lang='lat' dir='ltr'><strong>faceres,</strong></span> <span class='ocrx_word' id='word_1_59' title='bbox 1377 669 1472 697; x_wconf 90' lang='lat' dir='ltr'><strong>cum</strong></span> 
     </span>
    </p>
   </div>
   <div class='ocr_carea' id='block_1_9' title="bbox 242 726 1335 772">
    <p class='ocr_par' dir='ltr' id='par_1_9' title="bbox 242 726 1335 772">
     <span class='ocr_line' id='line_1_13' title="bbox 242 726 1335 772; baseline -0.004 0"><span class='ocrx_word' id='word_1_60' title='bbox 242 730 314 772; x_wconf 88' lang='lat' dir='ltr'><strong>Sic</strong></span> <span class='ocrx_word' id='word_1_61' title='bbox 343 730 519 772; x_wconf 87' lang='lat' dir='ltr'><strong>mutilus</strong></span> <span class='ocrx_word' id='word_1_62' title='bbox 549 729 790 771; x_wconf 82' lang='lat' dir='ltr'><strong>minitaris?</strong></span> <span class='ocrx_word' id='word_1_63' title='bbox 819 728 879 770; x_wconf 82' lang='lat' dir='ltr'><strong>At</strong></span> <span class='ocrx_word' id='word_1_64' title='bbox 908 727 971 769; x_wconf 86' lang='lat' dir='ltr'><strong>illi</strong></span> <span class='ocrx_word' id='word_1_65' title='bbox 1002 726 1128 769; x_wconf 85' lang='lat' dir='ltr'><strong>foeda</strong></span> <span class='ocrx_word' id='word_1_66' title='bbox 1158 727 1335 769; x_wconf 82' lang='lat' dir='ltr'><strong>cicatrix</strong></span> 
     </span>
    </p>
   </div>
   <div class='ocr_carea' id='block_1_10' title="bbox 240 798 1538 928">
    <p class='ocr_par' dir='ltr' id='par_1_10' title="bbox 240 798 1538 928">
     <span class='ocr_line' id='line_1_14' title="bbox 240 798 1195 855; baseline -0.005 -12"><span class='ocrx_word' id='word_1_67' title='bbox 240 800 436 843; x_wconf 82' lang='lat' dir='ltr'><strong>Setosam</strong></span> <span class='ocrx_word' id='word_1_68' title='bbox 466 801 577 843; x_wconf 84' lang='lat' dir='ltr'><strong>laevi</strong></span> <span class='ocrx_word' id='word_1_69' title='bbox 608 800 790 842; x_wconf 81' lang='lat' dir='ltr'><strong>frontem</strong></span> <span class='ocrx_word' id='word_1_70' title='bbox 819 804 1066 855; x_wconf 80' lang='lat' dir='ltr'>turpaverat</span> <span class='ocrx_word' id='word_1_71' title='bbox 1096 798 1195 839; x_wconf 91' lang='lat' dir='ltr'><strong>oris.</strong></span> 
     </span>
     <span class='ocr_line' id='line_1_15' title="bbox 241 868 1538 928; baseline -0.005 -14"><span class='ocrx_word' id='word_1_72' title='bbox 241 871 506 928; x_wconf 85' lang='lat' dir='ltr'><strong>Campanum</strong></span> <span class='ocrx_word' id='word_1_73' title='bbox 536 871 581 911; x_wconf 90' lang='lat' dir='ltr'><strong>in</strong></span> <span class='ocrx_word' id='word_1_74' title='bbox 611 871 823 922; x_wconf 88' lang='lat' dir='ltr'>morbum,</span> <span class='ocrx_word' id='word_1_75' title='bbox 855 870 900 911; x_wconf 92' lang='lat' dir='ltr'><strong>in</strong></span> <span class='ocrx_word' id='word_1_76' title='bbox 930 869 1082 911; x_wconf 83' lang='lat' dir='ltr'><strong>faciem</strong></span> <span class='ocrx_word' id='word_1_77' title='bbox 1113 868 1325 924; x_wconf 87' lang='lat' dir='ltr'><strong>permulta</strong></span> <span class='ocrx_word' id='word_1_78' title='bbox 1354 868 1538 920; x_wconf 88' lang='lat' dir='ltr'><strong>iocatus,</strong></span> 
     </span>
    </p>
   </div>
   <div class='ocr_carea' id='block_1_11' title="bbox 215 991 1582 1038">
    <p class='ocr_par' dir='ltr' id='par_1_11' title="bbox 215 991 1582 1038">
     <span class='ocr_line' id='line_1_16' title="bbox 215 991 1582 1038; baseline -0.003 -10"><span class='ocrx_word' id='word_1_79' title='bbox 215 996 273 1028; x_wconf 84' lang='lat'><strong>60.</strong></span> <span class='ocrx_word' id='word_1_80' title='bbox 296 995 475 1028; x_wconf 63' lang='lat' dir='ltr'><strong>”timeris</strong></span> <span class='ocrx_word' id='word_1_81' title='bbox 499 1005 557 1038; x_wconf 88' lang='lat' dir='ltr'><strong>pr.</strong></span> <span class='ocrx_word' id='word_1_82' title='bbox 581 993 625 1034; x_wconf 89' lang='lat' dir='ltr'><strong>d,</strong></span> <span class='ocrx_word' id='word_1_83' title='bbox 650 997 827 1038; x_wconf 84' lang='lat' dir='ltr'><strong>quattuor</strong></span> <span class='ocrx_word' id='word_1_84' title='bbox 852 993 1023 1027; x_wconf 86' lang='lat' dir='ltr'><strong>Pottierii</strong></span> <span class='ocrx_word' id='word_1_85' title='bbox 1050 993 1091 1035; x_wconf 78' lang='lat'><strong>7,</strong></span> <span class='ocrx_word' id='word_1_86' title='bbox 1117 995 1173 1034; x_wconf 86' lang='lat'><strong>11,</strong></span> <span class='ocrx_word' id='word_1_87' title='bbox 1200 993 1256 1034; x_wconf 88' lang='lat'><strong>18,</strong></span> <span class='ocrx_word' id='word_1_88' title='bbox 1282 993 1339 1025; x_wconf 78' lang='lat'><strong>22.</strong></span> <span class='ocrx_word' id='word_1_89' title='bbox 1366 995 1404 1025; x_wconf 88' lang='lat' dir='ltr'><strong>et</strong></span> <span class='ocrx_word' id='word_1_90' title='bbox 1427 1001 1474 1025; x_wconf 88' lang='lat' dir='ltr'><strong>ex</strong></span> <span class='ocrx_word' id='word_1_91' title='bbox 1497 991 1582 1024; x_wconf 89' lang='lat' dir='ltr'><strong>aliis</strong></span> 
     </span>
    </p>
   </div>
   <div class='ocr_carea' id='block_1_12' title="bbox 166 1041 372 1076">
    <p class='ocr_par' dir='ltr' id='par_1_12' title="bbox 166 1041 372 1076">
     <span class='ocr_line' id='line_1_17' title="bbox 166 1041 372 1076; baseline 0.005 -2"><span class='ocrx_word' id='word_1_92' title='bbox 166 1041 372 1076; x_wconf 84' lang='lat' dir='ltr'><strong>Bentleius.</strong></span> 
     </span>
    </p>
   </div>
   <div class='ocr_carea' id='block_1_13' title="bbox 78 1139 850 2544">
    <p class='ocr_par' dir='ltr' id='par_1_13' title="bbox 78 1139 850 2544">
     <span class='ocr_line' id='line_1_18' title="bbox 118 1139 850 1185; baseline -0.003 -10"><span class='ocrx_word' id='word_1_93' title='bbox 118 1140 336 1177; x_wconf 72' lang='lat' dir='ltr'><strong>manumisit</strong></span> <span class='ocrx_word' id='word_1_94' title='bbox 371 1143 409 1174; x_wconf 85' lang='lat' dir='ltr'><strong>et</strong></span> <span class='ocrx_word' id='word_1_95' title='bbox 441 1140 601 1185; x_wconf 80' lang='lat' dir='ltr'><strong>scribam</strong></span> <span class='ocrx_word' id='word_1_96' title='bbox 634 1140 735 1174; x_wconf 81' lang='lat' dir='ltr'><strong>fecit.</strong></span> <span class='ocrx_word' id='word_1_97' title='bbox 783 1139 850 1173; x_wconf 85' lang='lat' dir='ltr'><strong>Di·</strong></span> 
     </span>
     <span class='ocr_line' id='line_1_19' title="bbox 120 1186 849 1233; baseline -0.001 -11"><span class='ocrx_word' id='word_1_98' title='bbox 120 1187 370 1233; x_wconf 71' lang='lat' dir='ltr'><strong>sfinguendus</strong></span> <span class='ocrx_word' id='word_1_99' title='bbox 401 1187 462 1221; x_wconf 92' lang='grc'><strong>1110</strong></span> <span class='ocrx_word' id='word_1_100' title='bbox 492 1186 640 1221; x_wconf 79' lang='lat' dir='ltr'><strong>videtur</strong></span> <span class='ocrx_word' id='word_1_101' title='bbox 665 1199 688 1221; x_wconf 86' lang='lat' dir='ltr'><strong>a</strong></span> <span class='ocrx_word' id='word_1_102' title='bbox 713 1197 849 1232; x_wconf 86' lang='lat' dir='ltr'><strong>cogno·</strong></span> 
     </span>
     <span class='ocr_line' id='line_1_20' title="bbox 119 1233 848 1279; baseline -0.001 -10"><span class='ocrx_word' id='word_1_103' title='bbox 119 1234 223 1269; x_wconf 81' lang='lat' dir='ltr'><strong>mine</strong></span> <span class='ocrx_word' id='word_1_104' title='bbox 263 1233 455 1269; x_wconf 73' lang='lat' dir='ltr'><strong>Octaviani</strong></span> <span class='ocrx_word' id='word_1_105' title='bbox 505 1245 623 1279; x_wconf 90' lang='lat' dir='ltr'><strong>puero</strong></span> <span class='ocrx_word' id='word_1_106' title='bbox 673 1234 848 1268; x_wconf 83' lang='lat' dir='ltr'><strong>delicato.</strong></span> 
     </span>
     <span class='ocr_line' id='line_1_21' title="bbox 118 1281 847 1323; baseline 0 -9"><span class='ocrx_word' id='word_1_107' title='bbox 118 1281 220 1317; x_wconf 85' lang='lat' dir='ltr'><strong>Plut.</strong></span> <span class='ocrx_word' id='word_1_108' title='bbox 251 1281 340 1315; x_wconf 75' lang='lat' dir='ltr'><strong>Ant.</strong></span> <span class='ocrx_word' id='word_1_109' title='bbox 372 1284 430 1316; x_wconf 80' lang='lat'><strong>59.</strong></span> <span class='ocrx_word' id='word_1_110' title='bbox 464 1282 520 1323; x_wconf 81' lang='lat' dir='ltr'><strong>(a.</strong></span> <span class='ocrx_word' id='word_1_111' title='bbox 553 1293 589 1314; x_wconf 91' lang='lat' dir='ltr'><strong>u.</strong></span> <span class='ocrx_word' id='word_1_112' title='bbox 624 1292 654 1315; x_wconf 93' lang='grc'><strong>0.</strong></span> <span class='ocrx_word' id='word_1_113' title='bbox 681 1282 777 1322; x_wconf 80' lang='grc'><strong>721.)</strong></span> <span class='ocrx_word' id='word_1_114' title='bbox 803 1300 847 1305; x_wconf 84' lang='lat'>-</span> 
     </span>
     <span class='ocr_line' id='line_1_22' title="bbox 118 1327 848 1371; baseline -0.003 -7"><span class='ocrx_word' id='word_1_115' title='bbox 118 1330 299 1369; x_wconf 60' lang='lat' dir='ltr'><strong>Messique</strong></span> <span class='ocrx_word' id='word_1_116' title='bbox 324 1327 499 1371; x_wconf 60' lang='lat' dir='ltr'><strong>cicinni]</strong></span> <span class='ocrx_word' id='word_1_117' title='bbox 525 1339 677 1362; x_wconf 88' lang='lat' dir='ltr'><strong>scurrae</strong></span> <span class='ocrx_word' id='word_1_118' title='bbox 704 1332 848 1362; x_wconf 87' lang='lat' dir='ltr'><strong>cetero-</strong></span> 
     </span>
     <span class='ocr_line' id='line_1_23' title="bbox 121 1375 850 1420; baseline -0.003 -10"><span class='ocrx_word' id='word_1_119' title='bbox 121 1375 216 1420; x_wconf 78' lang='lat' dir='ltr'><strong>quin</strong></span> <span class='ocrx_word' id='word_1_120' title='bbox 238 1376 371 1420; x_wconf 81' lang='lat' dir='ltr'><strong>ignoti.</strong></span> <span class='ocrx_word' id='word_1_121' title='bbox 396 1375 540 1408; x_wconf 81' lang='lat' dir='ltr'>Nomen</span> <span class='ocrx_word' id='word_1_122' title='bbox 557 1375 711 1409; x_wconf 86' lang='lat' dir='ltr'><strong>ridiculi</strong></span> <span class='ocrx_word' id='word_1_123' title='bbox 737 1386 850 1409; x_wconf 83' lang='lat' dir='ltr'><strong>causa</strong></span> 
     </span>
     <span class='ocr_line' id='line_1_24' title="bbox 119 1421 847 1466; baseline -0.003 -10"><span class='ocrx_word' id='word_1_124' title='bbox 119 1421 300 1464; x_wconf 75' lang='lat' dir='ltr'><strong>inditum,</strong></span> <span class='ocrx_word' id='word_1_125' title='bbox 333 1422 434 1466; x_wconf 89' lang='lat' dir='ltr'><strong>quod</strong></span> <span class='ocrx_word' id='word_1_126' title='bbox 457 1423 601 1462; x_wconf 75' lang='lat' dir='ltr'><strong>sianum</strong></span> <span class='ocrx_word' id='word_1_127' title='bbox 633 1422 847 1464; x_wconf 64' lang='lat' dir='ltr'><strong>(soor-iqua,</strong></span> 
     </span>
     <span class='ocr_line' id='line_1_25' title="bbox 122 1469 848 1513; baseline 0.001 -11"><span class='ocrx_word' id='word_1_128' title='bbox 122 1469 362 1512; x_wconf 72' lang='lat' dir='ltr'><strong>Uebmame)</strong></span> <span class='ocrx_word' id='word_1_129' title='bbox 421 1472 555 1502; x_wconf 85' lang='lat' dir='ltr'><strong>vocant</strong></span> <span class='ocrx_word' id='word_1_130' title='bbox 607 1470 848 1513; x_wconf 82' lang='lat' dir='ltr'><strong>posteriores,</strong></span> 
     </span>
     <span class='ocr_line' id='line_1_26' title="bbox 119 1512 849 1562; baseline 0 -12"><span class='ocrx_word' id='word_1_131' title='bbox 119 1517 178 1550; x_wconf 74' lang='lat' dir='ltr'><strong>oet</strong></span> <span class='ocrx_word' id='word_1_132' title='bbox 192 1512 384 1562; x_wconf 76' lang='grc' dir='ltr'><strong>Κίκιρῥος,</strong></span> <span class='ocrx_word' id='word_1_133' title='bbox 405 1512 621 1562; x_wconf 76' lang='grc' dir='ltr'><em>ἀλεκτρυών</em></span> <span class='ocrx_word' id='word_1_134' title='bbox 643 1516 849 1560; x_wconf 79' lang='lat' dir='ltr'><strong>(Hesych.),</strong></span> 
     </span>
     <span class='ocr_line' id='line_1_27' title="bbox 118 1563 847 1606; baseline -0.001 -9"><span class='ocrx_word' id='word_1_135' title='bbox 118 1564 183 1597; x_wconf 76' lang='lat' dir='ltr'><strong>der</strong></span> <span class='ocrx_word' id='word_1_136' title='bbox 205 1563 417 1597; x_wconf 69' lang='lat' dir='ltr'><strong>Gacmlm.</strong></span> <span class='ocrx_word' id='word_1_137' title='bbox 435 1581 478 1586; x_wconf 91' lang='lat'><strong>—-</strong></span> <span class='ocrx_word' id='word_1_138' title='bbox 498 1571 571 1603; x_wconf 75' lang='lat' dir='ltr'><strong>quo</strong></span> <span class='ocrx_word' id='word_1_139' title='bbox 591 1566 700 1604; x_wconf 75' lang='lat' dir='ltr'><strong>patre</strong></span> <span class='ocrx_word' id='word_1_140' title='bbox 724 1563 847 1606; x_wconf 69' lang='lat' dir='ltr'><strong>umus]</strong></span> 
     </span>
     <span class='ocr_line' id='line_1_28' title="bbox 116 1607 847 1654; baseline -0.001 -10"><span class='ocrx_word' id='word_1_141' title='bbox 116 1607 168 1644; x_wconf 75' lang='lat' dir='ltr'><strong>Ut</strong></span> <span class='ocrx_word' id='word_1_142' title='bbox 194 1609 395 1644; x_wconf 75' lang='lat' dir='ltr'><strong>Horatium</strong></span> <span class='ocrx_word' id='word_1_143' title='bbox 426 1610 631 1654; x_wconf 73' lang='lat' dir='ltr'><strong>carpebant</strong></span> <span class='ocrx_word' id='word_1_144' title='bbox 662 1610 847 1652; x_wconf 74' lang='lat' dir='ltr'><strong>malevoli,</strong></span> 
     </span>
     <span class='ocr_line' id='line_1_29' title="bbox 117 1657 847 1700; baseline 0.001 -10"><span class='ocrx_word' id='word_1_145' title='bbox 117 1657 220 1700; x_wconf 78' lang='lat' dir='ltr'><strong>quod</strong></span> <span class='ocrx_word' id='word_1_146' title='bbox 254 1657 421 1691; x_wconf 70' lang='lat' dir='ltr'><strong>libertino</strong></span> <span class='ocrx_word' id='word_1_147' title='bbox 450 1659 558 1698; x_wconf 78' lang='lat' dir='ltr'><strong>patre</strong></span> <span class='ocrx_word' id='word_1_148' title='bbox 591 1660 702 1690; x_wconf 72' lang='lat' dir='ltr'><strong>natus</strong></span> <span class='ocrx_word' id='word_1_149' title='bbox 735 1660 847 1699; x_wconf 89' lang='lat' dir='ltr'><strong>esset,</strong></span> 
     </span>
     <span class='ocr_line' id='line_1_30' title="bbox 118 1703 847 1748; baseline 0.001 -11"><span class='ocrx_word' id='word_1_150' title='bbox 118 1703 174 1737; x_wconf 84' lang='lat' dir='ltr'><strong>sio</strong></span> <span class='ocrx_word' id='word_1_151' title='bbox 202 1704 309 1748; x_wconf 82' lang='lat' dir='ltr'><strong>ipse,</strong></span> <span class='ocrx_word' id='word_1_152' title='bbox 340 1704 406 1738; x_wconf 87' lang='lat' dir='ltr'><strong>sed</strong></span> <span class='ocrx_word' id='word_1_153' title='bbox 438 1704 550 1748; x_wconf 85' lang='lat' dir='ltr'><strong>longe</strong></span> <span class='ocrx_word' id='word_1_154' title='bbox 583 1704 709 1738; x_wconf 90' lang='lat' dir='ltr'><strong>minus</strong></span> <span class='ocrx_word' id='word_1_155' title='bbox 740 1704 847 1738; x_wconf 85' lang='lat' dir='ltr'><strong>mali-</strong></span> 
     </span>
     <span class='ocr_line' id='line_1_31' title="bbox 115 1750 846 1795; baseline 0.001 -11"><span class='ocrx_word' id='word_1_156' title='bbox 115 1750 230 1791; x_wconf 74' lang='lat' dir='ltr'><strong>tiose,</strong></span> <span class='ocrx_word' id='word_1_157' title='bbox 266 1751 402 1785; x_wconf 88' lang='lat' dir='ltr'><strong>horum</strong></span> <span class='ocrx_word' id='word_1_158' title='bbox 438 1761 654 1785; x_wconf 86' lang='lat' dir='ltr'><strong>scurrarum</strong></span> <span class='ocrx_word' id='word_1_159' title='bbox 692 1752 846 1795; x_wconf 81' lang='lat' dir='ltr'><strong>stirpem</strong></span> 
     </span>
     <span class='ocr_line' id='line_1_32' title="bbox 115 1796 845 1843; baseline 0.001 -12"><span class='ocrx_word' id='word_1_160' title='bbox 115 1796 225 1839; x_wconf 85' lang='lat' dir='ltr'><strong>ridet,</strong></span> <span class='ocrx_word' id='word_1_161' title='bbox 242 1798 423 1832; x_wconf 84' lang='lat' dir='ltr'><strong>simulans</strong></span> <span class='ocrx_word' id='word_1_162' title='bbox 436 1809 488 1839; x_wconf 91' lang='lat' dir='ltr'><strong>se,</strong></span> <span class='ocrx_word' id='word_1_163' title='bbox 501 1801 703 1843; x_wconf 86' lang='lat' dir='ltr'><strong>antequam</strong></span> <span class='ocrx_word' id='word_1_164' title='bbox 716 1810 845 1832; x_wconf 89' lang='lat' dir='ltr'><strong>eorum</strong></span> 
     </span>
     <span class='ocr_line' id='line_1_33' title="bbox 116 1846 843 1889; baseline 0 -11"><span class='ocrx_word' id='word_1_165' title='bbox 116 1846 305 1879; x_wconf 71' lang='lat' dir='ltr'><strong>certamen</strong></span> <span class='ocrx_word' id='word_1_166' title='bbox 321 1847 462 1887; x_wconf 79' lang='lat' dir='ltr'><strong>narret,</strong></span> <span class='ocrx_word' id='word_1_167' title='bbox 478 1848 669 1889; x_wconf 87' lang='lat' dir='ltr'><strong>tamquam</strong></span> <span class='ocrx_word' id='word_1_168' title='bbox 686 1846 843 1880; x_wconf 89' lang='lat' dir='ltr'><strong>heroum</strong></span> 
     </span>
     <span class='ocr_line' id='line_1_34' title="bbox 115 1889 844 1938; baseline 0.001 -13"><span class='ocrx_word' id='word_1_169' title='bbox 115 1889 304 1938; x_wconf 80' lang='lat' dir='ltr'><strong>illustrem</strong></span> <span class='ocrx_word' id='word_1_170' title='bbox 351 1893 607 1936; x_wconf 83' lang='lat' dir='ltr'><strong>„prosapiam“</strong></span> <span class='ocrx_word' id='word_1_171' title='bbox 655 1894 844 1937; x_wconf 86' lang='lat' dir='ltr'><strong>expositu-</strong></span> 
     </span>
     <span class='ocr_line' id='line_1_35' title="bbox 114 1939 844 1983; baseline 0.003 -12"><span class='ocrx_word' id='word_1_172' title='bbox 114 1939 233 1972; x_wconf 83' lang='lat' dir='ltr'><strong>rum.“</strong></span> <span class='ocrx_word' id='word_1_173' title='bbox 250 1958 292 1962; x_wconf 97' lang='lat'><strong>—</strong></span> <span class='ocrx_word' id='word_1_174' title='bbox 308 1939 404 1982; x_wconf 72' lang='lat' dir='ltr'><strong>Osci]</strong></span> <span class='ocrx_word' id='word_1_175' title='bbox 420 1939 601 1973; x_wconf 80' lang='lat' dir='ltr'><strong>nominat.</strong></span> <span class='ocrx_word' id='word_1_176' title='bbox 613 1940 712 1983; x_wconf 85' lang='lat' dir='ltr'><strong>plur.</strong></span> <span class='ocrx_word' id='word_1_177' title='bbox 725 1939 844 1973; x_wconf 79' lang='lat' dir='ltr'><strong>Munk</strong></span> 
     </span>
     <span class='ocr_line' id='line_1_36' title="bbox 116 1983 843 2030; baseline 0.004 -12"><span class='ocrx_word' id='word_1_178' title='bbox 116 1983 163 2018; x_wconf 86' lang='lat' dir='ltr'><strong>de</strong></span> <span class='ocrx_word' id='word_1_179' title='bbox 193 1985 378 2019; x_wconf 80' lang='lat' dir='ltr'><strong>Atellanis</strong></span> <span class='ocrx_word' id='word_1_180' title='bbox 410 1997 445 2030; x_wconf 89' lang='lat' dir='ltr'><strong>p.</strong></span> <span class='ocrx_word' id='word_1_181' title='bbox 480 1988 548 2020; x_wconf 84' lang='lat'><strong>28:</strong></span> <span class='ocrx_word' id='word_1_182' title='bbox 591 1986 730 2028; x_wconf 87' lang='lat' dir='ltr'><strong>„Erant</strong></span> <span class='ocrx_word' id='word_1_183' title='bbox 755 1986 843 2021; x_wconf 91' lang='lat' dir='ltr'><strong>Osci</strong></span> 
     </span>
     <span class='ocr_line' id='line_1_37' title="bbox 115 2032 844 2078; baseline 0.003 -13"><span class='ocrx_word' id='word_1_184' title='bbox 115 2032 215 2075; x_wconf 78' lang='lat' dir='ltr'><strong>apud</strong></span> <span class='ocrx_word' id='word_1_185' title='bbox 238 2035 384 2067; x_wconf 79' lang='lat' dir='ltr'><strong>veteres</strong></span> <span class='ocrx_word' id='word_1_186' title='bbox 415 2033 512 2066; x_wconf 84' lang='lat' dir='ltr'><strong>male</strong></span> <span class='ocrx_word' id='word_1_187' title='bbox 544 2034 626 2067; x_wconf 86' lang='lat' dir='ltr'><strong>noti</strong></span> <span class='ocrx_word' id='word_1_188' title='bbox 650 2034 698 2067; x_wconf 90' lang='lat' dir='ltr'><strong>ob</strong></span> <span class='ocrx_word' id='word_1_189' title='bbox 722 2035 844 2078; x_wconf 90' lang='lat' dir='ltr'><strong>impu-</strong></span> 
     </span>
     <span class='ocr_line' id='line_1_38' title="bbox 116 2077 843 2123; baseline 0.004 -12"><span class='ocrx_word' id='word_1_190' title='bbox 116 2077 293 2121; x_wconf 80' lang='lat' dir='ltr'><strong>dicitiam,</strong></span> <span class='ocrx_word' id='word_1_191' title='bbox 316 2079 446 2123; x_wconf 84' lang='lat' dir='ltr'><strong>itaque</strong></span> <span class='ocrx_word' id='word_1_192' title='bbox 471 2079 651 2113; x_wconf 84' lang='lat' dir='ltr'><strong>Romanis</strong></span> <span class='ocrx_word' id='word_1_193' title='bbox 678 2084 843 2114; x_wconf 83' lang='lat' dir='ltr'><strong>contem-</strong></span> 
     </span>
     <span class='ocr_line' id='line_1_39' title="bbox 115 2125 843 2171; baseline 0.007 -14"><span class='ocrx_word' id='word_1_194' title='bbox 115 2125 200 2168; x_wconf 84' lang='lat' dir='ltr'><strong>ptui</strong></span> <span class='ocrx_word' id='word_1_195' title='bbox 224 2129 342 2167; x_wconf 82' lang='lat' dir='ltr'><strong>erant,</strong></span> <span class='ocrx_word' id='word_1_196' title='bbox 368 2129 404 2159; x_wconf 86' lang='lat' dir='ltr'><strong>et</strong></span> <span class='ocrx_word' id='word_1_197' title='bbox 428 2125 581 2169; x_wconf 85' lang='lat' dir='ltr'><strong>Opicam</strong></span> <span class='ocrx_word' id='word_1_198' title='bbox 605 2131 754 2171; x_wconf 86' lang='lat' dir='ltr'>gentem</span> <span class='ocrx_word' id='word_1_199' title='bbox 778 2139 843 2171; x_wconf 83' lang='lat' dir='ltr'><strong>po·</strong></span> 
     </span>
     <span class='ocr_line' id='line_1_40' title="bbox 116 2171 844 2216; baseline 0.005 -12"><span class='ocrx_word' id='word_1_200' title='bbox 116 2174 198 2206; x_wconf 75' lang='lat' dir='ltr'><strong>stea</strong></span> <span class='ocrx_word' id='word_1_201' title='bbox 218 2172 318 2206; x_wconf 89' lang='lat' dir='ltr'><strong>inter</strong></span> <span class='ocrx_word' id='word_1_202' title='bbox 341 2171 530 2206; x_wconf 84' lang='lat' dir='ltr'><strong>Romanos</strong></span> <span class='ocrx_word' id='word_1_203' title='bbox 554 2178 743 2216; x_wconf 74' lang='lat' dir='ltr'><strong>receptam</strong></span> <span class='ocrx_word' id='word_1_204' title='bbox 761 2175 844 2208; x_wconf 87' lang='lat' dir='ltr'><strong>bar-</strong></span> 
     </span>
     <span class='ocr_line' id='line_1_41' title="bbox 115 2217 843 2264; baseline 0.003 -12"><span class='ocrx_word' id='word_1_205' title='bbox 115 2217 207 2252; x_wconf 79' lang='lat' dir='ltr'><strong>bara</strong></span> <span class='ocrx_word' id='word_1_206' title='bbox 231 2229 302 2253; x_wconf 84' lang='lat' dir='ltr'><strong>sua</strong></span> <span class='ocrx_word' id='word_1_207' title='bbox 324 2219 455 2264; x_wconf 86' lang='lat' dir='ltr'><strong>lingua</strong></span> <span class='ocrx_word' id='word_1_208' title='bbox 475 2219 713 2264; x_wconf 67' lang='lat' dir='ltr'><strong>dissonisque</strong></span> <span class='ocrx_word' id='word_1_209' title='bbox 731 2222 843 2254; x_wconf 90' lang='lat' dir='ltr'><strong>mori-</strong></span> 
     </span>
     <span class='ocr_line' id='line_1_42' title="bbox 115 2265 844 2310; baseline 0.003 -11"><span class='ocrx_word' id='word_1_210' title='bbox 115 2265 186 2299; x_wconf 87' lang='lat' dir='ltr'><strong>bus</strong></span> <span class='ocrx_word' id='word_1_211' title='bbox 210 2266 329 2300; x_wconf 84' lang='lat' dir='ltr'><strong>multa</strong></span> <span class='ocrx_word' id='word_1_212' title='bbox 351 2266 398 2300; x_wconf 92' lang='lat' dir='ltr'><strong>de</strong></span> <span class='ocrx_word' id='word_1_213' title='bbox 430 2266 557 2310; x_wconf 86' lang='lat' dir='ltr'><strong>prisca</strong></span> <span class='ocrx_word' id='word_1_214' title='bbox 585 2267 653 2300; x_wconf 88' lang='lat' dir='ltr'><strong>illa</strong></span> <span class='ocrx_word' id='word_1_215' title='bbox 677 2269 714 2301; x_wconf 91' lang='grc'><strong>01</strong></span> <span class='ocrx_word' id='word_1_216' title='bbox 736 2278 844 2310; x_wconf 88' lang='lat' dir='ltr'><strong>prae-</strong></span> 
     </span>
     <span class='ocr_line' id='line_1_43' title="bbox 78 2312 843 2357; baseline 0.004 -12"><span class='ocrx_word' id='word_1_217' title='bbox 78 2333 82 2335; x_wconf 64' lang='grc'><strong>»</strong></span> <span class='ocrx_word' id='word_1_218' title='bbox 115 2312 219 2346; x_wconf 83' lang='lat' dir='ltr'><strong>clara</strong></span> <span class='ocrx_word' id='word_1_219' title='bbox 257 2313 312 2346; x_wconf 90' lang='lat' dir='ltr'><strong>rei</strong></span> <span class='ocrx_word' id='word_1_220' title='bbox 353 2313 527 2356; x_wconf 82' lang='lat' dir='ltr'><strong>publicae</strong></span> <span class='ocrx_word' id='word_1_221' title='bbox 564 2313 767 2357; x_wconf 75' lang='lat' dir='ltr'><strong>disciplina</strong></span> <span class='ocrx_word' id='word_1_222' title='bbox 803 2316 843 2348; x_wconf 89' lang='lat' dir='ltr'><strong>in</strong></span> 
     </span>
     <span class='ocr_line' id='line_1_44' title="bbox 113 2359 844 2405; baseline 0.004 -13"><span class='ocrx_word' id='word_1_223' title='bbox 113 2359 223 2402; x_wconf 88' lang='lat' dir='ltr'><strong>peius</strong></span> <span class='ocrx_word' id='word_1_224' title='bbox 247 2360 460 2402; x_wconf 76' lang='lat' dir='ltr'><strong>innovasse,</strong></span> <span class='ocrx_word' id='word_1_225' title='bbox 485 2361 563 2393; x_wconf 81' lang='lat' dir='ltr'><strong>veri</strong></span> <span class='ocrx_word' id='word_1_226' title='bbox 589 2360 710 2394; x_wconf 86' lang='lat' dir='ltr'><strong>simile</strong></span> <span class='ocrx_word' id='word_1_227' title='bbox 735 2365 844 2405; x_wconf 84' lang='lat' dir='ltr'><strong>putat</strong></span> 
     </span>
     <span class='ocr_line' id='line_1_45' title="bbox 111 2405 845 2451; baseline 0.003 -11"><span class='ocrx_word' id='word_1_228' title='bbox 111 2405 320 2451; x_wconf 83' lang='lat' dir='ltr'><strong>Dionysius</strong></span> <span class='ocrx_word' id='word_1_229' title='bbox 343 2407 465 2441; x_wconf 82' lang='lat' dir='ltr'><strong>Halic.</strong></span> <span class='ocrx_word' id='word_1_230' title='bbox 491 2410 523 2449; x_wconf 89' lang='lat'><strong>1,</strong></span> <span class='ocrx_word' id='word_1_231' title='bbox 548 2409 605 2440; x_wconf 83' lang='lat'><strong>89.</strong></span> <span class='ocrx_word' id='word_1_232' title='bbox 642 2408 845 2442; x_wconf 86' lang='lat' dir='ltr'><strong>Praeterea</strong></span> 
     </span>
     <span class='ocr_line' id='line_1_46' title="bbox 113 2452 842 2500; baseline 0.004 -14"><span class='ocrx_word' id='word_1_233' title='bbox 113 2452 203 2487; x_wconf 86' lang='lat' dir='ltr'><strong>Osci</strong></span> <span class='ocrx_word' id='word_1_234' title='bbox 244 2454 475 2488; x_wconf 80' lang='lat' dir='ltr'><strong>scurrilitate</strong></span> <span class='ocrx_word' id='word_1_235' title='bbox 516 2455 625 2488; x_wconf 83' lang='lat' dir='ltr'><strong>etiam</strong></span> <span class='ocrx_word' id='word_1_236' title='bbox 674 2455 842 2500; x_wconf 87' lang='lat' dir='ltr'><strong>insignes</strong></span> 
     </span>
     <span class='ocr_line' id='line_1_47' title="bbox 112 2500 843 2544; baseline 0.003 -10"><span class='ocrx_word' id='word_1_237' title='bbox 112 2500 274 2544; x_wconf 86' lang='lat' dir='ltr'><strong>ideoque</strong></span> <span class='ocrx_word' id='word_1_238' title='bbox 298 2500 475 2535; x_wconf 81' lang='lat' dir='ltr'><strong>Romanis</strong></span> <span class='ocrx_word' id='word_1_239' title='bbox 501 2501 631 2535; x_wconf 89' lang='lat' dir='ltr'><strong>irrisui</strong></span> <span class='ocrx_word' id='word_1_240' title='bbox 656 2505 774 2544; x_wconf 85' lang='lat' dir='ltr'><strong>erant,</strong></span> <span class='ocrx_word' id='word_1_241' title='bbox 800 2507 843 2536; x_wconf 89' lang='lat' dir='ltr'><strong>ut</strong></span> 
     </span>
    </p>
   </div>
   <div class='ocr_carea' id='block_1_14' title="bbox 41 2547 843 2591">
    <p class='ocr_par' dir='ltr' id='par_1_14' title="bbox 41 2547 843 2591">
     <span class='ocr_line' id='line_1_48' title="bbox 41 2547 843 2591; baseline 0.004 -11"><span class='ocrx_word' id='word_1_242' title='bbox 41 2558 48 2585; x_wconf 74' lang='grc'><strong>,·</strong></span> <span class='ocrx_word' id='word_1_243' title='bbox 112 2547 150 2580; x_wconf 78' lang='lat' dir='ltr'><strong>h.</strong></span> <span class='ocrx_word' id='word_1_244' title='bbox 174 2547 222 2580; x_wconf 75' lang='lat' dir='ltr'><strong>l.·⁶</strong></span> <span class='ocrx_word' id='word_1_245' title='bbox 237 2549 443 2581; x_wconf 77' lang='lat' dir='ltr'><strong>—domina</strong></span> <span class='ocrx_word' id='word_1_246' title='bbox 468 2549 606 2591; x_wconf 71' lang='lat' dir='ltr'><strong>exstat]</strong></span> <span class='ocrx_word' id='word_1_247' title='bbox 633 2548 702 2591; x_wconf 57' lang='lat' dir='ltr'><strong>„M</strong></span> <span class='ocrx_word' id='word_1_248' title='bbox 728 2549 843 2583; x_wconf 81' lang='lat' dir='ltr'><strong>Favo-</strong></span> 
     </span>
    </p>
   </div>
   <div class='ocr_carea' id='block_1_15' title="bbox 112 2593 843 2639">
    <p class='ocr_par' dir='ltr' id='par_1_15' title="bbox 112 2593 843 2639">
     <span class='ocr_line' id='line_1_49' title="bbox 112 2593 843 2639; baseline 0.004 -12"><span class='ocrx_word' id='word_1_249' title='bbox 112 2593 172 2628; x_wconf 87' lang='lat' dir='ltr'><strong>nii</strong></span> <span class='ocrx_word' id='word_1_250' title='bbox 193 2593 306 2628; x_wconf 79' lang='lat' dir='ltr'><strong>vidua</strong></span> <span class='ocrx_word' id='word_1_251' title='bbox 321 2594 414 2628; x_wconf 77' lang='lat' dir='ltr'><strong>vivit</strong></span> <span class='ocrx_word' id='word_1_252' title='bbox 429 2595 552 2629; x_wconf 86' lang='lat' dir='ltr'><strong>adhuc</strong></span> <span class='ocrx_word' id='word_1_253' title='bbox 577 2595 747 2639; x_wconf 84' lang='lat' dir='ltr'><strong>adeoque</strong></span> <span class='ocrx_word' id='word_1_254' title='bbox 765 2607 843 2630; x_wconf 88' lang='lat' dir='ltr'><strong>ser-</strong></span> 
     </span>
    </p>
   </div>
   <div class='ocr_carea' id='block_1_16' title="bbox 48 2641 842 2686">
    <p class='ocr_par' dir='ltr' id='par_1_16' title="bbox 48 2641 842 2686">
     <span class='ocr_line' id='line_1_50' title="bbox 48 2641 842 2686; baseline 0.003 -12"><span class='ocrx_word' id='word_1_255' title='bbox 48 2644 58 2649; x_wconf 71' lang='lat'><em>*</em></span> <span class='ocrx_word' id='word_1_256' title='bbox 113 2650 183 2675; x_wconf 77' lang='lat' dir='ltr'><strong>vus</strong></span> <span class='ocrx_word' id='word_1_257' title='bbox 209 2643 266 2674; x_wconf 91' lang='lat' dir='ltr'><strong>est</strong></span> <span class='ocrx_word' id='word_1_258' title='bbox 298 2651 342 2675; x_wconf 90' lang='lat' dir='ltr'><strong>ac</strong></span> <span class='ocrx_word' id='word_1_259' title='bbox 367 2641 449 2675; x_wconf 89' lang='lat' dir='ltr'><strong>sine</strong></span> <span class='ocrx_word' id='word_1_260' title='bbox 482 2644 619 2686; x_wconf 77' lang='lat' dir='ltr'><strong>patre.“</strong></span> <span class='ocrx_word' id='word_1_261' title='bbox 649 2662 691 2666; x_wconf 95' lang='lat'><strong>—</strong></span> <span class='ocrx_word' id='word_1_262' title='bbox 717 2645 764 2676; x_wconf 76' lang='lat' dir='ltr'><strong>ab</strong></span> <span class='ocrx_word' id='word_1_263' title='bbox 788 2644 842 2676; x_wconf 73' lang='lat' dir='ltr'><strong>his</strong></span> 
     </span>
    </p>
   </div>
   <div class='ocr_carea' id='block_1_17' title="bbox 98 2688 842 2784">
    <p class='ocr_par' dir='ltr' id='par_1_17' title="bbox 98 2688 842 2784">
     <span class='ocr_line' id='line_1_51' title="bbox 113 2688 842 2733; baseline 0.005 -13"><span class='ocrx_word' id='word_1_264' title='bbox 113 2689 313 2722; x_wconf 70' lang='lat' dir='ltr'><strong>maioribus</strong></span> <span class='ocrx_word' id='word_1_265' title='bbox 337 2688 423 2731; x_wconf 73' lang='lat' dir='ltr'><strong>ortt]</strong></span> <span class='ocrx_word' id='word_1_266' title='bbox 446 2688 579 2733; x_wconf 77' lang='lat' dir='ltr'><strong>Aeque</strong></span> <span class='ocrx_word' id='word_1_267' title='bbox 606 2690 677 2723; x_wconf 88' lang='lat' dir='ltr'><strong>hoc</strong></span> <span class='ocrx_word' id='word_1_268' title='bbox 703 2690 842 2724; x_wconf 88' lang='lat' dir='ltr'><strong>ridicu-</strong></span> 
     </span>
     <span class='ocr_line' id='line_1_52' title="bbox 98 2742 668 2784; baseline 0.005 -3"><span class='ocrx_word' id='word_1_269' title='bbox 98 2742 102 2743; x_wconf 56' lang='grc'>’</span> <span class='ocrx_word' id='word_1_270' title='bbox 190 2757 293 2782; x_wconf 70' lang='lat' dir='ltr'><strong>som.</strong></span> <span class='ocrx_word' id='word_1_271' title='bbox 309 2758 374 2783; x_wconf 79' lang='lat' dir='ltr'><strong>vol.</strong></span> <span class='ocrx_word' id='word_1_272' title='bbox 392 2758 431 2783; x_wconf 88' lang='lat'><strong>11.</strong></span> <span class='ocrx_word' id='word_1_273' title='bbox 450 2758 502 2783; x_wconf 63' lang='lat' dir='ltr'><strong>na</strong></span> <span class='ocrx_word' id='word_1_274' title='bbox 520 2759 614 2783; x_wconf 71' lang='lat' dir='ltr'><strong>minor</strong></span> <span class='ocrx_word' id='word_1_275' title='bbox 631 2759 668 2784; x_wconf 86' lang='lat' dir='ltr'><strong>v.</strong></span> 
     </span>
    </p>
   </div>
   <div class='ocr_carea' id='block_1_18' title="bbox 887 1137 1641 2735">
    <p class='ocr_par' dir='ltr' id='par_1_18' title="bbox 897 1137 1630 1315">
     <span class='ocr_line' id='line_1_53' title="bbox 898 1137 1630 1184; baseline -0.003 -11"><span class='ocrx_word' id='word_1_276' title='bbox 898 1139 976 1173; x_wconf 92' lang='lat' dir='ltr'><strong>lum</strong></span> <span class='ocrx_word' id='word_1_277' title='bbox 1008 1142 1122 1184; x_wconf 84' lang='lat' dir='ltr'><strong>atque</strong></span> <span class='ocrx_word' id='word_1_278' title='bbox 1159 1138 1255 1173; x_wconf 89' lang='lat' dir='ltr'><strong>illud</strong></span> <span class='ocrx_word' id='word_1_279' title='bbox 1289 1138 1525 1183; x_wconf 80' lang='lat' dir='ltr'><strong>Olympionis</strong></span> <span class='ocrx_word' id='word_1_280' title='bbox 1561 1137 1630 1171; x_wconf 75' lang='lat' dir='ltr'><strong>vil·</strong></span> 
     </span>
     <span class='ocr_line' id='line_1_54' title="bbox 899 1185 1629 1228; baseline -0.001 -8"><span class='ocrx_word' id='word_1_281' title='bbox 899 1187 963 1220; x_wconf 92' lang='lat' dir='ltr'><strong>lici</strong></span> <span class='ocrx_word' id='word_1_282' title='bbox 987 1187 1028 1220; x_wconf 89' lang='lat' dir='ltr'><strong>in</strong></span> <span class='ocrx_word' id='word_1_283' title='bbox 1044 1186 1167 1220; x_wconf 87' lang='lat' dir='ltr'><strong>Plaut.</strong></span> <span class='ocrx_word' id='word_1_284' title='bbox 1194 1185 1321 1220; x_wconf 88' lang='lat' dir='ltr'><strong>Casin.</strong></span> <span class='ocrx_word' id='word_1_285' title='bbox 1339 1188 1371 1227; x_wconf 88' lang='grc'><strong>2,</strong></span> <span class='ocrx_word' id='word_1_286' title='bbox 1398 1188 1431 1228; x_wconf 89' lang='grc'><strong>6,</strong></span> <span class='ocrx_word' id='word_1_287' title='bbox 1456 1187 1520 1219; x_wconf 80' lang='lat'><strong>66:</strong></span> <span class='ocrx_word' id='word_1_288' title='bbox 1546 1186 1629 1219; x_wconf 75' lang='lat' dir='ltr'><strong>Pie-</strong></span> 
     </span>
     <span class='ocr_line' id='line_1_55' title="bbox 898 1235 1630 1275; baseline 0 -9"><span class='ocrx_word' id='word_1_289' title='bbox 898 1237 974 1268; x_wconf 72' lang='lat' dir='ltr'><strong>tate</strong></span> <span class='ocrx_word' id='word_1_290' title='bbox 999 1236 1171 1275; x_wconf 77' lang='lat' dir='ltr'><strong>[actumst</strong></span> <span class='ocrx_word' id='word_1_291' title='bbox 1196 1242 1279 1267; x_wconf 78' lang='lat' dir='ltr'><strong>mea</strong></span> <span class='ocrx_word' id='word_1_292' title='bbox 1312 1236 1422 1274; x_wconf 72' lang='lat' dir='ltr'><strong>atque</strong></span> <span class='ocrx_word' id='word_1_293' title='bbox 1445 1235 1630 1266; x_wconf 69' lang='lat' dir='ltr'><strong>maiorum</strong></span> 
     </span>
     <span class='ocr_line' id='line_1_56' title="bbox 897 1282 1027 1315; baseline -0.008 0"><span class='ocrx_word' id='word_1_294' title='bbox 897 1282 1027 1315; x_wconf 68' lang='lat' dir='ltr'><strong>metim.</strong></span> 
     </span>
    </p>

    <p class='ocr_par' dir='ltr' id='par_1_19' title="bbox 887 1327 1641 2735">
     <span class='ocr_line' id='line_1_57' title="bbox 945 1327 1630 1371; baseline -0.003 -9"><span class='ocrx_word' id='word_1_295' title='bbox 945 1331 1064 1362; x_wconf 80' lang='lat'>58-64.</span> <span class='ocrx_word' id='word_1_296' title='bbox 1098 1327 1267 1370; x_wconf 72' lang='lat' dir='ltr'><strong>Accipio]</strong></span> <span class='ocrx_word' id='word_1_297' title='bbox 1302 1330 1427 1369; x_wconf 84' lang='lat' dir='ltr'><strong>„tuam</strong></span> <span class='ocrx_word' id='word_1_298' title='bbox 1451 1337 1630 1371; x_wconf 78' lang='lat' dir='ltr'><strong>provoca-</strong></span> 
     </span>
     <span class='ocr_line' id='line_1_58' title="bbox 897 1374 1629 1419; baseline -0.001 -11"><span class='ocrx_word' id='word_1_299' title='bbox 897 1375 1037 1408; x_wconf 89' lang='lat' dir='ltr'><strong>tionem</strong></span> <span class='ocrx_word' id='word_1_300' title='bbox 1061 1386 1180 1419; x_wconf 85' lang='lat' dir='ltr'><strong>eaque</strong></span> <span class='ocrx_word' id='word_1_301' title='bbox 1206 1374 1297 1407; x_wconf 85' lang='lat' dir='ltr'><strong>mihi</strong></span> <span class='ocrx_word' id='word_1_302' title='bbox 1316 1384 1471 1418; x_wconf 91' lang='lat' dir='ltr'><strong>prorsus</strong></span> <span class='ocrx_word' id='word_1_303' title='bbox 1487 1374 1629 1418; x_wconf 81' lang='lat' dir='ltr'><strong>placet3</strong></span> 
     </span>
     <span class='ocr_line' id='line_1_59' title="bbox 898 1421 1629 1466; baseline -0.001 -11"><span class='ocrx_word' id='word_1_304' title='bbox 898 1425 934 1455; x_wconf 88' lang='lat' dir='ltr'><strong>et</strong></span> <span class='ocrx_word' id='word_1_305' title='bbox 959 1422 1028 1455; x_wconf 88' lang='lat' dir='ltr'><strong>tibi</strong></span> <span class='ocrx_word' id='word_1_306' title='bbox 1054 1422 1191 1466; x_wconf 87' lang='lat' dir='ltr'><strong>(capite</strong></span> <span class='ocrx_word' id='word_1_307' title='bbox 1208 1421 1405 1455; x_wconf 85' lang='lat' dir='ltr'><strong>minaciter</strong></span> <span class='ocrx_word' id='word_1_308' title='bbox 1421 1421 1539 1462; x_wconf 91' lang='lat' dir='ltr'><strong>moto)</strong></span> <span class='ocrx_word' id='word_1_309' title='bbox 1564 1421 1629 1455; x_wconf 88' lang='lat' dir='ltr'><strong>de-</strong></span> 
     </span>
     <span class='ocr_line' id='line_1_60' title="bbox 897 1468 1628 1512; baseline 0.001 -11"><span class='ocrx_word' id='word_1_310' title='bbox 897 1469 1119 1511; x_wconf 17' lang='lat' dir='ltr'><strong>monstrabo,</strong></span> <span class='ocrx_word' id='word_1_311' title='bbox 1145 1479 1204 1502; x_wconf 92' lang='lat' dir='ltr'><strong>me</strong></span> <span class='ocrx_word' id='word_1_312' title='bbox 1237 1479 1279 1502; x_wconf 89' lang='lat' dir='ltr'><strong>re</strong></span> <span class='ocrx_word' id='word_1_313' title='bbox 1312 1479 1401 1502; x_wconf 78' lang='lat' dir='ltr'><strong>vera</strong></span> <span class='ocrx_word' id='word_1_314' title='bbox 1433 1468 1522 1512; x_wconf 87' lang='lat' dir='ltr'><strong>equi</strong></span> <span class='ocrx_word' id='word_1_315' title='bbox 1555 1468 1628 1502; x_wconf 80' lang='lat' dir='ltr'><strong>feri</strong></span> 
     </span>
     <span class='ocr_line' id='line_1_61' title="bbox 897 1515 1630 1559; baseline 0.003 -11"><span class='ocrx_word' id='word_1_316' title='bbox 897 1516 1056 1550; x_wconf 86' lang='lat' dir='ltr'><strong>similem</strong></span> <span class='ocrx_word' id='word_1_317' title='bbox 1074 1518 1191 1550; x_wconf 77' lang='lat' dir='ltr'><strong>esse.“</strong></span> <span class='ocrx_word' id='word_1_318' title='bbox 1206 1534 1254 1539; x_wconf 93' lang='lat'>—</span> <span class='ocrx_word' id='word_1_319' title='bbox 1270 1518 1337 1548; x_wconf 75' lang='lat' dir='ltr'><strong>lua</strong></span> <span class='ocrx_word' id='word_1_320' title='bbox 1355 1515 1441 1559; x_wconf 58' lang='lat' dir='ltr'><strong>cet]</strong></span> <span class='ocrx_word' id='word_1_321' title='bbox 1458 1515 1498 1548; x_wconf 91' lang='grc'><strong>111</strong></span> <span class='ocrx_word' id='word_1_322' title='bbox 1515 1526 1630 1559; x_wconf 82' lang='lat' dir='ltr'><strong>prosa</strong></span> 
     </span>
     <span class='ocr_line' id='line_1_62' title="bbox 896 1562 1628 1604; baseline 0 -8"><span class='ocrx_word' id='word_1_323' title='bbox 896 1563 1087 1597; x_wconf 86' lang='lat' dir='ltr'><strong>oratione:</strong></span> <span class='ocrx_word' id='word_1_324' title='bbox 1119 1563 1216 1604; x_wconf 82' lang='lat' dir='ltr'><strong>„nisi</strong></span> <span class='ocrx_word' id='word_1_325' title='bbox 1248 1573 1368 1596; x_wconf 90' lang='lat' dir='ltr'><strong>cornu</strong></span> <span class='ocrx_word' id='word_1_326' title='bbox 1399 1562 1499 1596; x_wconf 82' lang='lat' dir='ltr'><strong>foret</strong></span> <span class='ocrx_word' id='word_1_327' title='bbox 1523 1573 1628 1596; x_wconf 84' lang='lat' dir='ltr'><strong>exse-</strong></span> 
     </span>
     <span class='ocr_line' id='line_1_63' title="bbox 896 1610 1627 1653; baseline -0.001 -10"><span class='ocrx_word' id='word_1_328' title='bbox 896 1613 995 1643; x_wconf 89' lang='lat' dir='ltr'><strong>ctum</strong></span> <span class='ocrx_word' id='word_1_329' title='bbox 1018 1611 1134 1644; x_wconf 89' lang='lat' dir='ltr'><strong>fronti</strong></span> <span class='ocrx_word' id='word_1_330' title='bbox 1159 1611 1278 1644; x_wconf 54' lang='grc'><strong>18803*</strong></span> <span class='ocrx_word' id='word_1_331' title='bbox 1298 1628 1344 1633; x_wconf 90' lang='grc'>-</span> <span class='ocrx_word' id='word_1_332' title='bbox 1360 1611 1448 1650; x_wconf 77' lang='lat' dir='ltr'><strong>quid</strong></span> <span class='ocrx_word' id='word_1_333' title='bbox 1472 1610 1627 1653; x_wconf 74' lang='lat' dir='ltr'><strong>faceres]</strong></span> 
     </span>
     <span class='ocr_line' id='line_1_64' title="bbox 898 1657 1627 1701; baseline 0 -11"><span class='ocrx_word' id='word_1_334' title='bbox 898 1668 1031 1701; x_wconf 81' lang='lat' dir='ltr'><strong>„quam</strong></span> <span class='ocrx_word' id='word_1_335' title='bbox 1066 1657 1247 1691; x_wconf 86' lang='lat' dir='ltr'><strong>terribilis</strong></span> <span class='ocrx_word' id='word_1_336' title='bbox 1279 1657 1422 1690; x_wconf 82' lang='lat' dir='ltr'><strong>fores!“</strong></span> <span class='ocrx_word' id='word_1_337' title='bbox 1450 1676 1495 1680; x_wconf 94' lang='lat'><strong>——-</strong></span> <span class='ocrx_word' id='word_1_338' title='bbox 1519 1658 1627 1690; x_wconf 68' lang='lat' dir='ltr'><strong>mini—</strong></span> 
     </span>
     <span class='ocr_line' id='line_1_65' title="bbox 894 1703 1626 1748; baseline 0.001 -12"><span class='ocrx_word' id='word_1_339' title='bbox 894 1704 1001 1747; x_wconf 69' lang='lat' dir='ltr'><strong>caris]</strong></span> <span class='ocrx_word' id='word_1_340' title='bbox 1029 1715 1153 1747; x_wconf 86' lang='lat' dir='ltr'><strong>„nunc</strong></span> <span class='ocrx_word' id='word_1_341' title='bbox 1178 1705 1302 1748; x_wconf 88' lang='lat' dir='ltr'><strong>ipsum</strong></span> <span class='ocrx_word' id='word_1_342' title='bbox 1315 1706 1346 1747; x_wconf 78' lang='lat'><strong>3⁴⁶</strong></span> <span class='ocrx_word' id='word_1_343' title='bbox 1373 1705 1501 1748; x_wconf 82' lang='lat' dir='ltr'><strong>itaque</strong></span> <span class='ocrx_word' id='word_1_344' title='bbox 1527 1703 1626 1737; x_wconf 85' lang='lat' dir='ltr'><strong>indi·-</strong></span> 
     </span>
     <span class='ocr_line' id='line_1_66' title="bbox 895 1751 1627 1795; baseline 0 -11"><span class='ocrx_word' id='word_1_345' title='bbox 895 1751 1038 1785; x_wconf 75' lang='lat' dir='ltr'><strong>cativus</strong></span> <span class='ocrx_word' id='word_1_346' title='bbox 1070 1752 1204 1785; x_wconf 88' lang='lat' dir='ltr'><strong>modus</strong></span> <span class='ocrx_word' id='word_1_347' title='bbox 1237 1751 1453 1795; x_wconf 82' lang='lat' dir='ltr'><strong>aptissimus</strong></span> <span class='ocrx_word' id='word_1_348' title='bbox 1486 1754 1555 1784; x_wconf 87' lang='lat' dir='ltr'><strong>est.</strong></span> <span class='ocrx_word' id='word_1_349' title='bbox 1580 1770 1627 1776; x_wconf 91' lang='lat'><strong>—</strong></span> 
     </span>
     <span class='ocr_line' id='line_1_67' title="bbox 894 1797 1625 1842; baseline 0.001 -12"><span class='ocrx_word' id='word_1_350' title='bbox 894 1800 940 1831; x_wconf 75' lang='lat' dir='ltr'><strong>Ac</strong></span> <span class='ocrx_word' id='word_1_351' title='bbox 974 1800 1031 1831; x_wconf 71' lang='lat' dir='ltr'><strong>illa·</strong></span> <span class='ocrx_word' id='word_1_352' title='bbox 1065 1799 1150 1841; x_wconf 87' lang='lat' dir='ltr'><strong>cet.]</strong></span> <span class='ocrx_word' id='word_1_353' title='bbox 1186 1798 1396 1839; x_wconf 83' lang='lat' dir='ltr'><strong>„Graecum</strong></span> <span class='ocrx_word' id='word_1_354' title='bbox 1428 1797 1469 1831; x_wconf 80' lang='grc' dir='ltr'><strong>δέ</strong></span> <span class='ocrx_word' id='word_1_355' title='bbox 1493 1809 1560 1842; x_wconf 92' lang='lat' dir='ltr'><strong>per</strong></span> <span class='ocrx_word' id='word_1_356' title='bbox 1586 1801 1625 1831; x_wconf 75' lang='lat' dir='ltr'><strong>al</strong></span> 
     </span>
     <span class='ocr_line' id='line_1_68' title="bbox 892 1846 1626 1890; baseline 0.001 -12"><span class='ocrx_word' id='word_1_357' title='bbox 892 1846 944 1878; x_wconf 86' lang='lat' dir='ltr'><strong>ita</strong></span> <span class='ocrx_word' id='word_1_358' title='bbox 970 1847 1184 1890; x_wconf 80' lang='lat' dir='ltr'><strong>exprimunt</strong></span> <span class='ocrx_word' id='word_1_359' title='bbox 1210 1846 1411 1889; x_wconf 70' lang='lat' dir='ltr'><strong>(poetae),</strong></span> <span class='ocrx_word' id='word_1_360' title='bbox 1444 1848 1486 1879; x_wconf 84' lang='lat' dir='ltr'><strong>ut</strong></span> <span class='ocrx_word' id='word_1_361' title='bbox 1512 1856 1626 1889; x_wconf 88' lang='lat' dir='ltr'><strong>oppo-</strong></span> 
     </span>
     <span class='ocr_line' id='line_1_69' title="bbox 892 1892 1624 1934; baseline 0 -8"><span class='ocrx_word' id='word_1_362' title='bbox 892 1892 979 1926; x_wconf 85' lang='lat' dir='ltr'><strong>sitio</strong></span> <span class='ocrx_word' id='word_1_363' title='bbox 1004 1892 1068 1926; x_wconf 84' lang='lat' dir='ltr'><strong>fiat</strong></span> <span class='ocrx_word' id='word_1_364' title='bbox 1092 1904 1167 1926; x_wconf 92' lang='lat' dir='ltr'><strong>non</strong></span> <span class='ocrx_word' id='word_1_365' title='bbox 1194 1893 1409 1934; x_wconf 91' lang='lat' dir='ltr'><strong>notionum,</strong></span> <span class='ocrx_word' id='word_1_366' title='bbox 1443 1892 1508 1927; x_wconf 89' lang='lat' dir='ltr'><strong>sed</strong></span> <span class='ocrx_word' id='word_1_367' title='bbox 1534 1894 1624 1926; x_wconf 79' lang='lat' dir='ltr'><strong>ima-</strong></span> 
     </span>
     <span class='ocr_line' id='line_1_70' title="bbox 891 1939 1624 1983; baseline 0.003 -11"><span class='ocrx_word' id='word_1_368' title='bbox 891 1939 1034 1983; x_wconf 88' lang='lat' dir='ltr'><strong>ginum,</strong></span> <span class='ocrx_word' id='word_1_369' title='bbox 1058 1941 1129 1974; x_wconf 90' lang='grc'><strong>1100</strong></span> <span class='ocrx_word' id='word_1_370' title='bbox 1147 1944 1215 1981; x_wconf 82' lang='lat' dir='ltr'><strong>est,</strong></span> <span class='ocrx_word' id='word_1_371' title='bbox 1240 1942 1282 1973; x_wconf 80' lang='lat' dir='ltr'><strong>ut</strong></span> <span class='ocrx_word' id='word_1_372' title='bbox 1299 1940 1529 1974; x_wconf 86' lang='lat' dir='ltr'><strong>contrarium</strong></span> <span class='ocrx_word' id='word_1_373' title='bbox 1546 1951 1624 1974; x_wconf 93' lang='lat' dir='ltr'><strong>non</strong></span> 
     </span>
     <span class='ocr_line' id='line_1_71' title="bbox 892 1986 1625 2031; baseline 0.001 -12"><span class='ocrx_word' id='word_1_374' title='bbox 892 1987 931 2019; x_wconf 91' lang='lat' dir='ltr'><strong>in</strong></span> <span class='ocrx_word' id='word_1_375' title='bbox 956 1986 1039 2030; x_wconf 88' lang='lat' dir='ltr'><strong>ipsa</strong></span> <span class='ocrx_word' id='word_1_376' title='bbox 1063 1998 1117 2029; x_wconf 90' lang='lat' dir='ltr'><strong>re,</strong></span> <span class='ocrx_word' id='word_1_377' title='bbox 1142 1986 1208 2020; x_wconf 85' lang='lat' dir='ltr'><strong>sed</strong></span> <span class='ocrx_word' id='word_1_378' title='bbox 1234 1987 1273 2020; x_wconf 93' lang='lat' dir='ltr'><strong>in</strong></span> <span class='ocrx_word' id='word_1_379' title='bbox 1298 1987 1487 2021; x_wconf 84' lang='lat' dir='ltr'><strong>locatione</strong></span> <span class='ocrx_word' id='word_1_380' title='bbox 1512 1998 1625 2031; x_wconf 82' lang='lat' dir='ltr'><strong>appa-</strong></span> 
     </span>
     <span class='ocr_line' id='line_1_72' title="bbox 891 2034 1623 2079; baseline 0 -12"><span class='ocrx_word' id='word_1_381' title='bbox 891 2038 982 2067; x_wconf 85' lang='lat' dir='ltr'><strong>reat.</strong></span> <span class='ocrx_word' id='word_1_382' title='bbox 1032 2034 1075 2067; x_wconf 92' lang='lat' dir='ltr'><strong>Id</strong></span> <span class='ocrx_word' id='word_1_383' title='bbox 1110 2036 1236 2068; x_wconf 88' lang='lat' dir='ltr'><strong>autem</strong></span> <span class='ocrx_word' id='word_1_384' title='bbox 1268 2034 1475 2078; x_wconf 91' lang='lat' dir='ltr'><strong>plurimum</strong></span> <span class='ocrx_word' id='word_1_385' title='bbox 1509 2034 1565 2079; x_wconf 10' lang='lat' dir='ltr'><strong>fit?</strong></span> <span class='ocrx_word' id='word_1_386' title='bbox 1582 2035 1623 2067; x_wconf 90' lang='lat' dir='ltr'><strong>in</strong></span> 
     </span>
     <span class='ocr_line' id='line_1_73' title="bbox 893 2081 1624 2122; baseline 0 -8"><span class='ocrx_word' id='word_1_387' title='bbox 893 2081 1067 2115; x_wconf 81' lang='lat' dir='ltr'><strong>extremis</strong></span> <span class='ocrx_word' id='word_1_388' title='bbox 1094 2081 1284 2122; x_wconf 80' lang='lat' dir='ltr'><strong>versibus,</strong></span> <span class='ocrx_word' id='word_1_389' title='bbox 1309 2085 1352 2114; x_wconf 91' lang='lat' dir='ltr'><strong>ut</strong></span> <span class='ocrx_word' id='word_1_390' title='bbox 1376 2081 1544 2122; x_wconf 86' lang='lat' dir='ltr'><strong>videtur,</strong></span> <span class='ocrx_word' id='word_1_391' title='bbox 1576 2081 1624 2114; x_wconf 83' lang='lat' dir='ltr'><strong>ad</strong></span> 
     </span>
     <span class='ocr_line' id='line_1_74' title="bbox 891 2128 1621 2172; baseline 0.001 -12"><span class='ocrx_word' id='word_1_392' title='bbox 891 2128 1146 2170; x_wconf 82' lang='lat' dir='ltr'><strong>attollendam,</strong></span> <span class='ocrx_word' id='word_1_393' title='bbox 1172 2139 1268 2172; x_wconf 85' lang='lat' dir='ltr'><strong>quae</strong></span> <span class='ocrx_word' id='word_1_394' title='bbox 1287 2128 1327 2161; x_wconf 92' lang='lat' dir='ltr'><strong>in</strong></span> <span class='ocrx_word' id='word_1_395' title='bbox 1344 2128 1419 2161; x_wconf 89' lang='lat' dir='ltr'><strong>fine</strong></span> <span class='ocrx_word' id='word_1_396' title='bbox 1444 2139 1621 2161; x_wconf 76' lang='lat' dir='ltr'><strong>versuum</strong></span> 
     </span>
     <span class='ocr_line' id='line_1_75' title="bbox 892 2174 1623 2217; baseline 0.003 -11"><span class='ocrx_word' id='word_1_397' title='bbox 892 2174 1127 2217; x_wconf 87' lang='lat' dir='ltr'><strong>deprimitur,</strong></span> <span class='ocrx_word' id='word_1_398' title='bbox 1146 2175 1327 2208; x_wconf 85' lang='lat' dir='ltr'><strong>orationis</strong></span> <span class='ocrx_word' id='word_1_399' title='bbox 1344 2176 1429 2208; x_wconf 79' lang='lat' dir='ltr'><strong>vim.</strong></span> <span class='ocrx_word' id='word_1_400' title='bbox 1453 2174 1512 2209; x_wconf 87' lang='lat' dir='ltr'><strong>Ita</strong></span> <span class='ocrx_word' id='word_1_401' title='bbox 1529 2176 1623 2208; x_wconf 60' lang='lat' dir='ltr'><strong>lui-ae</strong></span> 
     </span>
     <span class='ocr_line' id='line_1_76' title="bbox 891 2221 1625 2266; baseline 0.004 -14"><span class='ocrx_word' id='word_1_402' title='bbox 891 2221 1156 2262; x_wconf 65' lang='lat' dir='ltr'><strong>audiaantur,</strong></span> <span class='ocrx_word' id='word_1_403' title='bbox 1181 2222 1247 2265; x_wconf 92' lang='lat' dir='ltr'><strong>qui</strong></span> <span class='ocrx_word' id='word_1_404' title='bbox 1271 2232 1406 2266; x_wconf 83' lang='lat' dir='ltr'><strong>graece</strong></span> <span class='ocrx_word' id='word_1_405' title='bbox 1424 2223 1464 2254; x_wconf 88' lang='grc' dir='ltr'><strong>οἱ</strong></span> <span class='ocrx_word' id='word_1_406' title='bbox 1477 2223 1625 2264; x_wconf 80' lang='grc' dir='ltr'><em>μέν-οἱ</em></span> 
     </span>
     <span class='ocr_line' id='line_1_77' title="bbox 891 2266 1622 2311; baseline 0.005 -12"><span class='ocrx_word' id='word_1_407' title='bbox 891 2266 942 2299; x_wconf 69' lang='grc' dir='ltr'><strong>δέ.</strong></span> <span class='ocrx_word' id='word_1_408' title='bbox 967 2267 1109 2302; x_wconf 87' lang='lat' dir='ltr'><strong>Lucan.</strong></span> <span class='ocrx_word' id='word_1_409' title='bbox 1135 2271 1176 2310; x_wconf 79' lang='lat'><strong>4,</strong></span> <span class='ocrx_word' id='word_1_410' title='bbox 1202 2270 1266 2301; x_wconf 81' lang='lat'><strong>36:</strong></span> <span class='ocrx_word' id='word_1_411' title='bbox 1307 2271 1378 2302; x_wconf 77' lang='lat' dir='ltr'><strong>His</strong></span> <span class='ocrx_word' id='word_1_412' title='bbox 1408 2271 1523 2302; x_wconf 76' lang='lat' dir='ltr'><strong>virtus</strong></span> <span class='ocrx_word' id='word_1_413' title='bbox 1546 2271 1622 2311; x_wconf 76' lang='lat' dir='ltr'><strong>[er-</strong></span> 
     </span>
     <span class='ocr_line' id='line_1_78' title="bbox 892 2316 1621 2358; baseline 0.003 -11"><span class='ocrx_word' id='word_1_414' title='bbox 892 2323 1044 2355; x_wconf 74' lang='lat' dir='ltr'><strong>mmque</strong></span> <span class='ocrx_word' id='word_1_415' title='bbox 1082 2316 1199 2348; x_wconf 80' lang='lat' dir='ltr'><strong>locum</strong></span> <span class='ocrx_word' id='word_1_416' title='bbox 1231 2317 1430 2358; x_wconf 74' lang='lat' dir='ltr'><strong>promittit,</strong></span> <span class='ocrx_word' id='word_1_417' title='bbox 1471 2320 1509 2349; x_wconf 81' lang='grc' dir='ltr'><strong>ιιι</strong></span> <span class='ocrx_word' id='word_1_418' title='bbox 1546 2318 1621 2349; x_wconf 75' lang='lat' dir='ltr'><strong>illis</strong></span> 
     </span>
     <span class='ocr_line' id='line_1_79' title="bbox 892 2362 1617 2407; baseline 0.004 -13"><span class='ocrx_word' id='word_1_419' title='bbox 892 2364 973 2402; x_wconf 74' lang='lat' dir='ltr'><strong>Ipse</strong></span> <span class='ocrx_word' id='word_1_420' title='bbox 1001 2363 1130 2395; x_wconf 57' lang='lat' dir='ltr'><strong>locu-&#39;J‘</strong></span> <span class='ocrx_word' id='word_1_421' title='bbox 1164 2362 1275 2396; x_wconf 86' lang='lat' dir='ltr'><strong>Hand</strong></span> <span class='ocrx_word' id='word_1_422' title='bbox 1301 2363 1411 2397; x_wconf 86' lang='lat' dir='ltr'><strong>Turs.</strong></span> <span class='ocrx_word' id='word_1_423' title='bbox 1435 2363 1465 2396; x_wconf 92' lang='grc' dir='ltr'><strong>Ι.</strong></span> <span class='ocrx_word' id='word_1_424' title='bbox 1490 2375 1525 2407; x_wconf 91' lang='lat' dir='ltr'><strong>p.</strong></span> <span class='ocrx_word' id='word_1_425' title='bbox 1551 2365 1617 2397; x_wconf 79' lang='lat'><strong>421</strong></span> 
     </span>
     <span class='ocr_line' id='line_1_80' title="bbox 890 2409 1620 2455; baseline 0.003 -13"><span class='ocrx_word' id='word_1_426' title='bbox 890 2419 948 2452; x_wconf 87' lang='lat' dir='ltr'><strong>sq.</strong></span> <span class='ocrx_word' id='word_1_427' title='bbox 988 2428 1031 2432; x_wconf 90' lang='lat'><strong>—-</strong></span> <span class='ocrx_word' id='word_1_428' title='bbox 1067 2410 1244 2452; x_wconf 55' lang='lat' dir='ltr'><strong>cicuta-iad</strong></span> <span class='ocrx_word' id='word_1_429' title='bbox 1283 2409 1340 2444; x_wconf 82' lang='lat' dir='ltr'><strong>Ex</strong></span> <span class='ocrx_word' id='word_1_430' title='bbox 1379 2411 1620 2455; x_wconf 85' lang='lat' dir='ltr'><strong>antiquorum</strong></span> 
     </span>
     <span class='ocr_line' id='line_1_81' title="bbox 891 2458 1620 2498; baseline 0.001 -9"><span class='ocrx_word' id='word_1_431' title='bbox 891 2466 1006 2489; x_wconf 91' lang='lat' dir='ltr'><strong>sensu</strong></span> <span class='ocrx_word' id='word_1_432' title='bbox 1024 2459 1074 2489; x_wconf 76' lang='lat' dir='ltr'><strong>est</strong></span> <span class='ocrx_word' id='word_1_433' title='bbox 1099 2458 1209 2490; x_wconf 75' lang='lat' dir='ltr'><strong>eliam</strong></span> <span class='ocrx_word' id='word_1_434' title='bbox 1232 2459 1473 2498; x_wconf 73' lang='lat' dir='ltr'><strong>deformitatis</strong></span> <span class='ocrx_word' id='word_1_435' title='bbox 1491 2461 1524 2490; x_wconf 80' lang='lat' dir='ltr'><strong>et</strong></span> <span class='ocrx_word' id='word_1_436' title='bbox 1542 2466 1620 2490; x_wconf 84' lang='lat' dir='ltr'><strong>cor-</strong></span> 
     </span>
     <span class='ocr_line' id='line_1_82' title="bbox 887 2504 1619 2544; baseline 0.001 -9"><span class='ocrx_word' id='word_1_437' title='bbox 887 2504 988 2544; x_wconf 72' lang='lat' dir='ltr'><strong>poris</strong></span> <span class='ocrx_word' id='word_1_438' title='bbox 1015 2504 1185 2537; x_wconf 77' lang='lat' dir='ltr'><strong>viliorum</strong></span> <span class='ocrx_word' id='word_1_439' title='bbox 1214 2506 1303 2537; x_wconf 75' lang='lat' dir='ltr'><strong>satis</strong></span> <span class='ocrx_word' id='word_1_440' title='bbox 1331 2506 1427 2538; x_wconf 83' lang='lat' dir='ltr'><strong>bella</strong></span> <span class='ocrx_word' id='word_1_441' title='bbox 1450 2506 1619 2537; x_wconf 77' lang='lat' dir='ltr'><strong>materies</strong></span> 
     </span>
     <span class='ocr_line' id='line_1_83' title="bbox 891 2550 1619 2592; baseline 0.003 -10"><span class='ocrx_word' id='word_1_442' title='bbox 891 2551 940 2583; x_wconf 73' lang='lat' dir='ltr'><strong>ad</strong></span> <span class='ocrx_word' id='word_1_443' title='bbox 971 2551 1177 2584; x_wconf 76' lang='lat' dir='ltr'><strong>iocandum.</strong></span> <span class='ocrx_word' id='word_1_444' title='bbox 1227 2550 1303 2584; x_wconf 88' lang='lat' dir='ltr'><strong>Cic.</strong></span> <span class='ocrx_word' id='word_1_445' title='bbox 1337 2551 1382 2585; x_wconf 82' lang='lat' dir='ltr'><strong>de</strong></span> <span class='ocrx_word' id='word_1_446' title='bbox 1408 2551 1471 2584; x_wconf 89' lang='lat' dir='ltr'><strong>Or.</strong></span> <span class='ocrx_word' id='word_1_447' title='bbox 1497 2553 1535 2591; x_wconf 87' lang='grc'><strong>2,</strong></span> <span class='ocrx_word' id='word_1_448' title='bbox 1561 2552 1619 2592; x_wconf 83' lang='grc'><strong>59,</strong></span> 
     </span>
     <span class='ocr_line' id='line_1_84' title="bbox 890 2598 1620 2641; baseline -0.001 -11"><span class='ocrx_word' id='word_1_449' title='bbox 890 2599 971 2630; x_wconf 81' lang='grc'><strong>239.</strong></span> <span class='ocrx_word' id='word_1_450' title='bbox 1008 2616 1054 2621; x_wconf 84' lang='lat'><em>—</em></span> <span class='ocrx_word' id='word_1_451' title='bbox 1092 2600 1318 2639; x_wconf 80' lang='lat' dir='ltr'><strong>Campanum</strong></span> <span class='ocrx_word' id='word_1_452' title='bbox 1357 2600 1398 2630; x_wconf 78' lang='lat' dir='ltr'><strong>in</strong></span> <span class='ocrx_word' id='word_1_453' title='bbox 1434 2598 1620 2641; x_wconf 82' lang='lat' dir='ltr'><strong>morbum]</strong></span> 
     </span>
     <span class='ocr_line' id='line_1_85' title="bbox 892 2643 1619 2689; baseline 0.001 -12"><span class='ocrx_word' id='word_1_454' title='bbox 892 2643 994 2685; x_wconf 84' lang='lat' dir='ltr'><strong>„Hoc</strong></span> <span class='ocrx_word' id='word_1_455' title='bbox 1027 2645 1125 2678; x_wconf 88' lang='lat' dir='ltr'><strong>enim</strong></span> <span class='ocrx_word' id='word_1_456' title='bbox 1158 2645 1267 2689; x_wconf 83' lang='lat' dir='ltr'><strong>quasi</strong></span> <span class='ocrx_word' id='word_1_457' title='bbox 1298 2657 1320 2679; x_wconf 87' lang='lat' dir='ltr'><strong>a</strong></span> <span class='ocrx_word' id='word_1_458' title='bbox 1353 2647 1488 2677; x_wconf 82' lang='lat' dir='ltr'><strong>natura</strong></span> <span class='ocrx_word' id='word_1_459' title='bbox 1514 2644 1619 2678; x_wconf 80' lang='lat' dir='ltr'><strong>Cam-</strong></span> 
     </span>
     <span class='ocr_line' id='line_1_86' title="bbox 890 2691 1641 2735; baseline 0.001 -11"><span class='ocrx_word' id='word_1_460' title='bbox 890 2691 1000 2735; x_wconf 88' lang='lat' dir='ltr'><strong>panis</strong></span> <span class='ocrx_word' id='word_1_461' title='bbox 1023 2691 1103 2725; x_wconf 81' lang='lat' dir='ltr'><strong>fere</strong></span> <span class='ocrx_word' id='word_1_462' title='bbox 1122 2691 1293 2725; x_wconf 87' lang='lat' dir='ltr'><strong>omnibus</strong></span> <span class='ocrx_word' id='word_1_463' title='bbox 1318 2692 1428 2733; x_wconf 88' lang='lat' dir='ltr'><strong>inest,</strong></span> <span class='ocrx_word' id='word_1_464' title='bbox 1453 2695 1496 2724; x_wconf 89' lang='lat' dir='ltr'><strong>ut</strong></span> <span class='ocrx_word' id='word_1_465' title='bbox 1520 2692 1618 2735; x_wconf 89' lang='lat' dir='ltr'><strong>capi·</strong></span> <span class='ocrx_word' id='word_1_466' title='bbox 1638 2708 1641 2709; x_wconf 40' lang='lat'><em>⁷</em></span> 
     </span>
    </p>
   </div>
   <div class='ocr_carea' id='block_1_19' title="bbox 1390 2761 1408 2785">
    <p class='ocr_par' dir='ltr' id='par_1_20' title="bbox 1390 2761 1408 2785">
     <span class='ocr_line' id='line_1_87' title="bbox 1390 2761 1408 2785; baseline 0 0"><span class='ocrx_word' id='word_1_467' title='bbox 1390 2761 1408 2785; x_wconf 78' lang='lat'><strong>5</strong></span> 
     </span>
    </p>
   </div>
   <div class='ocr_carea' id='block_1_20' title="bbox 1573 726 1684 766">
    <p class='ocr_par' dir='ltr' id='par_1_21' title="bbox 1573 726 1684 766">
     <span class='ocr_line' id='line_1_88' title="bbox 1573 726 1684 766; baseline 0 0"><span class='ocrx_word' id='word_1_468' title='bbox 1573 726 1684 766; x_wconf 77' lang='lat'><strong>60¹</strong></span> 
     </span>
    </p>
   </div>
  </div>
 </body>
</html>
