1786 2912
674 164 768 199 LIB.
789 163 821 199 1.
870 162 974 198 SAT.
997 162 1063 197 VI.

1572 161 1627 203 '13

682 335 935 380 SA'l'mA
963 335 1055 378 VI.

230 421 343 474 Non,
374 420 488 477 quia,
518 418 760 471 Maecenas,
790 417 1009 474 Lydorum
1040 415 1245 473 quidquid
1274 415 1507 485 Etruscos*

231 491 412 534 Incoluit
440 490 563 542 fines,
594 503 721 532 nemo
752 488 999 544 generosior
1029 491 1096 530 est
1126 490 1184 540 te,

230 561 323 605 Nec
352 560 466 618 qnod
495 575 600 603 avus
631 560 711 602 tibi
741 562 959 602 maternus
990 557 1071 599 fuit
1101 562 1229 614 atque
1259 558 1481 613 paternus,

234 631 349 675 Olim
379 633 451 688 qui
481 631 649 687 magnis
679 629 921 686 legionibus
952 628 1263 685 imperitarent,

211 743 313 777 SAT.
338 742 403 776 VI.
451 745 485 776 4.
533 743 739 784 reaionitms
776 751 822 774 ex
858 750 934 773 uno
972 739 1063 773 Cod.
1096 739 1136 773 F.
1161 757 1210 763 —
1232 740 1484 780 imperitarent
1522 736 1584 777 bs,

162 790 335 824 Pottierii
360 792 521 834 septem,
546 800 567 823 e
593 788 743 822 duobus
770 787 984 821 Bentleius:
1009 787 1255 828 imperssan'nt
1281 785 1326 819 cd
1352 789 1389 819 et
1410 784 1584 819 Pettierii

163 837 388 882 complures,
412 835 539 878 Lem,
563 836 823 877 imperitarunt
841 845 878 878 p,
905 844 1006 867 unus
1023 833 1199 868 Pottierii
1217 834 1307 875 (13.)
1326 836 1364 866 et
1379 843 1424 866 ex
1441 831 1527 866 aliis
1544 831 1584 864 F.

163 930 227 964 vl.
250 929 429 965 Horatius
458 933 657 974 postquam
682 932 719 962 et
742 928 848 963 fami·

115 976 300 1020 ueritate,
331 987 428 1022 quae
461 977 496 1011 ei
522 987 607 1010 cum
630 974 847 1010 Maecenate

114 1023 391 1066 intercedebat,
423 1027 461 1058 et
485 1023 684 1057 Luciliano
715 1023 847 1057 satira-

115 1082 200 1105 rum
224 1082 363 1116 genere
388 1071 513 1105 denuo
539 1074 694 1105 tractato
721 1069 848 1103 multi-

116 1117 262 1152 tudinis
294 1118 335 1151 in
368 1129 410 1152 se
443 1118 573 1152 oculos
602 1119 848 1158 converterat,

115 1163 200 1199 fieri
225 1175 303 1199 non
327 1165 471 1209 potuit,
505 1165 619 1209 quin,
644 1174 729 1198 cum
754 1175 848 1197 non-

116 1211 191 1246 nisi
216 1223 399 1257 perquam
423 1213 532 1257 pauci
558 1214 624 1246 aut
641 1212 765 1256 ipsum
784 1214 849 1244 aut

116 1258 343 1293 Maecenatis
374 1260 414 1292 in
439 1270 524 1293 eum
549 1259 713 1292 animum
738 1268 848 1292 accu-

117 1307 238 1340 ratius
270 1306 582 1350 introspicerem,
619 1316 641 1339 a
673 1306 849 1349 plurimis

118 1363 220 1387 unus
245 1363 292 1386 ex
315 1354 530 1398 vulgaribus
564 1353 642 1386 illis
674 1353 849 1386 fortunae

118 1398 209 1432 filiis
232 1399 452 1441 haberetur,
486 1399 618 1444 quales
650 1402 737 1444 post
760 1399 851 1432 civi-

120 1445 212 1479 lium
228 1446 515 1480 conversionum
531 1446 662 1480 turbas
676 1447 767 1480 etin
780 1446 849 1479 hac

119 1492 436 1527 nobilissimarum
458 1493 684 1527 familiarum
701 1493 814 1526 ruina
829 1503 851 1526 a

119 1539 281 1574 civitatis
305 1539 469 1574 dominis
494 1543 559 1574 aut
583 1550 851 1585 oppressarum

118 1589 187 1620 aut
201 1586 334 1630 opibus
350 1586 613 1621 destitutarum
629 1587 756 1631 amplo
780 1597 850 1619 uu-

118 1643 223 1667 mero
246 1633 368 1667 exorti
391 1638 520 1675 erant,
545 1634 613 1678 qui
636 1644 752 1678 prava
775 1645 851 1667 am·

119 1679 263 1714 bitione
405 1692 453 1715 ue
470 1681 669 1715 sedulitate
687 1681 727 1714 in
746 1680 852 1714 fami—

118 1726 320 1761 liaritatem
354 1727 582 1762 Maecenatis
623 1729 850 1772 irrepsisset,

119 1776 164 1807 ut
185 1774 350 1809 honores
374 1778 412 1809 et
436 1786 526 1819 opes
546 1778 760 1809 venaretur.
784 1775 851 1808 At·

118 1831 195 1865 que
211 1821 391 1855 adversus
407 1822 505 1856 hanc
521 1823 641 1866 ipsam
659 1822 850 1856 sinistram

119 1867 167 1901 de
184 1877 224 1902 se
241 1869 494 1912 suspicionem
518 1874 556 1903 et
576 1870 770 1903 hominum
788 1873 852 1902 aut

119 1914 370 1960 ignorantiam
425 1919 493 1950 aut
550 1916 850 1950 malevolentiam

118 1961 213 1996 haec
237 1963 352 1997 satira
380 1965 594 2008 conscripta
626 1974 709 1997 esse
741 1963 851 1997 nobis

121 2007 280 2043 videtur.
342 2009 559 2044 Generosus
600 2011 699 2044 enim
740 2012 852 2054 poeta

119 2055 274 2090 virtutis
306 2067 397 2090 suae
429 2058 500 2091 sibi
532 2058 709 2091 conscius
734 2062 771 2091 et
795 2068 852 2091 sa-

119 2101 305 2145 pientium
326 2104 541 2148 praeceptis
566 2105 638 2138 iam
664 2116 686 2138 a
709 2105 851 2138 teneris

119 2149 231 2182 annis
255 2150 442 2183 honorum
466 2162 508 2184 ac
531 2151 745 2184 divitiarum
771 2151 851 2183 ina-

121 2205 208 2228 nem
224 2195 382 2240 gloriam
400 2208 578 2241 spernere
603 2197 758 2231 edoctus
781 2198 852 2231 hoc

121 2244 162 2276 et
182 2241 388 2276 Maecenati
423 2255 493 2277 suo
527 2248 564 2278 et
596 2244 745 2278 sibimet
778 2244 851 2288 ipsi

4 2318 6 2331 ί
46 2328 57 2337 .
120 2287 262 2331 debuit,
288 2293 330 2323 ut
354 2290 498 2324 civibus
523 2292 602 2324 suis
620 2291 853 2325 demonstra-

120 2338 198 2377 ret,
231 2347 307 2380 qua
337 2338 483 2371 ratione
507 2338 734 2372 Maecenatis
764 2339 853 2371 ami-

121 2382 249 2416 citiam
275 2382 347 2417 sibi
381 2385 636 2426 conciliasset,
671 2391 708 2419 et
741 2396 853 2429 quam

121 2429 276 2464 minime
301 2442 346 2465 ea
369 2431 416 2465 ad
444 2432 641 2476 splendida
663 2434 702 2465 in
727 2443 768 2465 re
785 2443 853 2476 pu-

121 2475 220 2510 blica
243 2488 400 2512 munera
415 2479 600 2523 captanda
625 2479 698 2522 [vel
715 2479 762 2512 ad
779 2479 852 2512 ini-

122 2533 218 2567 quos
244 2535 333 2558 suos
358 2536 584 2570 quacunque
618 2527 764 2560 ratione

120 2569 348 2615 grediendos
364 2572 426 2606 vel
442 2573 554 2615 etiam
572 2573 851 2617 opprimendos]

119 2615 226 2650 abuti
250 2618 374 2652 vellet.
416 2619 587 2664 (Scripta
619 2622 712 2653 haec
738 2620 854 2654 satira

123 2663 269 2698 videtur
293 2675 327 2698 a.
352 2677 390 2699 u.
416 2675 447 2699 c.
474 2668 569 2709 717.)

171 2713 243 2744 1-6.
271 2713 455 2753 Lydorum
480 2713 670 2755 quidquid]
696 2713 782 2747 Vid.
806 2714 853 2747 ad

894 927 1012 972 Epod.
1030 930 1064 969 5,
1082 930 1114 961 1.
1155 927 1211 960 Ex
1235 927 1393 970 antiqua
1417 926 1514 959 fama
1542 925 1633 967 (He-

895 975 975 1008 rod.
994 977 1027 1017 1,
1044 975 1118 1016 94.)
1146 974 1310 1008 refutata
1333 984 1356 1007 a
1378 972 1536 1017 Dionys.
1558 972 1633 1006 Ha-

897 1022 959 1055 lic.
989 1025 1018 1055 l.
1051 1033 1087 1066 p.
1113 1023 1157 1055 21
1194 1031 1277 1065 sqq.
1326 1019 1371 1054 B.
1405 1019 1500 1065 Lydi
1537 1019 1634 1053 duce

897 1068 1106 1114 Tyrrheno,
1132 1068 1239 1113 Atyis
1264 1068 1363 1112 regis
1386 1067 1477 1109 filio,
1502 1067 1542 1099 in
1559 1066 1634 1100 lta-

897 1116 983 1149 liam
1002 1126 1087 1150 cum
1105 1116 1448 1160 transmigrassem,
1465 1113 1519 1147 ibi
1538 1114 1634 1160 Τυρ-

898 1163 1026 1207 σηνῶν
1076 1174 1106 1197 s.
1148 1162 1431 1207 Tyrrhenorum
1480 1161 1633 1194 nomine

898 1210 1086 1244 Etruriam
1105 1210 1360 1243 incoluerunt.
1387 1227 1430 1232 —-
1458 1208 1635 1251 Incaluit]

900 1260 1111 1302 „quotquot
1151 1257 1241 1290 olim
1290 1256 1556 1300 immigrarunt
1597 1258 1636 1289 et

898 1316 966 1348 per
993 1309 1172 1348 nepotum
1205 1303 1342 1337 seriem
1373 1302 1496 1336 adhuc
1529 1302 1635 1336 inco-

899 1352 1002 1393 lunt,
1032 1352 1110 1384 sive
1135 1352 1175 1384 in
1202 1350 1286 1394 ipsa
1309 1349 1466 1383 Etruria
1489 1360 1635 1383 manse·

899 1403 1001 1439 runt,
1027 1399 1105 1431 sive
1130 1397 1286 1431 Romam
1312 1407 1352 1430 se
1378 1396 1635 1438 contulerunt,

900 1449 942 1478 ut
966 1448 1116 1488 praeter
1142 1444 1285 1478 Cilnios
1312 1443 1513 1484 Caecinae,
1539 1443 1636 1487 Spu·

900 1492 1066 1525 νὴίιηιι·ι
1118 1494 1189 1525 cet.
1226 1510 1269 1514 —
1308 1490 1635 1534 avus-maternus]

900 1538 1091 1584 Singulari
1117 1549 1219 1572 more
1246 1538 1361 1572 Tusci
1394 1538 1636 1582 metronymi-

899 1586 953 1620 cis
994 1586 1231 1630 frequentius
1273 1586 1386 1619 etiam
1429 1585 1634 1618 utebantur

899 1643 1011 1676 quam
1052 1632 1341 1678 patronymiois,
1390 1635 1434 1665 ut
1478 1635 1637 1676 apparet

898 1680 1027 1714 multis
1050 1691 1097 1714 ex
1112 1679 1433 1724 Inscriptionibus
1450 1678 1636 1720 Etruscis,

899 1727 1083 1771 imprimis
1109 1738 1155 1760 ex
1179 1727 1342 1771 bilingui
1367 1725 1468 1770 apud
1492 1726 1638 1759 Vermi-

898 1774 1072 1818 gliolium
1098 1773 1235 1818 Opusc.
1259 1774 1323 1806 IV.
1348 1785 1385 1818 p.
1410 1775 1479 1807 51:
1510 1775 1649 1822 (JVIN-¹

900 1823 970 1854 TE.
1019 1823 1175 1855 ΖΕΝΤΙ.
1225 1822 1458 1855 ARNTNAL.
1506 1834 1552 1849 z
1594 1822 1637 1862 Q.

898 1870 1103 1903 SENTWS.
1158 1870 1196 1901 L.
1251 1870 1289 1901 F.
1339 1869 1503 1901 ARRIA.
1553 1869 1638 1901 NA-

896 1917 991 1949 ·TVS.
1040 1915 1228 1959 Loquitur
1278 1926 1355 1949 non
1404 1915 1451 1949 de
1501 1914 1637 1948 Cilniis

900 1962 1097 2005 Romanis,
1131 1973 1292 2007 quorum
1326 1973 1435 1996 nemo
1468 1972 1639 2006 unquam

901 2011 1033 2043 consul
1050 2010 1124 2043 fuit
1139 2012 1205 2044 aut
1222 2010 1409 2043 exercitus
1427 2009 1546 2050 duxit,
1570 2009 1638 2043 sed

900 2056 946 2090 de
979 2057 1115 2091 horum
1148 2057 1374 2097 maioribus,
1412 2057 1478 2100 qui
1513 2056 1639 2089 Lucu·

899 2114 1029 2138 mones
1056 2104 1281 2148 (principes)
1306 2103 1448 2137 Arretii
1473 2103 1636 2137 fuerant.

901 2150 1003 2192 (Liv.
1032 2153 1095 2192 10,
1121 2153 1153 2184 3.
1188 2150 1255 2185 Sil.
1278 2151 1362 2183 Ital.
1389 2152 1429 2191 7,
1455 2151 1523 2184 29:
1567 2151 1638 2183 Gil-

902 2199 1003 2239 m'us,
1052 2199 1178 2230 Arreti
1220 2198 1413 2238 Tyrrhenis
1459 2200 1559 2230 ortus
1598 2198 1641 2230 in

902 2246 995 2285 oris,
1026 2245 1177 2277 Clarum
1203 2253 1332 2278 nomen
1358 2245 1464 2288 erat.)
1491 2263 1534 2267 —
1559 2253 1639 2277 πια-

901 2293 981 2331 am's
1001 2291 1214 2334 temonibus]
1242 2291 1535 2334 „exercitibus;“
1562 2299 1640 2324 maa

901 2340 979 2379 onis
996 2342 1122 2371 autem
1138 2339 1196 2380 (in
1215 2349 1289 2382 quo
1303 2339 1519 2379 haeserunt,
1536 2338 1638 2382 quod

902 2395 1031 2418 omnes
1067 2385 1235 2430 legiones
1268 2396 1379 2429 pares
1404 2386 1554 2426 essent)
1581 2385 1638 2418 di-

901 2432 966 2473 xit,
991 2436 1034 2465 ut
1057 2433 1097 2465 in
1123 2443 1235 2466 versu
1262 2432 1441 2466 Saturnio
1466 2434 1507 2466 in
1524 2432 1638 2465 Acilii

902 2478 1119 2513 Glabrionis
1171 2479 1300 2513 tabula
1340 2479 1439 2523 apud
1479 2478 1639 2512 Atilium

790 2538 853 2571 ag-
900 2525 1212 2560 Fortunatianum
1245 2538 1280 2570 p.
1313 2529 1415 2560 2680.
1449 2526 1490 2559 Ρ.
1518 2524 1638 2559 Gaisf.

900 2584 935 2617 p.
962 2575 1056 2606 324:
1096 2575 1251 2615 Fundit,
1284 2576 1409 2615 quat,
1441 2573 1639 2614 prosternit

900 2622 1128 2654 maximas
1162 2622 1338 2661 teutones,
1377 2624 1414 2654 et
1449 2618 1638 2653 Salustius

901 2666 1009 2700 Catil.
1050 2669 1118 2701 53:
1167 2669 1331 2701 Sciebam
1377 2674 1638 2707 saepenumero

902 2715 1100 2758 (populum
1123 2713 1349 2753 Romanum)
1379 2721 1501 2754 parva
1523 2721 1639 2746 manu
