<?xml version="1.0" encoding="UTF-8"?>
<!DOCTYPE html PUBLIC "-//W3C//DTD XHTML 1.0 Transitional//EN"
    "http://www.w3.org/TR/xhtml1/DTD/xhtml1-transitional.dtd">
<html xmlns="http://www.w3.org/1999/xhtml" xml:lang="en" lang="en">
 <head>
  <title>
</title>
<meta http-equiv="Content-Type" content="text/html;charset=utf-8" />
  <meta name='ocr-system' content='tesseract 3.04.00' />
  <meta name='ocr-capabilities' content='ocr_page ocr_carea ocr_par ocr_line ocrx_word'/>
</head>
<body>
  <div class='ocr_page' id='page_1' title='image "./qhoratiusflaccus00horauoft_0223.png"; bbox 0 0 1774 2930; ppageno 0'>
   <div class='ocr_carea' id='block_1_1' title="bbox 650 117 1062 157">
    <p class='ocr_par' dir='ltr' id='par_1_1' title="bbox 650 117 1062 157">
     <span class='ocr_line' id='line_1_1' title="bbox 650 117 1062 157; baseline -0.012 0"><span class='ocrx_word' id='word_1_1' title='bbox 650 121 744 157; x_wconf 79' lang='lat' dir='ltr'>LIB-</span> <span class='ocrx_word' id='word_1_2' title='bbox 767 120 819 155; x_wconf 83' lang='grc' dir='ltr'><strong>Π.</strong></span> <span class='ocrx_word' id='word_1_3' title='bbox 867 118 972 154; x_wconf 74' lang='grc' dir='ltr'><strong>ΒΑΤ.</strong></span> <span class='ocrx_word' id='word_1_4' title='bbox 994 117 1062 152; x_wconf 79' lang='lat' dir='ltr'><strong>VI.</strong></span> 
     </span>
    </p>
   </div>
   <div class='ocr_carea' id='block_1_2' title="bbox 1523 114 1621 169">
    <p class='ocr_par' dir='ltr' id='par_1_2' title="bbox 1523 114 1621 169">
     <span class='ocr_line' id='line_1_2' title="bbox 1523 114 1621 169; baseline -0.01 -14"><span class='ocrx_word' id='word_1_5' title='bbox 1523 114 1621 169; x_wconf 71' lang='lat'>215-</span> 
     </span>
    </p>
   </div>
   <div class='ocr_carea' id='block_1_3' title="bbox 217 215 1519 350">
    <p class='ocr_par' dir='ltr' id='par_1_3' title="bbox 217 215 1519 350">
     <span class='ocr_line' id='line_1_3' title="bbox 217 215 1374 270; baseline -0.011 0"><span class='ocrx_word' id='word_1_6' title='bbox 217 225 487 270; x_wconf 83' lang='lat' dir='ltr'><strong>Luctandum</strong></span> <span class='ocrx_word' id='word_1_7' title='bbox 514 225 562 267; x_wconf 88' lang='lat' dir='ltr'><strong>in</strong></span> <span class='ocrx_word' id='word_1_8' title='bbox 590 223 718 265; x_wconf 86' lang='lat' dir='ltr'><strong>turba</strong></span> <span class='ocrx_word' id='word_1_9' title='bbox 747 226 790 264; x_wconf 89' lang='lat' dir='ltr'><strong>et</strong></span> <span class='ocrx_word' id='word_1_10' title='bbox 820 219 1016 262; x_wconf 86' lang='lat' dir='ltr'><strong>facienda</strong></span> <span class='ocrx_word' id='word_1_11' title='bbox 1044 217 1202 260; x_wconf 85' lang='lat' dir='ltr'><strong>iniuria</strong></span> <span class='ocrx_word' id='word_1_12' title='bbox 1228 215 1374 259; x_wconf 82' lang='lat' dir='ltr'><strong>tardis.</strong></span> 
     </span>
     <span class='ocr_line' id='line_1_4' title="bbox 220 287 1519 350; baseline -0.011 -10"><span class='ocrx_word' id='word_1_13' title='bbox 220 296 334 346; x_wconf 75' lang='lat' dir='ltr'><strong>Quid</strong></span> <span class='ocrx_word' id='word_1_14' title='bbox 362 298 451 350; x_wconf 84' lang='lat' dir='ltr'><strong>vis,</strong></span> <span class='ocrx_word' id='word_1_15' title='bbox 479 296 649 347; x_wconf 87' lang='lat' dir='ltr'><strong>insane,</strong></span> <span class='ocrx_word' id='word_1_16' title='bbox 681 297 724 335; x_wconf 88' lang='lat' dir='ltr'><strong>et</strong></span> <span class='ocrx_word' id='word_1_17' title='bbox 756 306 860 348; x_wconf 85' lang='lat' dir='ltr'><strong>quas</strong></span> <span class='ocrx_word' id='word_1_18' title='bbox 889 305 960 333; x_wconf 87' lang='lat' dir='ltr'><strong>res</strong></span> <span class='ocrx_word' id='word_1_19' title='bbox 990 289 1116 345; x_wconf 80' lang='lat' dir='ltr'><strong>agis?</strong></span> <span class='ocrx_word' id='word_1_20' title='bbox 1145 287 1363 344; x_wconf 85' lang='lat' dir='ltr'><strong>improbus</strong></span> <span class='ocrx_word' id='word_1_21' title='bbox 1394 290 1519 341; x_wconf 82' lang='lat' dir='ltr'><strong>urget</strong></span> 
     </span>
    </p>
   </div>
   <div class='ocr_carea' id='block_1_4' title="bbox 218 358 1341 423">
    <p class='ocr_par' dir='ltr' id='par_1_4' title="bbox 218 358 1341 423">
     <span class='ocr_line' id='line_1_5' title="bbox 218 358 1341 423; baseline -0.009 -13"><span class='ocrx_word' id='word_1_22' title='bbox 218 368 343 410; x_wconf 87' lang='lat' dir='ltr'><strong>Iratis</strong></span> <span class='ocrx_word' id='word_1_23' title='bbox 373 366 595 423; x_wconf 78' lang='lat' dir='ltr'><strong>precibu83</strong></span> <span class='ocrx_word' id='word_1_24' title='bbox 626 369 674 406; x_wconf 90' lang='lat' dir='ltr'><strong>tu</strong></span> <span class='ocrx_word' id='word_1_25' title='bbox 704 363 851 420; x_wconf 90' lang='lat' dir='ltr'><strong>pulses</strong></span> <span class='ocrx_word' id='word_1_26' title='bbox 882 375 1006 404; x_wconf 92' lang='lat' dir='ltr'><strong>omne</strong></span> <span class='ocrx_word' id='word_1_27' title='bbox 1037 359 1150 416; x_wconf 87' lang='lat' dir='ltr'><strong>quod</strong></span> <span class='ocrx_word' id='word_1_28' title='bbox 1179 358 1341 411; x_wconf 80' lang='lat' dir='ltr'><strong>obstat,</strong></span> 
     </span>
    </p>
   </div>
   <div class='ocr_carea' id='block_1_5' title="bbox 1556 356 1612 396">
    <p class='ocr_par' dir='ltr' id='par_1_5' title="bbox 1556 356 1612 396">
     <span class='ocr_line' id='line_1_6' title="bbox 1556 356 1612 396; baseline 0 0"><span class='ocrx_word' id='word_1_29' title='bbox 1556 356 1612 396; x_wconf 87' lang='lat'><strong>30</strong></span> 
     </span>
    </p>
   </div>
   <div class='ocr_carea' id='block_1_6' title="bbox 217 433 1553 706">
    <p class='ocr_par' dir='ltr' id='par_1_6' title="bbox 219 433 1296 481">
     <span class='ocr_line' id='line_1_7' title="bbox 219 433 1296 481; baseline -0.01 0"><span class='ocrx_word' id='word_1_30' title='bbox 219 438 290 480; x_wconf 78' lang='lat' dir='ltr'><strong>Ad</strong></span> <span class='ocrx_word' id='word_1_31' title='bbox 317 438 611 481; x_wconf 82' lang='lat' dir='ltr'><strong>Maecenatem</strong></span> <span class='ocrx_word' id='word_1_32' title='bbox 640 434 818 476; x_wconf 90' lang='lat' dir='ltr'><strong>memori</strong></span> <span class='ocrx_word' id='word_1_33' title='bbox 850 433 887 474; x_wconf 90' lang='lat' dir='ltr'><strong>si</strong></span> <span class='ocrx_word' id='word_1_34' title='bbox 917 436 1059 474; x_wconf 88' lang='lat' dir='ltr'><strong>mente</strong></span> <span class='ocrx_word' id='word_1_35' title='bbox 1089 443 1296 472; x_wconf 86' lang='lat' dir='ltr'><strong>recurras.</strong></span> 
     </span>
    </p>

    <p class='ocr_par' dir='ltr' id='par_1_7' title="bbox 217 491 1553 633">
     <span class='ocr_line' id='line_1_8' title="bbox 217 491 1553 559; baseline -0.01 -7"><span class='ocrx_word' id='word_1_36' title='bbox 217 509 314 551; x_wconf 87' lang='lat' dir='ltr'><strong>Hoc</strong></span> <span class='ocrx_word' id='word_1_37' title='bbox 343 509 460 551; x_wconf 81' lang='lat' dir='ltr'><strong>iuvat</strong></span> <span class='ocrx_word' id='word_1_38' title='bbox 491 511 534 550; x_wconf 91' lang='lat' dir='ltr'><strong>et</strong></span> <span class='ocrx_word' id='word_1_39' title='bbox 563 506 679 548; x_wconf 91' lang='lat' dir='ltr'><strong>melli</strong></span> <span class='ocrx_word' id='word_1_40' title='bbox 711 510 797 559; x_wconf 73' lang='lat' dir='ltr'><strong>est,</strong></span> <span class='ocrx_word' id='word_1_41' title='bbox 829 518 916 546; x_wconf 92' lang='lat' dir='ltr'><strong>non</strong></span> <span class='ocrx_word' id='word_1_42' title='bbox 947 503 1140 545; x_wconf 88' lang='lat' dir='ltr'><strong>mentiar.</strong></span> <span class='ocrx_word' id='word_1_43' title='bbox 1191 500 1253 542; x_wconf 89' lang='lat' dir='ltr'><strong>At</strong></span> <span class='ocrx_word' id='word_1_44' title='bbox 1282 499 1409 541; x_wconf 89' lang='lat' dir='ltr'><strong>simul</strong></span> <span class='ocrx_word' id='word_1_45' title='bbox 1440 491 1553 540; x_wconf 75' lang='lat' dir='ltr'><strong>atras</strong></span> 
     </span>
     <span class='ocr_line' id='line_1_9' title="bbox 219 573 1350 633; baseline -0.008 -12"><span class='ocrx_word' id='word_1_46' title='bbox 219 579 408 623; x_wconf 81' lang='lat' dir='ltr'><strong>Ventum</strong></span> <span class='ocrx_word' id='word_1_47' title='bbox 439 582 505 621; x_wconf 91' lang='lat' dir='ltr'><strong>est</strong></span> <span class='ocrx_word' id='word_1_48' title='bbox 534 577 776 633; x_wconf 73' lang='lat' dir='ltr'>Esquiliae,</span> <span class='ocrx_word' id='word_1_49' title='bbox 809 575 949 617; x_wconf 81' lang='lat' dir='ltr'><strong>aliena</strong></span> <span class='ocrx_word' id='word_1_50' title='bbox 976 573 1150 629; x_wconf 86' lang='lat' dir='ltr'><strong>negotia</strong></span> <span class='ocrx_word' id='word_1_51' title='bbox 1180 574 1350 614; x_wconf 89' lang='lat' dir='ltr'><strong>centum</strong></span> 
     </span>
    </p>

    <p class='ocr_par' dir='ltr' id='par_1_8' title="bbox 221 641 1448 706">
     <span class='ocr_line' id='line_1_10' title="bbox 221 641 1448 706; baseline -0.009 -13"><span class='ocrx_word' id='word_1_52' title='bbox 221 649 307 693; x_wconf 87' lang='lat' dir='ltr'><strong>Per</strong></span> <span class='ocrx_word' id='word_1_53' title='bbox 338 653 466 706; x_wconf 88' lang='lat' dir='ltr'><strong>caput</strong></span> <span class='ocrx_word' id='word_1_54' title='bbox 496 654 539 691; x_wconf 90' lang='lat' dir='ltr'><strong>et</strong></span> <span class='ocrx_word' id='word_1_55' title='bbox 570 649 681 690; x_wconf 84' lang='lat' dir='ltr'><strong>circa</strong></span> <span class='ocrx_word' id='word_1_56' title='bbox 710 646 867 689; x_wconf 84' lang='lat' dir='ltr'><strong>saliunt</strong></span> <span class='ocrx_word' id='word_1_57' title='bbox 895 645 1020 687; x_wconf 88' lang='lat' dir='ltr'><strong>latus.</strong></span> <span class='ocrx_word' id='word_1_58' title='bbox 1073 643 1188 685; x_wconf 89' lang='lat' dir='ltr'><strong>Ante</strong></span> <span class='ocrx_word' id='word_1_59' title='bbox 1218 641 1448 684; x_wconf 83' lang='lat' dir='ltr'><strong>secundam</strong></span> 
     </span>
    </p>
   </div>
   <div class='ocr_carea' id='block_1_7' title="bbox 221 714 1305 763">
    <p class='ocr_par' dir='ltr' id='par_1_9' title="bbox 221 714 1305 763">
     <span class='ocr_line' id='line_1_11' title="bbox 221 714 1305 763; baseline -0.008 0"><span class='ocrx_word' id='word_1_60' title='bbox 221 721 404 763; x_wconf 81' lang='lat' dir='ltr'><strong>Roscius</strong></span> <span class='ocrx_word' id='word_1_61' title='bbox 435 720 584 762; x_wconf 84' lang='lat' dir='ltr'><strong>orabat</strong></span> <span class='ocrx_word' id='word_1_62' title='bbox 614 718 696 760; x_wconf 90' lang='lat' dir='ltr'><strong>sibi</strong></span> <span class='ocrx_word' id='word_1_63' title='bbox 728 717 902 760; x_wconf 76' lang='lat' dir='ltr'>adesses</span> <span class='ocrx_word' id='word_1_64' title='bbox 933 715 987 757; x_wconf 86' lang='lat' dir='ltr'><strong>ad</strong></span> <span class='ocrx_word' id='word_1_65' title='bbox 1013 714 1168 756; x_wconf 88' lang='lat' dir='ltr'><strong>Puteal</strong></span> <span class='ocrx_word' id='word_1_66' title='bbox 1198 727 1305 755; x_wconf 86' lang='lat' dir='ltr'><strong>cras.</strong></span> 
     </span>
    </p>
   </div>
   <div class='ocr_carea' id='block_1_8' title="bbox 1561 710 1616 751">
    <p class='ocr_par' dir='ltr' id='par_1_10' title="bbox 1561 710 1616 751">
     <span class='ocr_line' id='line_1_12' title="bbox 1561 710 1616 751; baseline 0.018 -1"><span class='ocrx_word' id='word_1_67' title='bbox 1561 710 1616 751; x_wconf 88' lang='lat'><strong>35</strong></span> 
     </span>
    </p>
   </div>
   <div class='ocr_carea' id='block_1_9' title="bbox 152 836 1575 1122">
    <p class='ocr_par' dir='ltr' id='par_1_11' title="bbox 152 836 1575 1122">
     <span class='ocr_line' id='line_1_13' title="bbox 201 836 1571 887; baseline -0.008 -9"><span class='ocrx_word' id='word_1_68' title='bbox 201 846 258 878; x_wconf 82' lang='lat'><strong>28.</strong></span> <span class='ocrx_word' id='word_1_69' title='bbox 283 845 409 887; x_wconf 74' lang='lat' dir='ltr'><strong>turba,</strong></span> <span class='ocrx_word' id='word_1_70' title='bbox 434 844 606 886; x_wconf 72' lang='lat' dir='ltr'><strong>facienda</strong></span> <span class='ocrx_word' id='word_1_71' title='bbox 629 840 718 875; x_wconf 89' lang='lat' dir='ltr'><strong>LCt.</strong></span> <span class='ocrx_word' id='word_1_72' title='bbox 745 860 787 864; x_wconf 93' lang='lat'><strong>—</strong></span> <span class='ocrx_word' id='word_1_73' title='bbox 814 841 870 874; x_wconf 83' lang='lat'><strong>29.</strong></span> <span class='ocrx_word' id='word_1_74' title='bbox 897 839 993 881; x_wconf 78' lang='lat' dir='ltr'><strong>Quid</strong></span> <span class='ocrx_word' id='word_1_75' title='bbox 1017 840 1082 872; x_wconf 72' lang='lat' dir='ltr'><strong>tibi</strong></span> <span class='ocrx_word' id='word_1_76' title='bbox 1104 839 1171 879; x_wconf 66' lang='lat' dir='ltr'><strong>vis,</strong></span> <span class='ocrx_word' id='word_1_77' title='bbox 1195 845 1287 878; x_wconf 81' lang='lat' dir='ltr'><strong>quas</strong></span> <span class='ocrx_word' id='word_1_78' title='bbox 1311 845 1370 870; x_wconf 76' lang='lat' dir='ltr'><strong>res</strong></span> <span class='ocrx_word' id='word_1_79' title='bbox 1395 836 1490 877; x_wconf 65' lang='lat' dir='ltr'><strong>anis,</strong></span> <span class='ocrx_word' id='word_1_80' title='bbox 1516 836 1571 867; x_wconf 72' lang='lat' dir='ltr'><strong>in-</strong></span> 
     </span>
     <span class='ocr_line' id='line_1_14' title="bbox 152 885 1572 934; baseline -0.007 -9"><span class='ocrx_word' id='word_1_81' title='bbox 152 893 267 925; x_wconf 74' lang='lat' dir='ltr'><strong>sane?</strong></span> <span class='ocrx_word' id='word_1_82' title='bbox 290 892 475 934; x_wconf 77' lang='lat' dir='ltr'><strong>improbus</strong></span> <span class='ocrx_word' id='word_1_83' title='bbox 499 892 606 931; x_wconf 73' lang='lat' dir='ltr'><strong>urael</strong></span> <span class='ocrx_word' id='word_1_84' title='bbox 630 890 706 922; x_wconf 87' lang='lat' dir='ltr'><strong>tres</strong></span> <span class='ocrx_word' id='word_1_85' title='bbox 732 886 934 929; x_wconf 83' lang='lat' dir='ltr'><strong>Torrentii‚</strong></span> <span class='ocrx_word' id='word_1_86' title='bbox 962 887 1057 928; x_wconf 78' lang='lat' dir='ltr'><strong>Quid</strong></span> <span class='ocrx_word' id='word_1_87' title='bbox 1080 886 1145 918; x_wconf 74' lang='lat' dir='ltr'><strong>tim·</strong></span> <span class='ocrx_word' id='word_1_88' title='bbox 1167 886 1231 924; x_wconf 77' lang='lat' dir='ltr'><strong>vis,</strong></span> <span class='ocrx_word' id='word_1_89' title='bbox 1255 885 1395 925; x_wconf 77' lang='lat' dir='ltr'><strong>imaue,</strong></span> <span class='ocrx_word' id='word_1_90' title='bbox 1422 885 1455 916; x_wconf 79' lang='lat' dir='ltr'><strong>et</strong></span> <span class='ocrx_word' id='word_1_91' title='bbox 1480 891 1572 923; x_wconf 77' lang='lat' dir='ltr'><strong>quas</strong></span> 
     </span>
     <span class='ocr_line' id='line_1_15' title="bbox 154 931 1573 980; baseline -0.007 -8"><span class='ocrx_word' id='word_1_92' title='bbox 154 948 212 972; x_wconf 79' lang='lat' dir='ltr'><strong>res</strong></span> <span class='ocrx_word' id='word_1_93' title='bbox 234 939 418 980; x_wconf 74' lang='lat' dir='ltr'><strong>improbus</strong></span> <span class='ocrx_word' id='word_1_94' title='bbox 442 939 576 979; x_wconf 69' lang='lat' dir='ltr'><strong>urae-3?</strong></span> <span class='ocrx_word' id='word_1_95' title='bbox 601 938 726 970; x_wconf 74' lang='lat' dir='ltr'><strong>Iratus</strong></span> <span class='ocrx_word' id='word_1_96' title='bbox 753 934 838 978; x_wconf 90' lang='lat' dir='ltr'><strong>(sic)</strong></span> <span class='ocrx_word' id='word_1_97' title='bbox 866 933 954 967; x_wconf 86' lang='lat' dir='ltr'><strong>Cod.</strong></span> <span class='ocrx_word' id='word_1_98' title='bbox 973 932 1109 974; x_wconf 83' lang='lat' dir='ltr'><strong>Guelf.,</strong></span> <span class='ocrx_word' id='word_1_99' title='bbox 1136 933 1231 974; x_wconf 73' lang='lat' dir='ltr'><strong>Quid</strong></span> <span class='ocrx_word' id='word_1_100' title='bbox 1255 932 1319 964; x_wconf 75' lang='lat' dir='ltr'><strong>tibi</strong></span> <span class='ocrx_word' id='word_1_101' title='bbox 1342 931 1407 971; x_wconf 70' lang='lat' dir='ltr'><strong>vis,</strong></span> <span class='ocrx_word' id='word_1_102' title='bbox 1432 931 1573 969; x_wconf 72' lang='lat' dir='ltr'><strong>insane,</strong></span> 
     </span>
     <span class='ocr_line' id='line_1_16' title="bbox 158 975 1573 1027; baseline -0.008 -7"><span class='ocrx_word' id='word_1_103' title='bbox 158 989 189 1020; x_wconf 75' lang='lat' dir='ltr'><strong>el</strong></span> <span class='ocrx_word' id='word_1_104' title='bbox 213 994 324 1027; x_wconf 74' lang='lat' dir='ltr'><strong>quam</strong></span> <span class='ocrx_word' id='word_1_105' title='bbox 347 994 425 1019; x_wconf 83' lang='lat' dir='ltr'><strong>rem</strong></span> <span class='ocrx_word' id='word_1_106' title='bbox 450 985 555 1026; x_wconf 63' lang='lat' dir='ltr'><strong>avis?</strong></span> <span class='ocrx_word' id='word_1_107' title='bbox 585 984 770 1025; x_wconf 79' lang='lat' dir='ltr'><strong>improbus</strong></span> <span class='ocrx_word' id='word_1_108' title='bbox 801 984 905 1022; x_wconf 71' lang='lat' dir='ltr'><strong>urae!</strong></span> <span class='ocrx_word' id='word_1_109' title='bbox 931 981 1044 1014; x_wconf 73' lang='lat' dir='ltr'><strong>Iralis</strong></span> <span class='ocrx_word' id='word_1_110' title='bbox 1070 980 1189 1022; x_wconf 77' lang='lat' dir='ltr'><strong>(Quid</strong></span> <span class='ocrx_word' id='word_1_111' title='bbox 1212 980 1278 1011; x_wconf 75' lang='lat' dir='ltr'><strong>eibi</strong></span> <span class='ocrx_word' id='word_1_112' title='bbox 1309 979 1363 1011; x_wconf 73' lang='lat' dir='ltr'><strong>vis</strong></span> <span class='ocrx_word' id='word_1_113' title='bbox 1398 988 1417 1011; x_wconf 89' lang='lat' dir='ltr'><strong>e</strong></span> <span class='ocrx_word' id='word_1_114' title='bbox 1444 975 1573 1017; x_wconf 88' lang='lat' dir='ltr'><strong>Codd.,</strong></span> 
     </span>
     <span class='ocr_line' id='line_1_17' title="bbox 157 1028 1574 1075; baseline -0.007 -9"><span class='ocrx_word' id='word_1_115' title='bbox 157 1041 266 1073; x_wconf 77' lang='lat' dir='ltr'><strong>quam</strong></span> <span class='ocrx_word' id='word_1_116' title='bbox 289 1041 367 1066; x_wconf 84' lang='lat' dir='ltr'><strong>rem</strong></span> <span class='ocrx_word' id='word_1_117' title='bbox 391 1032 508 1075; x_wconf 88' lang='lat' dir='ltr'><strong>coni.)</strong></span> <span class='ocrx_word' id='word_1_118' title='bbox 534 1030 750 1071; x_wconf 63' lang='lat' dir='ltr'><strong>Bentkzius,</strong></span> <span class='ocrx_word' id='word_1_119' title='bbox 785 1030 880 1071; x_wconf 75' lang='lat' dir='ltr'><strong>Quid</strong></span> <span class='ocrx_word' id='word_1_120' title='bbox 912 1029 977 1061; x_wconf 78' lang='lat' dir='ltr'><strong>libi</strong></span> <span class='ocrx_word' id='word_1_121' title='bbox 1007 1029 1079 1069; x_wconf 77' lang='lat' dir='ltr'><strong>vis,</strong></span> <span class='ocrx_word' id='word_1_122' title='bbox 1113 1028 1259 1067; x_wconf 75' lang='lat' dir='ltr'><strong>insane,</strong></span> <span class='ocrx_word' id='word_1_123' title='bbox 1294 1028 1326 1059; x_wconf 79' lang='lat' dir='ltr'><strong>el</strong></span> <span class='ocrx_word' id='word_1_124' title='bbox 1360 1033 1472 1066; x_wconf 79' lang='lat' dir='ltr'><strong>quam</strong></span> <span class='ocrx_word' id='word_1_125' title='bbox 1496 1032 1574 1057; x_wconf 78' lang='lat' dir='ltr'><strong>rem</strong></span> 
     </span>
     <span class='ocr_line' id='line_1_18' title="bbox 157 1070 1575 1122; baseline -0.007 -8"><span class='ocrx_word' id='word_1_126' title='bbox 157 1081 233 1121; x_wconf 70' lang='lat' dir='ltr'><strong>acis</strong></span> <span class='ocrx_word' id='word_1_127' title='bbox 255 1081 459 1122; x_wconf 68' lang='lat' dir='ltr'><strong>improbus,</strong></span> <span class='ocrx_word' id='word_1_128' title='bbox 492 1081 596 1120; x_wconf 74' lang='lat' dir='ltr'><strong>uraet</strong></span> <span class='ocrx_word' id='word_1_129' title='bbox 622 1079 736 1111; x_wconf 73' lang='lat' dir='ltr'><strong>Iralis</strong></span> <span class='ocrx_word' id='word_1_130' title='bbox 762 1075 958 1110; x_wconf 78' lang='lat' dir='ltr'><strong>Heindorf.</strong></span> <span class='ocrx_word' id='word_1_131' title='bbox 986 1094 1028 1098; x_wconf 93' lang='lat'>-</span> <span class='ocrx_word' id='word_1_132' title='bbox 1056 1077 1113 1108; x_wconf 88' lang='lat'><strong>33.</strong></span> <span class='ocrx_word' id='word_1_133' title='bbox 1138 1074 1323 1114; x_wconf 73' lang='lat' dir='ltr'><strong>Esquilias</strong></span> <span class='ocrx_word' id='word_1_134' title='bbox 1347 1070 1513 1114; x_wconf 82' lang='lat' dir='ltr'><strong>bSc‚LCt</strong></span> <span class='ocrx_word' id='word_1_135' title='bbox 1538 1074 1575 1105; x_wconf 90' lang='lat' dir='ltr'><strong>et</strong></span> 
     </span>
    </p>
   </div>
   <div class='ocr_carea' id='block_1_10' title="bbox 156 1124 616 1168">
    <p class='ocr_par' dir='ltr' id='par_1_12' title="bbox 156 1124 616 1168">
     <span class='ocr_line' id='line_1_19' title="bbox 156 1124 616 1168; baseline -0.004 -8"><span class='ocrx_word' id='word_1_136' title='bbox 156 1125 296 1161; x_wconf 88' lang='lat' dir='ltr'><strong>Bent1.:</strong></span> <span class='ocrx_word' id='word_1_137' title='bbox 320 1127 513 1168; x_wconf 58' lang='lat' dir='ltr'><strong>Eat-quilius</strong></span> <span class='ocrx_word' id='word_1_138' title='bbox 537 1124 616 1159; x_wconf 69' lang='grc' dir='ltr'><strong>ΡΜ.</strong></span> 
     </span>
    </p>
   </div>
   <div class='ocr_carea' id='block_1_11' title="bbox 110 1224 854 2724">
    <p class='ocr_par' dir='ltr' id='par_1_13' title="bbox 110 1224 845 1832">
     <span class='ocr_line' id='line_1_20' title="bbox 110 1224 843 1272; baseline -0.005 -11"><span class='ocrx_word' id='word_1_139' title='bbox 110 1227 293 1272; x_wconf 80' lang='lat' dir='ltr'><strong>legitima3</strong></span> <span class='ocrx_word' id='word_1_140' title='bbox 327 1230 531 1271; x_wconf 87' lang='lat' dir='ltr'><strong>utrumque</strong></span> <span class='ocrx_word' id='word_1_141' title='bbox 565 1229 689 1260; x_wconf 83' lang='lat' dir='ltr'><strong>autem</strong></span> <span class='ocrx_word' id='word_1_142' title='bbox 725 1236 757 1258; x_wconf 76' lang='lat' dir='ltr'><strong>V.</strong></span> <span class='ocrx_word' id='word_1_143' title='bbox 790 1224 843 1257; x_wconf 84' lang='lat' dir='ltr'><strong>ita</strong></span> 
     </span>
     <span class='ocr_line' id='line_1_21' title="bbox 111 1272 843 1320; baseline -0.007 -12"><span class='ocrx_word' id='word_1_144' title='bbox 111 1274 281 1320; x_wconf 82' lang='lat' dir='ltr'><strong>iungitur</strong></span> <span class='ocrx_word' id='word_1_145' title='bbox 312 1274 353 1308; x_wconf 90' lang='lat' dir='ltr'><strong>in</strong></span> <span class='ocrx_word' id='word_1_146' title='bbox 385 1274 548 1308; x_wconf 81' lang='lat' dir='ltr'><strong>formula</strong></span> <span class='ocrx_word' id='word_1_147' title='bbox 577 1273 677 1317; x_wconf 86' lang='lat' dir='ltr'><strong>apud</strong></span> <span class='ocrx_word' id='word_1_148' title='bbox 702 1272 783 1305; x_wconf 88' lang='lat' dir='ltr'><strong>Liv.</strong></span> <span class='ocrx_word' id='word_1_149' title='bbox 812 1275 843 1312; x_wconf 98' lang='grc'><strong>1,</strong></span> 
     </span>
     <span class='ocr_line' id='line_1_22' title="bbox 117 1320 843 1363; baseline -0.004 -9"><span class='ocrx_word' id='word_1_150' title='bbox 117 1323 180 1354; x_wconf 88' lang='lat'><strong>18:</strong></span> <span class='ocrx_word' id='word_1_151' title='bbox 198 1323 372 1363; x_wconf 74' lang='lat' dir='ltr'><strong>luppiter,</strong></span> <span class='ocrx_word' id='word_1_152' title='bbox 386 1339 401 1346; x_wconf 93' lang='lat'>-</span> <span class='ocrx_word' id='word_1_153' title='bbox 415 1340 430 1346; x_wconf 96' lang='lat'><em>-</em></span> <span class='ocrx_word' id='word_1_154' title='bbox 444 1324 483 1354; x_wconf 71' lang='lat' dir='ltr'><strong>tu</strong></span> <span class='ocrx_word' id='word_1_155' title='bbox 500 1322 607 1362; x_wconf 71' lang='lat' dir='ltr'><strong>siqua</strong></span> <span class='ocrx_word' id='word_1_156' title='bbox 624 1321 725 1352; x_wconf 74' lang='lat' dir='ltr'><strong>nobis</strong></span> <span class='ocrx_word' id='word_1_157' title='bbox 743 1320 843 1352; x_wconf 74' lang='lat' dir='ltr'><strong>certa</strong></span> 
     </span>
     <span class='ocr_line' id='line_1_23' title="bbox 115 1364 844 1412; baseline -0.005 -11"><span class='ocrx_word' id='word_1_158' title='bbox 115 1368 356 1410; x_wconf 70' lang='lat' dir='ltr'><strong>adclarassis3</strong></span> <span class='ocrx_word' id='word_1_159' title='bbox 374 1370 412 1402; x_wconf 84' lang='lat' dir='ltr'><strong>et</strong></span> <span class='ocrx_word' id='word_1_160' title='bbox 423 1378 579 1412; x_wconf 82' lang='lat' dir='ltr'><strong>prorsus</strong></span> <span class='ocrx_word' id='word_1_161' title='bbox 593 1370 635 1400; x_wconf 91' lang='lat' dir='ltr'><strong>ut</strong></span> <span class='ocrx_word' id='word_1_162' title='bbox 650 1367 687 1399; x_wconf 84' lang='lat' dir='ltr'><strong>h.</strong></span> <span class='ocrx_word' id='word_1_163' title='bbox 702 1366 726 1398; x_wconf 95' lang='lat' dir='ltr'><strong>l.</strong></span> <span class='ocrx_word' id='word_1_164' title='bbox 744 1364 844 1409; x_wconf 86' lang='lat' dir='ltr'><strong>apud</strong></span> 
     </span>
     <span class='ocr_line' id='line_1_24' title="bbox 115 1412 843 1455; baseline -0.005 -7"><span class='ocrx_word' id='word_1_165' title='bbox 115 1412 251 1448; x_wconf 80' lang='lat' dir='ltr'><strong>Senec.</strong></span> <span class='ocrx_word' id='word_1_166' title='bbox 275 1413 370 1448; x_wconf 86' lang='lat' dir='ltr'><strong>Lud.</strong></span> <span class='ocrx_word' id='word_1_167' title='bbox 389 1417 427 1447; x_wconf 87' lang='lat'><strong>1:</strong></span> <span class='ocrx_word' id='word_1_168' title='bbox 453 1422 688 1455; x_wconf 68' lang='lat' dir='ltr'><strong>quaecunque</strong></span> <span class='ocrx_word' id='word_1_169' title='bbox 706 1413 843 1452; x_wconf 77' lang='lat' dir='ltr'><strong>audivi,</strong></span> 
     </span>
     <span class='ocr_line' id='line_1_25' title="bbox 116 1461 844 1502; baseline -0.004 -8"><span class='ocrx_word' id='word_1_170' title='bbox 116 1463 216 1494; x_wconf 76' lang='lat' dir='ltr'><strong>certa</strong></span> <span class='ocrx_word' id='word_1_171' title='bbox 249 1461 420 1502; x_wconf 79' lang='lat' dir='ltr'><strong>claraque</strong></span> <span class='ocrx_word' id='word_1_172' title='bbox 453 1463 578 1501; x_wconf 78' lang='lat' dir='ltr'><strong>affero.</strong></span> <span class='ocrx_word' id='word_1_173' title='bbox 612 1479 654 1483; x_wconf 86' lang='lat'><strong>—</strong></span> <span class='ocrx_word' id='word_1_174' title='bbox 687 1461 844 1492; x_wconf 75' lang='lat' dir='ltr'><strong>Luctan-</strong></span> 
     </span>
     <span class='ocr_line' id='line_1_26' title="bbox 115 1505 845 1552; baseline -0.003 -11"><span class='ocrx_word' id='word_1_175' title='bbox 115 1507 223 1551; x_wconf 78' lang='lat' dir='ltr'><strong>dum]</strong></span> <span class='ocrx_word' id='word_1_176' title='bbox 243 1518 408 1550; x_wconf 81' lang='lat' dir='ltr'><strong>„summo</strong></span> <span class='ocrx_word' id='word_1_177' title='bbox 426 1508 553 1542; x_wconf 79' lang='lat' dir='ltr'><strong>labore</strong></span> <span class='ocrx_word' id='word_1_178' title='bbox 570 1505 845 1552; x_wconf 82' lang='lat' dir='ltr'><strong>penetrandum</strong></span> 
     </span>
     <span class='ocr_line' id='line_1_27' title="bbox 116 1553 843 1600; baseline -0.003 -12"><span class='ocrx_word' id='word_1_179' title='bbox 116 1556 174 1588; x_wconf 87' lang='lat' dir='ltr'><strong>est</strong></span> <span class='ocrx_word' id='word_1_180' title='bbox 196 1565 266 1600; x_wconf 89' lang='lat' dir='ltr'><strong>per</strong></span> <span class='ocrx_word' id='word_1_181' title='bbox 284 1555 444 1598; x_wconf 85' lang='lat' dir='ltr'><strong>turbam,</strong></span> <span class='ocrx_word' id='word_1_182' title='bbox 469 1555 522 1589; x_wconf 85' lang='lat' dir='ltr'><strong>ita</strong></span> <span class='ocrx_word' id='word_1_183' title='bbox 538 1558 580 1588; x_wconf 90' lang='lat' dir='ltr'><strong>ut</strong></span> <span class='ocrx_word' id='word_1_184' title='bbox 602 1554 643 1587; x_wconf 92' lang='lat' dir='ltr'><strong>in</strong></span> <span class='ocrx_word' id='word_1_185' title='bbox 660 1553 843 1588; x_wconf 81' lang='lat' dir='ltr'><strong>tardiores</strong></span> 
     </span>
     <span class='ocr_line' id='line_1_28' title="bbox 114 1601 844 1647; baseline -0.005 -10"><span class='ocrx_word' id='word_1_186' title='bbox 114 1601 316 1647; x_wconf 75' lang='lat' dir='ltr'><strong>impingam</strong></span> <span class='ocrx_word' id='word_1_187' title='bbox 348 1613 491 1647; x_wconf 84' lang='lat' dir='ltr'><strong>eosque</strong></span> <span class='ocrx_word' id='word_1_188' title='bbox 528 1602 693 1646; x_wconf 82' lang='lat' dir='ltr'><strong>pulsem,</strong></span> <span class='ocrx_word' id='word_1_189' title='bbox 731 1603 844 1644; x_wconf 87' lang='lat' dir='ltr'><strong>atque</strong></span> 
     </span>
     <span class='ocr_line' id='line_1_29' title="bbox 113 1647 844 1683; baseline -0.001 -1"><span class='ocrx_word' id='word_1_190' title='bbox 113 1647 208 1683; x_wconf 77' lang='lat' dir='ltr'><strong>adeo</strong></span> <span class='ocrx_word' id='word_1_191' title='bbox 233 1649 304 1683; x_wconf 86' lang='lat' dir='ltr'><strong>etsi</strong></span> <span class='ocrx_word' id='word_1_192' title='bbox 336 1649 478 1682; x_wconf 84' lang='lat' dir='ltr'><strong>invitus</strong></span> <span class='ocrx_word' id='word_1_193' title='bbox 510 1649 651 1682; x_wconf 70' lang='lat' dir='ltr'><strong>iniuria</strong></span> <span class='ocrx_word' id='word_1_194' title='bbox 676 1658 739 1682; x_wconf 89' lang='lat' dir='ltr'><strong>eos</strong></span> <span class='ocrx_word' id='word_1_195' title='bbox 764 1647 844 1681; x_wconf 85' lang='lat' dir='ltr'><strong>affi-</strong></span> 
     </span>
     <span class='ocr_line' id='line_1_30' title="bbox 115 1695 843 1737; baseline -0.004 -7"><span class='ocrx_word' id='word_1_196' title='bbox 115 1695 243 1730; x_wconf 52' lang='lat' dir='ltr'><strong>ciam!</strong></span> <span class='ocrx_word' id='word_1_197' title='bbox 293 1696 415 1730; x_wconf 78' lang='lat' dir='ltr'><strong>Plaut.</strong></span> <span class='ocrx_word' id='word_1_198' title='bbox 452 1695 602 1729; x_wconf 86' lang='lat' dir='ltr'><strong>Mercat.</strong></span> <span class='ocrx_word' id='word_1_199' title='bbox 646 1698 663 1728; x_wconf 89' lang='lat'>1</span> <span class='ocrx_word' id='word_1_200' title='bbox 678 1721 687 1737; x_wconf 96' lang='lat'><strong>,</strong></span> <span class='ocrx_word' id='word_1_201' title='bbox 726 1697 766 1736; x_wconf 82' lang='lat'><strong>1,</strong></span> <span class='ocrx_word' id='word_1_202' title='bbox 803 1697 843 1727; x_wconf 83' lang='lat'><strong>9:</strong></span> 
     </span>
     <span class='ocr_line' id='line_1_31' title="bbox 113 1743 843 1785; baseline -0.001 -10"><span class='ocrx_word' id='word_1_203' title='bbox 113 1743 160 1775; x_wconf 72' lang='lat' dir='ltr'><strong>Et</strong></span> <span class='ocrx_word' id='word_1_204' title='bbox 184 1745 402 1777; x_wconf 76' lang='lat' dir='ltr'><strong>currendam</strong></span> <span class='ocrx_word' id='word_1_205' title='bbox 418 1746 450 1777; x_wconf 76' lang='lat' dir='ltr'><strong>et</strong></span> <span class='ocrx_word' id='word_1_206' title='bbox 463 1744 702 1785; x_wconf 72' lang='lat' dir='ltr'><strong>manandum</strong></span> <span class='ocrx_word' id='word_1_207' title='bbox 729 1745 760 1774; x_wconf 79' lang='lat' dir='ltr'><strong>et</strong></span> <span class='ocrx_word' id='word_1_208' title='bbox 777 1751 843 1775; x_wconf 78' lang='lat' dir='ltr'><strong>au-</strong></span> 
     </span>
     <span class='ocr_line' id='line_1_32' title="bbox 115 1791 662 1832; baseline 0 -10"><span class='ocrx_word' id='word_1_209' title='bbox 115 1791 187 1822; x_wconf 71' lang='lat' dir='ltr'><strong>tem</strong></span> <span class='ocrx_word' id='word_1_210' title='bbox 209 1791 429 1832; x_wconf 75' lang='lat' dir='ltr'><strong>iuraandum</strong></span> <span class='ocrx_word' id='word_1_211' title='bbox 454 1793 503 1823; x_wconf 79' lang='lat' dir='ltr'><strong>est</strong></span> <span class='ocrx_word' id='word_1_212' title='bbox 527 1792 567 1823; x_wconf 76' lang='lat' dir='ltr'><strong>in</strong></span> <span class='ocrx_word' id='word_1_213' title='bbox 590 1792 662 1823; x_wconf 74' lang='lat' dir='ltr'><strong>via.</strong></span> 
     </span>
    </p>

    <p class='ocr_par' dir='ltr' id='par_1_14' title="bbox 117 1837 854 2724">
     <span class='ocr_line' id='line_1_33' title="bbox 164 1837 844 1880; baseline -0.001 -10"><span class='ocrx_word' id='word_1_214' title='bbox 164 1838 283 1871; x_wconf 82' lang='lat'><strong>29-31.</strong></span> <span class='ocrx_word' id='word_1_215' title='bbox 310 1839 406 1879; x_wconf 77' lang='lat' dir='ltr'><strong>Quid</strong></span> <span class='ocrx_word' id='word_1_216' title='bbox 423 1839 487 1879; x_wconf 79' lang='lat' dir='ltr'><strong>vis,</strong></span> <span class='ocrx_word' id='word_1_217' title='bbox 504 1837 648 1880; x_wconf 72' lang='lat' dir='ltr'><strong>insane]</strong></span> <span class='ocrx_word' id='word_1_218' title='bbox 667 1837 734 1870; x_wconf 86' lang='lat' dir='ltr'><strong>Vv.</strong></span> <span class='ocrx_word' id='word_1_219' title='bbox 752 1837 844 1870; x_wconf 86' lang='lat' dir='ltr'><strong>haec</strong></span> 
     </span>
     <span class='ocr_line' id='line_1_34' title="bbox 117 1883 846 1928; baseline -0.001 -10"><span class='ocrx_word' id='word_1_220' title='bbox 117 1884 225 1928; x_wconf 81' lang='lat' dir='ltr'><strong>quasi</strong></span> <span class='ocrx_word' id='word_1_221' title='bbox 237 1884 279 1917; x_wconf 87' lang='lat' dir='ltr'><strong>in</strong></span> <span class='ocrx_word' id='word_1_222' title='bbox 290 1884 487 1918; x_wconf 85' lang='lat' dir='ltr'><strong>formulam</strong></span> <span class='ocrx_word' id='word_1_223' title='bbox 501 1885 740 1918; x_wconf 74' lang='lat' dir='ltr'><strong>transierant.</strong></span> <span class='ocrx_word' id='word_1_224' title='bbox 753 1883 846 1917; x_wconf 87' lang='lat' dir='ltr'><strong>Pro-</strong></span> 
     </span>
     <span class='ocr_line' id='line_1_35' title="bbox 117 1933 848 1974; baseline -0.001 -10"><span class='ocrx_word' id='word_1_225' title='bbox 117 1933 211 1974; x_wconf 91' lang='lat' dir='ltr'><strong>pert.</strong></span> <span class='ocrx_word' id='word_1_226' title='bbox 233 1934 264 1972; x_wconf 89' lang='lat'><strong>1,</strong></span> <span class='ocrx_word' id='word_1_227' title='bbox 282 1933 315 1973; x_wconf 87' lang='lat'><strong>5,</strong></span> <span class='ocrx_word' id='word_1_228' title='bbox 333 1933 373 1964; x_wconf 87' lang='lat'><strong>3:</strong></span> <span class='ocrx_word' id='word_1_229' title='bbox 402 1933 496 1973; x_wconf 79' lang='lat' dir='ltr'><strong><em>Quid</em></strong></span> <span class='ocrx_word' id='word_1_230' title='bbox 519 1933 583 1964; x_wconf 79' lang='lat' dir='ltr'><strong>tibi</strong></span> <span class='ocrx_word' id='word_1_231' title='bbox 607 1933 670 1971; x_wconf 78' lang='lat' dir='ltr'><strong>vis,</strong></span> <span class='ocrx_word' id='word_1_232' title='bbox 696 1933 848 1964; x_wconf 75' lang='lat' dir='ltr'><strong>insane?</strong></span> 
     </span>
     <span class='ocr_line' id='line_1_36' title="bbox 118 1976 848 2020; baseline -0.001 -9"><span class='ocrx_word' id='word_1_233' title='bbox 118 1976 224 2010; x_wconf 85' lang='lat' dir='ltr'><strong>Conf.</strong></span> <span class='ocrx_word' id='word_1_234' title='bbox 259 1976 332 2011; x_wconf 82' lang='lat' dir='ltr'><strong>Sat.</strong></span> <span class='ocrx_word' id='word_1_235' title='bbox 367 1982 406 2019; x_wconf 94' lang='lat'><strong>1,</strong></span> <span class='ocrx_word' id='word_1_236' title='bbox 438 1981 478 2020; x_wconf 83' lang='lat'><strong>2,</strong></span> <span class='ocrx_word' id='word_1_237' title='bbox 514 1981 569 2011; x_wconf 79' lang='grc'><strong>69.</strong></span> <span class='ocrx_word' id='word_1_238' title='bbox 596 1997 640 2002; x_wconf 90' lang='grc'><strong>--</strong></span> <span class='ocrx_word' id='word_1_239' title='bbox 665 1979 848 2020; x_wconf 78' lang='lat' dir='ltr'><strong>improbus</strong></span> 
     </span>
     <span class='ocr_line' id='line_1_37' title="bbox 117 2024 847 2067; baseline 0.003 -12"><span class='ocrx_word' id='word_1_240' title='bbox 117 2027 222 2064; x_wconf 66' lang='lat' dir='ltr'><strong>urae:</strong></span> <span class='ocrx_word' id='word_1_241' title='bbox 255 2026 368 2058; x_wconf 79' lang='lat' dir='ltr'><strong>Iralis</strong></span> <span class='ocrx_word' id='word_1_242' title='bbox 400 2024 593 2067; x_wconf 73' lang='lat' dir='ltr'><strong>precibus]</strong></span> <span class='ocrx_word' id='word_1_243' title='bbox 632 2025 736 2066; x_wconf 85' lang='lat' dir='ltr'><strong>„sine</strong></span> <span class='ocrx_word' id='word_1_244' title='bbox 770 2025 847 2058; x_wconf 90' lang='lat' dir='ltr'><strong>ullo</strong></span> 
     </span>
     <span class='ocr_line' id='line_1_38' title="bbox 118 2070 849 2113; baseline 0.001 -10"><span class='ocrx_word' id='word_1_245' title='bbox 118 2070 263 2113; x_wconf 81' lang='lat' dir='ltr'><strong>pudore</strong></span> <span class='ocrx_word' id='word_1_246' title='bbox 289 2081 332 2104; x_wconf 86' lang='lat' dir='ltr'><strong>ac</strong></span> <span class='ocrx_word' id='word_1_247' title='bbox 357 2071 466 2104; x_wconf 88' lang='lat' dir='ltr'><strong>modo</strong></span> <span class='ocrx_word' id='word_1_248' title='bbox 484 2082 542 2104; x_wconf 90' lang='lat' dir='ltr'><strong>me</strong></span> <span class='ocrx_word' id='word_1_249' title='bbox 561 2072 768 2105; x_wconf 83' lang='lat' dir='ltr'><strong>insectatur</strong></span> <span class='ocrx_word' id='word_1_250' title='bbox 794 2071 849 2104; x_wconf 89' lang='lat' dir='ltr'><strong>di-</strong></span> 
     </span>
     <span class='ocr_line' id='line_1_39' title="bbox 120 2117 849 2162; baseline 0.001 -12"><span class='ocrx_word' id='word_1_251' title='bbox 120 2117 174 2150; x_wconf 90' lang='lat' dir='ltr'><strong>ris</strong></span> <span class='ocrx_word' id='word_1_252' title='bbox 208 2117 572 2161; x_wconf 80' lang='lat' dir='ltr'><strong>imprecationibus.“</strong></span> <span class='ocrx_word' id='word_1_253' title='bbox 624 2118 699 2151; x_wconf 80' lang='lat' dir='ltr'><strong>Cfr.</strong></span> <span class='ocrx_word' id='word_1_254' title='bbox 731 2117 849 2162; x_wconf 87' lang='lat' dir='ltr'><strong>Epod.</strong></span> 
     </span>
     <span class='ocr_line' id='line_1_40' title="bbox 121 2164 850 2206; baseline 0.001 -10"><span class='ocrx_word' id='word_1_255' title='bbox 121 2165 156 2205; x_wconf 84' lang='lat'><strong>5,</strong></span> <span class='ocrx_word' id='word_1_256' title='bbox 180 2165 244 2196; x_wconf 81' lang='lat'><strong>86:</strong></span> <span class='ocrx_word' id='word_1_257' title='bbox 271 2165 461 2205; x_wconf 72' lang='lat' dir='ltr'><strong>Thyesteae</strong></span> <span class='ocrx_word' id='word_1_258' title='bbox 483 2173 621 2206; x_wconf 81' lang='lat' dir='ltr'><strong>preces.</strong></span> <span class='ocrx_word' id='word_1_259' title='bbox 647 2164 716 2198; x_wconf 90' lang='lat' dir='ltr'><strong>Od.</strong></span> <span class='ocrx_word' id='word_1_260' title='bbox 736 2168 767 2205; x_wconf 82' lang='lat'><strong>1,</strong></span> <span class='ocrx_word' id='word_1_261' title='bbox 793 2166 850 2206; x_wconf 81' lang='grc'>28,</span> 
     </span>
     <span class='ocr_line' id='line_1_41' title="bbox 122 2211 848 2252; baseline 0 -8"><span class='ocrx_word' id='word_1_262' title='bbox 122 2211 188 2244; x_wconf 87' lang='lat'><strong>33:</strong></span> <span class='ocrx_word' id='word_1_263' title='bbox 210 2213 376 2252; x_wconf 73' lang='lat' dir='ltr'><strong>precibus</strong></span> <span class='ocrx_word' id='word_1_264' title='bbox 394 2220 467 2244; x_wconf 73' lang='lat' dir='ltr'><strong>non</strong></span> <span class='ocrx_word' id='word_1_265' title='bbox 487 2213 632 2251; x_wconf 75' lang='lat' dir='ltr'><strong>linquar</strong></span> <span class='ocrx_word' id='word_1_266' title='bbox 648 2213 787 2244; x_wconf 53' lang='lat' dir='ltr'><strong>*inullis</strong></span> <span class='ocrx_word' id='word_1_267' title='bbox 806 2230 848 2234; x_wconf 75' lang='lat'>-</span> 
     </span>
     <span class='ocr_line' id='line_1_42' title="bbox 122 2258 850 2301; baseline 0 -10"><span class='ocrx_word' id='word_1_268' title='bbox 122 2259 162 2291; x_wconf 72' lang='lat' dir='ltr'><strong>lu</strong></span> <span class='ocrx_word' id='word_1_269' title='bbox 182 2258 319 2301; x_wconf 71' lang='lat' dir='ltr'><strong>pulses]</strong></span> <span class='ocrx_word' id='word_1_270' title='bbox 347 2258 575 2300; x_wconf 77' lang='lat' dir='ltr'><strong>„Quomodo,</strong></span> <span class='ocrx_word' id='word_1_271' title='bbox 600 2258 749 2300; x_wconf 84' lang='lat' dir='ltr'><strong>malum,</strong></span> <span class='ocrx_word' id='word_1_272' title='bbox 777 2258 850 2300; x_wconf 88' lang='lat' dir='ltr'><strong>(in-</strong></span> 
     </span>
     <span class='ocr_line' id='line_1_43' title="bbox 122 2304 851 2349; baseline 0.001 -12"><span class='ocrx_word' id='word_1_273' title='bbox 122 2304 206 2349; x_wconf 88' lang='lat' dir='ltr'><strong>quit</strong></span> <span class='ocrx_word' id='word_1_274' title='bbox 220 2305 419 2349; x_wconf 68' lang='lat' dir='ltr'><strong>puisatus,)</strong></span> <span class='ocrx_word' id='word_1_275' title='bbox 445 2305 561 2339; x_wconf 86' lang='lat' dir='ltr'><strong>audes</strong></span> <span class='ocrx_word' id='word_1_276' title='bbox 586 2306 792 2349; x_wconf 87' lang='lat' dir='ltr'><strong>impingere</strong></span> <span class='ocrx_word' id='word_1_277' title='bbox 811 2305 851 2338; x_wconf 92' lang='lat' dir='ltr'><strong>in</strong></span> 
     </span>
     <span class='ocr_line' id='line_1_44' title="bbox 122 2352 850 2396; baseline 0.001 -11"><span class='ocrx_word' id='word_1_278' title='bbox 122 2362 251 2385; x_wconf 85' lang='lat' dir='ltr'><strong>omnes</strong></span> <span class='ocrx_word' id='word_1_279' title='bbox 279 2353 344 2396; x_wconf 88' lang='lat' dir='ltr'><strong>qui</strong></span> <span class='ocrx_word' id='word_1_280' title='bbox 370 2352 437 2386; x_wconf 87' lang='lat' dir='ltr'><strong>tibi</strong></span> <span class='ocrx_word' id='word_1_281' title='bbox 465 2352 613 2386; x_wconf 81' lang='lat' dir='ltr'><strong>obstant</strong></span> <span class='ocrx_word' id='word_1_282' title='bbox 638 2363 778 2396; x_wconf 87' lang='lat' dir='ltr'><strong>eosque</strong></span> <span class='ocrx_word' id='word_1_283' title='bbox 805 2352 850 2386; x_wconf 86' lang='lat' dir='ltr'><strong>de</strong></span> 
     </span>
     <span class='ocr_line' id='line_1_45' title="bbox 122 2398 852 2441; baseline 0.001 -9"><span class='ocrx_word' id='word_1_284' title='bbox 122 2398 184 2432; x_wconf 77' lang='lat' dir='ltr'><strong>via</strong></span> <span class='ocrx_word' id='word_1_285' title='bbox 220 2398 468 2433; x_wconf 37' lang='lat' dir='ltr'><strong>deturbare?</strong></span> <span class='ocrx_word' id='word_1_286' title='bbox 521 2399 596 2433; x_wconf 77' lang='lat' dir='ltr'><strong>cfr.</strong></span> <span class='ocrx_word' id='word_1_287' title='bbox 635 2399 708 2433; x_wconf 82' lang='lat' dir='ltr'><strong>Sat.</strong></span> <span class='ocrx_word' id='word_1_288' title='bbox 745 2402 785 2439; x_wconf 73' lang='lat'><strong>2,</strong></span> <span class='ocrx_word' id='word_1_289' title='bbox 819 2402 852 2441; x_wconf 83' lang='grc'><strong>7,</strong></span> 
     </span>
     <span class='ocr_line' id='line_1_46' title="bbox 121 2446 852 2480; baseline 0.003 -2"><span class='ocrx_word' id='word_1_290' title='bbox 121 2447 191 2479; x_wconf 83' lang='lat'><strong>40:</strong></span> <span class='ocrx_word' id='word_1_291' title='bbox 233 2447 286 2478; x_wconf 85' lang='lat' dir='ltr'><strong>Tu</strong></span> <span class='ocrx_word' id='word_1_292' title='bbox 303 2464 318 2470; x_wconf 92' lang='lat'>-</span> <span class='ocrx_word' id='word_1_293' title='bbox 336 2465 350 2472; x_wconf 89' lang='lat'>-</span> <span class='ocrx_word' id='word_1_294' title='bbox 366 2448 466 2480; x_wconf 74' lang='lat' dir='ltr'><strong>ultro</strong></span> <span class='ocrx_word' id='word_1_295' title='bbox 498 2447 703 2480; x_wconf 76' lang='lat' dir='ltr'><strong>Inseclere?</strong></span> <span class='ocrx_word' id='word_1_296' title='bbox 753 2446 852 2480; x_wconf 92' lang='lat' dir='ltr'><strong>Plin.</strong></span> 
     </span>
     <span class='ocr_line' id='line_1_47' title="bbox 122 2491 852 2538; baseline 0.001 -13"><span class='ocrx_word' id='word_1_297' title='bbox 122 2491 260 2538; x_wconf 85' lang='lat' dir='ltr'><strong>Paneg.</strong></span> <span class='ocrx_word' id='word_1_298' title='bbox 286 2495 343 2534; x_wconf 78' lang='lat'><strong>63,</strong></span> <span class='ocrx_word' id='word_1_299' title='bbox 369 2495 410 2526; x_wconf 85' lang='lat'><strong>5:</strong></span> <span class='ocrx_word' id='word_1_300' title='bbox 447 2495 629 2527; x_wconf 76' lang='lat' dir='ltr'><strong>Averseris</strong></span> <span class='ocrx_word' id='word_1_301' title='bbox 655 2496 694 2526; x_wconf 80' lang='lat' dir='ltr'><strong>lu</strong></span> <span class='ocrx_word' id='word_1_302' title='bbox 718 2496 852 2534; x_wconf 79' lang='lat' dir='ltr'><strong>suffra-</strong></span> 
     </span>
     <span class='ocr_line' id='line_1_48' title="bbox 124 2541 854 2580; baseline 0.001 -8"><span class='ocrx_word' id='word_1_303' title='bbox 124 2541 208 2580; x_wconf 71' lang='lat' dir='ltr'><strong>flia?</strong></span> <span class='ocrx_word' id='word_1_304' title='bbox 221 2557 236 2564; x_wconf 90' lang='lat'>-</span> <span class='ocrx_word' id='word_1_305' title='bbox 250 2558 264 2563; x_wconf 99' lang='lat'>-</span> <span class='ocrx_word' id='word_1_306' title='bbox 283 2541 416 2573; x_wconf 79' lang='lat' dir='ltr'><strong>liberae</strong></span> <span class='ocrx_word' id='word_1_307' title='bbox 434 2542 571 2574; x_wconf 76' lang='lat' dir='ltr'><strong>civitati</strong></span> <span class='ocrx_word' id='word_1_308' title='bbox 588 2550 631 2574; x_wconf 73' lang='lat' dir='ltr'><strong>ne</strong></span> <span class='ocrx_word' id='word_1_309' title='bbox 654 2542 854 2573; x_wconf 76' lang='lat' dir='ltr'><strong>simulatio-</strong></span> 
     </span>
     <span class='ocr_line' id='line_1_49' title="bbox 126 2587 853 2630; baseline 0.004 -12"><span class='ocrx_word' id='word_1_310' title='bbox 126 2594 206 2619; x_wconf 77' lang='lat' dir='ltr'><strong>nem</strong></span> <span class='ocrx_word' id='word_1_311' title='bbox 223 2589 364 2627; x_wconf 75' lang='lat' dir='ltr'><strong>quidem</strong></span> <span class='ocrx_word' id='word_1_312' title='bbox 381 2589 524 2620; x_wconf 76' lang='lat' dir='ltr'><strong>serves?</strong></span> <span class='ocrx_word' id='word_1_313' title='bbox 543 2606 584 2611; x_wconf 90' lang='lat'>—</span> <span class='ocrx_word' id='word_1_314' title='bbox 602 2587 853 2630; x_wconf 74' lang='lat' dir='ltr'><strong>si-recurras]</strong></span> 
     </span>
     <span class='ocr_line' id='line_1_50' title="bbox 126 2633 853 2677; baseline 0.003 -11"><span class='ocrx_word' id='word_1_315' title='bbox 126 2633 213 2674; x_wconf 78' lang='lat' dir='ltr'><strong>„ubi</strong></span> <span class='ocrx_word' id='word_1_316' title='bbox 264 2645 309 2667; x_wconf 82' lang='lat' dir='ltr'><strong>ex</strong></span> <span class='ocrx_word' id='word_1_317' title='bbox 348 2634 445 2668; x_wconf 85' lang='lat' dir='ltr'><strong>Foro</strong></span> <span class='ocrx_word' id='word_1_318' title='bbox 502 2634 548 2668; x_wconf 89' lang='lat' dir='ltr'><strong>ad</strong></span> <span class='ocrx_word' id='word_1_319' title='bbox 588 2634 853 2677; x_wconf 80' lang='lat' dir='ltr'><strong>Maecenatem,</strong></span> 
     </span>
     <span class='ocr_line' id='line_1_51' title="bbox 127 2680 852 2724; baseline 0.003 -11"><span class='ocrx_word' id='word_1_320' title='bbox 127 2680 236 2724; x_wconf 82' lang='lat' dir='ltr'><strong>quasi</strong></span> <span class='ocrx_word' id='word_1_321' title='bbox 269 2681 371 2724; x_wconf 85' lang='lat' dir='ltr'><strong>apud</strong></span> <span class='ocrx_word' id='word_1_322' title='bbox 395 2692 481 2714; x_wconf 88' lang='lat' dir='ltr'><strong>eum</strong></span> <span class='ocrx_word' id='word_1_323' title='bbox 505 2681 715 2723; x_wconf 69' lang='lat' dir='ltr'><strong>habitares,</strong></span> <span class='ocrx_word' id='word_1_324' title='bbox 748 2682 852 2716; x_wconf 82' lang='lat' dir='ltr'><strong>festi-</strong></span> 
     </span>
    </p>
   </div>
   <div class='ocr_carea' id='block_1_12' title="bbox 891 1219 1632 2724">
    <p class='ocr_par' dir='ltr' id='par_1_15' title="bbox 891 1219 1623 1350">
     <span class='ocr_line' id='line_1_52' title="bbox 892 1219 1622 1262; baseline -0.008 -5"><span class='ocrx_word' id='word_1_325' title='bbox 892 1226 1027 1257; x_wconf 83' lang='lat' dir='ltr'><strong>nanter</strong></span> <span class='ocrx_word' id='word_1_326' title='bbox 1054 1221 1221 1256; x_wconf 78' lang='lat' dir='ltr'><strong>redeas.“</strong></span> <span class='ocrx_word' id='word_1_327' title='bbox 1250 1240 1292 1244; x_wconf 91' lang='lat'><strong>——</strong></span> <span class='ocrx_word' id='word_1_328' title='bbox 1319 1219 1482 1262; x_wconf 76' lang='lat' dir='ltr'><strong>memori]</strong></span> <span class='ocrx_word' id='word_1_329' title='bbox 1511 1219 1622 1260; x_wconf 77' lang='lat' dir='ltr'><strong>„dum</strong></span> 
     </span>
     <span class='ocr_line' id='line_1_53' title="bbox 892 1266 1623 1312; baseline -0.008 -8"><span class='ocrx_word' id='word_1_330' title='bbox 892 1271 1034 1304; x_wconf 84' lang='lat' dir='ltr'><strong>amicus</strong></span> <span class='ocrx_word' id='word_1_331' title='bbox 1072 1269 1141 1303; x_wconf 88' lang='lat' dir='ltr'><strong>tibi</strong></span> <span class='ocrx_word' id='word_1_332' title='bbox 1184 1279 1330 1312; x_wconf 84' lang='lat' dir='ltr'><strong>semper</strong></span> <span class='ocrx_word' id='word_1_333' title='bbox 1369 1270 1454 1301; x_wconf 86' lang='lat' dir='ltr'><strong>ante</strong></span> <span class='ocrx_word' id='word_1_334' title='bbox 1492 1266 1623 1300; x_wconf 84' lang='lat' dir='ltr'><strong>oculos</strong></span> 
     </span>
     <span class='ocr_line' id='line_1_54' title="bbox 891 1318 1096 1350; baseline 0 0"><span class='ocrx_word' id='word_1_335' title='bbox 891 1318 1096 1350; x_wconf 76' lang='lat' dir='ltr'><strong>versatur-‘⁶</strong></span> 
     </span>
    </p>

    <p class='ocr_par' dir='ltr' id='par_1_16' title="bbox 891 1361 1632 2724">
     <span class='ocr_line' id='line_1_55' title="bbox 940 1361 1624 1405; baseline -0.006 -8"><span class='ocrx_word' id='word_1_336' title='bbox 940 1366 1060 1397; x_wconf 81' lang='lat'><strong>32-35.</strong></span> <span class='ocrx_word' id='word_1_337' title='bbox 1077 1362 1172 1405; x_wconf 85' lang='lat' dir='ltr'><strong>Hoc]</strong></span> <span class='ocrx_word' id='word_1_338' title='bbox 1192 1362 1260 1403; x_wconf 76' lang='lat' dir='ltr'><strong>„ad</strong></span> <span class='ocrx_word' id='word_1_339' title='bbox 1274 1361 1530 1395; x_wconf 77' lang='lat' dir='ltr'><strong>Maecenatem</strong></span> <span class='ocrx_word' id='word_1_340' title='bbox 1547 1371 1624 1394; x_wconf 90' lang='lat' dir='ltr'><strong>me-</strong></span> 
     </span>
     <span class='ocr_line' id='line_1_56' title="bbox 892 1408 1624 1452; baseline -0.005 -8"><span class='ocrx_word' id='word_1_341' title='bbox 892 1411 987 1445; x_wconf 91' lang='lat' dir='ltr'><strong>mori</strong></span> <span class='ocrx_word' id='word_1_342' title='bbox 1005 1414 1129 1444; x_wconf 84' lang='lat' dir='ltr'><strong>mente</strong></span> <span class='ocrx_word' id='word_1_343' title='bbox 1143 1410 1382 1452; x_wconf 85' lang='lat' dir='ltr'><strong>recurrere;“</strong></span> <span class='ocrx_word' id='word_1_344' title='bbox 1403 1408 1624 1452; x_wconf 82' lang='lat' dir='ltr'><strong>neutiquam</strong></span> 
     </span>
     <span class='ocr_line' id='line_1_57' title="bbox 893 1456 1627 1501; baseline -0.004 -10"><span class='ocrx_word' id='word_1_345' title='bbox 893 1457 992 1500; x_wconf 74' lang='lat' dir='ltr'><strong>vero,</strong></span> <span class='ocrx_word' id='word_1_346' title='bbox 1020 1461 1059 1491; x_wconf 88' lang='lat' dir='ltr'><strong>ut</strong></span> <span class='ocrx_word' id='word_1_347' title='bbox 1074 1457 1140 1491; x_wconf 89' lang='lat' dir='ltr'><strong>alii</strong></span> <span class='ocrx_word' id='word_1_348' title='bbox 1159 1457 1367 1501; x_wconf 82' lang='lat' dir='ltr'><strong>explicant:</strong></span> <span class='ocrx_word' id='word_1_349' title='bbox 1396 1456 1569 1500; x_wconf 84' lang='lat' dir='ltr'><strong>„pulsare</strong></span> <span class='ocrx_word' id='word_1_350' title='bbox 1588 1457 1627 1489; x_wconf 88' lang='lat' dir='ltr'><strong>et</strong></span> 
     </span>
     <span class='ocr_line' id='line_1_58' title="bbox 892 1502 1623 1549; baseline -0.005 -10"><span class='ocrx_word' id='word_1_351' title='bbox 892 1505 1036 1549; x_wconf 84' lang='lat' dir='ltr'><strong>pulsari</strong></span> <span class='ocrx_word' id='word_1_352' title='bbox 1068 1504 1242 1548; x_wconf 78' lang='lat' dir='ltr'><strong>maleque</strong></span> <span class='ocrx_word' id='word_1_353' title='bbox 1275 1504 1430 1547; x_wconf 85' lang='lat' dir='ltr'><strong>insuper</strong></span> <span class='ocrx_word' id='word_1_354' title='bbox 1455 1502 1623 1536; x_wconf 85' lang='lat' dir='ltr'><strong>audire.“</strong></span> 
     </span>
     <span class='ocr_line' id='line_1_59' title="bbox 894 1549 1623 1594; baseline -0.003 -9"><span class='ocrx_word' id='word_1_355' title='bbox 894 1572 938 1576; x_wconf 88' lang='lat'><strong>-—</strong></span> <span class='ocrx_word' id='word_1_356' title='bbox 964 1561 1037 1585; x_wconf 74' lang='lat' dir='ltr'><strong>non</strong></span> <span class='ocrx_word' id='word_1_357' title='bbox 1062 1551 1238 1594; x_wconf 74' lang='lat' dir='ltr'><strong>mentiar]</strong></span> <span class='ocrx_word' id='word_1_358' title='bbox 1274 1550 1415 1594; x_wconf 85' lang='lat' dir='ltr'><strong>„libere</strong></span> <span class='ocrx_word' id='word_1_359' title='bbox 1441 1549 1623 1584; x_wconf 80' lang='lat' dir='ltr'><strong>fatebor.“</strong></span> 
     </span>
     <span class='ocr_line' id='line_1_60' title="bbox 891 1596 1625 1642; baseline -0.003 -10"><span class='ocrx_word' id='word_1_360' title='bbox 891 1598 959 1634; x_wconf 84' lang='lat' dir='ltr'><strong>Est</strong></span> <span class='ocrx_word' id='word_1_361' title='bbox 991 1599 1176 1633; x_wconf 84' lang='lat' dir='ltr'><strong>sermonis</strong></span> <span class='ocrx_word' id='word_1_362' title='bbox 1211 1597 1434 1642; x_wconf 85' lang='lat' dir='ltr'><strong>quotidiani.</strong></span> <span class='ocrx_word' id='word_1_363' title='bbox 1476 1596 1551 1631; x_wconf 84' lang='lat' dir='ltr'><strong>Cic.</strong></span> <span class='ocrx_word' id='word_1_364' title='bbox 1578 1596 1625 1630; x_wconf 81' lang='lat' dir='ltr'><strong>ad</strong></span> 
     </span>
     <span class='ocr_line' id='line_1_61' title="bbox 891 1645 1627 1688; baseline -0.004 -8"><span class='ocrx_word' id='word_1_365' title='bbox 891 1647 992 1680; x_wconf 84' lang='lat' dir='ltr'><strong>Fam.</strong></span> <span class='ocrx_word' id='word_1_366' title='bbox 1019 1648 1060 1688; x_wconf 89' lang='grc'>3,</span> <span class='ocrx_word' id='word_1_367' title='bbox 1092 1648 1132 1688; x_wconf 82' lang='grc'><strong>4,</strong></span> <span class='ocrx_word' id='word_1_368' title='bbox 1158 1648 1198 1679; x_wconf 82' lang='grc'><strong>2;</strong></span> <span class='ocrx_word' id='word_1_369' title='bbox 1243 1646 1348 1687; x_wconf 81' lang='lat' dir='ltr'><strong>Quod</strong></span> <span class='ocrx_word' id='word_1_370' title='bbox 1380 1646 1506 1678; x_wconf 77' lang='lat' dir='ltr'><strong>scribis</strong></span> <span class='ocrx_word' id='word_1_371' title='bbox 1524 1663 1539 1668; x_wconf 98' lang='lat'>-</span> <span class='ocrx_word' id='word_1_372' title='bbox 1557 1662 1571 1668; x_wconf 94' lang='lat'><em>-</em></span> <span class='ocrx_word' id='word_1_373' title='bbox 1589 1645 1627 1678; x_wconf 79' lang='lat' dir='ltr'><strong>id</strong></span> 
     </span>
     <span class='ocr_line' id='line_1_62' title="bbox 891 1694 1624 1735; baseline -0.004 -8"><span class='ocrx_word' id='word_1_374' title='bbox 891 1695 997 1735; x_wconf 74' lang='lat' dir='ltr'><strong>mih-i,</strong></span> <span class='ocrx_word' id='word_1_375' title='bbox 1030 1702 1074 1726; x_wconf 77' lang='lat' dir='ltr'><strong>ne</strong></span> <span class='ocrx_word' id='word_1_376' title='bbox 1097 1695 1275 1735; x_wconf 72' lang='lat' dir='ltr'><strong>mentiar,</strong></span> <span class='ocrx_word' id='word_1_377' title='bbox 1311 1694 1458 1733; x_wconf 76' lang='lat' dir='ltr'><strong>aratum</strong></span> <span class='ocrx_word' id='word_1_378' title='bbox 1491 1694 1554 1725; x_wconf 77' lang='lat' dir='ltr'><strong>est.</strong></span> <span class='ocrx_word' id='word_1_379' title='bbox 1582 1711 1624 1715; x_wconf 84' lang='lat'><strong>-—</strong></span> 
     </span>
     <span class='ocr_line' id='line_1_63' title="bbox 893 1738 1625 1785; baseline -0.004 -11"><span class='ocrx_word' id='word_1_380' title='bbox 893 1740 1011 1783; x_wconf 75' lang='lat' dir='ltr'><strong>atras]</strong></span> <span class='ocrx_word' id='word_1_381' title='bbox 1042 1742 1132 1785; x_wconf 83' lang='lat' dir='ltr'><strong>quia</strong></span> <span class='ocrx_word' id='word_1_382' title='bbox 1157 1741 1246 1774; x_wconf 91' lang='lat' dir='ltr'><strong>olim</strong></span> <span class='ocrx_word' id='word_1_383' title='bbox 1272 1740 1395 1774; x_wconf 84' lang='lat' dir='ltr'><strong>fuerat</strong></span> <span class='ocrx_word' id='word_1_384' title='bbox 1419 1739 1542 1783; x_wconf 88' lang='lat' dir='ltr'><strong>plebis</strong></span> <span class='ocrx_word' id='word_1_385' title='bbox 1567 1738 1625 1772; x_wconf 88' lang='lat' dir='ltr'><strong>in-</strong></span> 
     </span>
     <span class='ocr_line' id='line_1_64' title="bbox 892 1786 1628 1832; baseline -0.004 -10"><span class='ocrx_word' id='word_1_386' title='bbox 892 1788 999 1822; x_wconf 86' lang='lat' dir='ltr'><strong>fimae</strong></span> <span class='ocrx_word' id='word_1_387' title='bbox 1019 1788 1287 1832; x_wconf 89' lang='lat' dir='ltr'><strong>sepulcretum,</strong></span> <span class='ocrx_word' id='word_1_388' title='bbox 1313 1787 1420 1820; x_wconf 82' lang='lat' dir='ltr'><strong>cuius</strong></span> <span class='ocrx_word' id='word_1_389' title='bbox 1444 1786 1527 1830; x_wconf 85' lang='lat' dir='ltr'><strong>ipsa</strong></span> <span class='ocrx_word' id='word_1_390' title='bbox 1551 1797 1628 1820; x_wconf 89' lang='lat' dir='ltr'><strong>me·</strong></span> 
     </span>
     <span class='ocr_line' id='line_1_65' title="bbox 893 1834 1627 1876; baseline -0.004 -7"><span class='ocrx_word' id='word_1_391' title='bbox 893 1836 1013 1869; x_wconf 90' lang='lat' dir='ltr'><strong>moria</strong></span> <span class='ocrx_word' id='word_1_392' title='bbox 1036 1838 1158 1876; x_wconf 79' lang='lat' dir='ltr'><strong>atras,</strong></span> <span class='ocrx_word' id='word_1_393' title='bbox 1194 1834 1234 1868; x_wconf 87' lang='lat' dir='ltr'><strong>id</strong></span> <span class='ocrx_word' id='word_1_394' title='bbox 1260 1837 1334 1876; x_wconf 86' lang='lat' dir='ltr'><strong>est,</strong></span> <span class='ocrx_word' id='word_1_395' title='bbox 1369 1834 1538 1867; x_wconf 84' lang='lat' dir='ltr'><strong>funestas</strong></span> <span class='ocrx_word' id='word_1_396' title='bbox 1565 1844 1627 1867; x_wconf 86' lang='lat' dir='ltr'><strong>co-</strong></span> 
     </span>
     <span class='ocr_line' id='line_1_66' title="bbox 893 1881 1628 1927; baseline -0.003 -11"><span class='ocrx_word' id='word_1_397' title='bbox 893 1883 1097 1927; x_wconf 86' lang='lat' dir='ltr'><strong>gitationes</strong></span> <span class='ocrx_word' id='word_1_398' title='bbox 1116 1882 1321 1923; x_wconf 81' lang='lat' dir='ltr'><strong>excitabat3</strong></span> <span class='ocrx_word' id='word_1_399' title='bbox 1346 1881 1415 1915; x_wconf 87' lang='lat' dir='ltr'><strong>etsi</strong></span> <span class='ocrx_word' id='word_1_400' title='bbox 1441 1884 1531 1914; x_wconf 89' lang='lat' dir='ltr'><strong>tunc</strong></span> <span class='ocrx_word' id='word_1_401' title='bbox 1550 1884 1628 1914; x_wconf 89' lang='lat' dir='ltr'><strong>tur·</strong></span> 
     </span>
     <span class='ocr_line' id='line_1_67' title="bbox 896 1927 1627 1964; baseline -0.004 -1"><span class='ocrx_word' id='word_1_402' title='bbox 896 1931 948 1964; x_wconf 89' lang='lat' dir='ltr'><strong>ris</strong></span> <span class='ocrx_word' id='word_1_403' title='bbox 984 1929 1267 1963; x_wconf 84' lang='lat' dir='ltr'><strong>Maecenatiana</strong></span> <span class='ocrx_word' id='word_1_404' title='bbox 1304 1939 1388 1962; x_wconf 90' lang='lat' dir='ltr'><strong>cum</strong></span> <span class='ocrx_word' id='word_1_405' title='bbox 1426 1929 1536 1962; x_wconf 89' lang='lat' dir='ltr'><strong>horto</strong></span> <span class='ocrx_word' id='word_1_406' title='bbox 1574 1927 1627 1961; x_wconf 92' lang='lat' dir='ltr'><strong>ibi</strong></span> 
     </span>
     <span class='ocr_line' id='line_1_68' title="bbox 897 1975 1627 2019; baseline -0.003 -9"><span class='ocrx_word' id='word_1_407' title='bbox 897 1980 1086 2011; x_wconf 85' lang='lat' dir='ltr'><strong>exstructa</strong></span> <span class='ocrx_word' id='word_1_408' title='bbox 1111 1979 1209 2019; x_wconf 86' lang='lat' dir='ltr'><strong>erat,</strong></span> <span class='ocrx_word' id='word_1_409' title='bbox 1241 1979 1341 2010; x_wconf 88' lang='lat' dir='ltr'><strong>certe</strong></span> <span class='ocrx_word' id='word_1_410' title='bbox 1366 1976 1441 2009; x_wconf 89' lang='lat' dir='ltr'><strong>iam</strong></span> <span class='ocrx_word' id='word_1_411' title='bbox 1466 1975 1555 2008; x_wconf 88' lang='lat' dir='ltr'><strong>inde</strong></span> <span class='ocrx_word' id='word_1_412' title='bbox 1582 1976 1627 2009; x_wconf 82' lang='lat' dir='ltr'><strong>ab</strong></span> 
     </span>
     <span class='ocr_line' id='line_1_69' title="bbox 897 2022 1628 2064; baseline -0.003 -7"><span class='ocrx_word' id='word_1_413' title='bbox 897 2035 929 2057; x_wconf 88' lang='lat' dir='ltr'><strong>a.</strong></span> <span class='ocrx_word' id='word_1_414' title='bbox 956 2035 992 2057; x_wconf 90' lang='lat' dir='ltr'><strong>u.</strong></span> <span class='ocrx_word' id='word_1_415' title='bbox 1018 2036 1050 2058; x_wconf 91' lang='lat' dir='ltr'><strong>c.</strong></span> <span class='ocrx_word' id='word_1_416' title='bbox 1076 2026 1155 2058; x_wconf 69' lang='lat'><strong>718.</strong></span> <span class='ocrx_word' id='word_1_417' title='bbox 1206 2023 1300 2057; x_wconf 85' lang='lat' dir='ltr'><strong>Vide</strong></span> <span class='ocrx_word' id='word_1_418' title='bbox 1336 2022 1410 2056; x_wconf 86' lang='lat' dir='ltr'><strong>Sat.</strong></span> <span class='ocrx_word' id='word_1_419' title='bbox 1447 2025 1478 2064; x_wconf 87' lang='lat'><strong>1,</strong></span> <span class='ocrx_word' id='word_1_420' title='bbox 1511 2025 1544 2063; x_wconf 85' lang='lat'><strong>8,</strong></span> <span class='ocrx_word' id='word_1_421' title='bbox 1572 2025 1628 2055; x_wconf 79' lang='lat'><strong>14.</strong></span> 
     </span>
     <span class='ocr_line' id='line_1_70' title="bbox 898 2069 1629 2113; baseline -0.001 -10"><span class='ocrx_word' id='word_1_422' title='bbox 898 2090 942 2094; x_wconf 85' lang='lat'><strong>——</strong></span> <span class='ocrx_word' id='word_1_423' title='bbox 982 2071 1192 2113; x_wconf 72' lang='lat' dir='ltr'><strong>Esquilias]</strong></span> <span class='ocrx_word' id='word_1_424' title='bbox 1232 2070 1288 2104; x_wconf 91' lang='lat' dir='ltr'><strong>De</strong></span> <span class='ocrx_word' id='word_1_425' title='bbox 1330 2070 1519 2113; x_wconf 83' lang='lat' dir='ltr'><strong>scriptura</strong></span> <span class='ocrx_word' id='word_1_426' title='bbox 1561 2069 1629 2103; x_wconf 87' lang='lat' dir='ltr'><strong>cfr.</strong></span> 
     </span>
     <span class='ocr_line' id='line_1_71' title="bbox 898 2116 1631 2161; baseline -0.001 -11"><span class='ocrx_word' id='word_1_427' title='bbox 898 2117 1015 2161; x_wconf 86' lang='lat' dir='ltr'><strong>Epod.</strong></span> <span class='ocrx_word' id='word_1_428' title='bbox 1033 2120 1067 2159; x_wconf 85' lang='lat'><strong>5,</strong></span> <span class='ocrx_word' id='word_1_429' title='bbox 1095 2120 1173 2150; x_wconf 87' lang='lat'><strong>100.</strong></span> <span class='ocrx_word' id='word_1_430' title='bbox 1190 2136 1234 2140; x_wconf 87' lang='lat'><em>—</em></span> <span class='ocrx_word' id='word_1_431' title='bbox 1253 2116 1411 2158; x_wconf 76' lang='lat' dir='ltr'><strong>centum]</strong></span> <span class='ocrx_word' id='word_1_432' title='bbox 1431 2119 1631 2158; x_wconf 83' lang='lat' dir='ltr'><strong>„sexcenta</strong></span> 
     </span>
     <span class='ocr_line' id='line_1_72' title="bbox 899 2164 1632 2208; baseline -0.001 -11"><span class='ocrx_word' id='word_1_433' title='bbox 899 2165 1047 2208; x_wconf 79' lang='lat' dir='ltr'><strong>negotia</strong></span> <span class='ocrx_word' id='word_1_434' title='bbox 1072 2164 1118 2197; x_wconf 87' lang='lat' dir='ltr'><strong>ab</strong></span> <span class='ocrx_word' id='word_1_435' title='bbox 1151 2164 1251 2197; x_wconf 91' lang='lat' dir='ltr'><strong>omni</strong></span> <span class='ocrx_word' id='word_1_436' title='bbox 1277 2167 1382 2207; x_wconf 86' lang='lat' dir='ltr'><strong>parte</strong></span> <span class='ocrx_word' id='word_1_437' title='bbox 1408 2174 1466 2196; x_wconf 89' lang='lat' dir='ltr'><strong>me</strong></span> <span class='ocrx_word' id='word_1_438' title='bbox 1491 2166 1632 2197; x_wconf 70' lang='lat' dir='ltr'><strong>vexant</strong></span> 
     </span>
     <span class='ocr_line' id='line_1_73' title="bbox 900 2210 1630 2254; baseline 0 -10"><span class='ocrx_word' id='word_1_439' title='bbox 900 2214 936 2244; x_wconf 89' lang='lat' dir='ltr'><strong>et</strong></span> <span class='ocrx_word' id='word_1_440' title='bbox 962 2211 1070 2254; x_wconf 83' lang='lat' dir='ltr'><strong>quasi</strong></span> <span class='ocrx_word' id='word_1_441' title='bbox 1095 2211 1409 2244; x_wconf 71' lang='lat' dir='ltr'><strong>circumvallant.“</strong></span> <span class='ocrx_word' id='word_1_442' title='bbox 1454 2210 1630 2253; x_wconf 86' lang='lat' dir='ltr'><strong>(Terent.</strong></span> 
     </span>
     <span class='ocr_line' id='line_1_74' title="bbox 898 2257 1630 2300; baseline 0.003 -10"><span class='ocrx_word' id='word_1_443' title='bbox 898 2257 969 2291; x_wconf 82' lang='lat' dir='ltr'><strong>Ad.</strong></span> <span class='ocrx_word' id='word_1_444' title='bbox 995 2259 1036 2299; x_wconf 83' lang='lat'><strong>3,</strong></span> <span class='ocrx_word' id='word_1_445' title='bbox 1062 2260 1094 2300; x_wconf 86' lang='grc'><strong>2,</strong></span> <span class='ocrx_word' id='word_1_446' title='bbox 1120 2258 1176 2300; x_wconf 80' lang='lat'><strong>4.)</strong></span> <span class='ocrx_word' id='word_1_447' title='bbox 1205 2277 1247 2281; x_wconf 79' lang='lat'><em>-</em></span> <span class='ocrx_word' id='word_1_448' title='bbox 1273 2257 1493 2300; x_wconf 79' lang='lat' dir='ltr'><strong>secundam]</strong></span> <span class='ocrx_word' id='word_1_449' title='bbox 1519 2258 1630 2292; x_wconf 88' lang='lat' dir='ltr'><strong>nobis</strong></span> 
     </span>
     <span class='ocr_line' id='line_1_75' title="bbox 901 2304 1629 2349; baseline -0.001 -10"><span class='ocrx_word' id='word_1_450' title='bbox 901 2316 946 2339; x_wconf 84' lang='lat' dir='ltr'><strong>ex</strong></span> <span class='ocrx_word' id='word_1_451' title='bbox 970 2305 1085 2339; x_wconf 80' lang='lat' dir='ltr'><strong>variis</strong></span> <span class='ocrx_word' id='word_1_452' title='bbox 1103 2305 1194 2339; x_wconf 88' lang='lat' dir='ltr'><strong>anni</strong></span> <span class='ocrx_word' id='word_1_453' title='bbox 1213 2305 1444 2349; x_wconf 87' lang='lat' dir='ltr'><strong>temporibus</strong></span> <span class='ocrx_word' id='word_1_454' title='bbox 1462 2304 1522 2338; x_wconf 78' lang='lat' dir='ltr'><strong>vel</strong></span> <span class='ocrx_word' id='word_1_455' title='bbox 1548 2316 1629 2339; x_wconf 85' lang='lat' dir='ltr'><strong>sex—</strong></span> 
     </span>
     <span class='ocr_line' id='line_1_76' title="bbox 901 2352 1630 2396; baseline 0.001 -11"><span class='ocrx_word' id='word_1_456' title='bbox 901 2356 975 2386; x_wconf 85' lang='lat' dir='ltr'><strong>tam</strong></span> <span class='ocrx_word' id='word_1_457' title='bbox 1000 2352 1060 2386; x_wconf 80' lang='lat' dir='ltr'><strong>vel</strong></span> <span class='ocrx_word' id='word_1_458' title='bbox 1083 2352 1289 2396; x_wconf 80' lang='lat' dir='ltr'><strong>septimam,</strong></span> <span class='ocrx_word' id='word_1_459' title='bbox 1314 2352 1470 2386; x_wconf 77' lang='lat' dir='ltr'><strong>Horatio</strong></span> <span class='ocrx_word' id='word_1_460' title='bbox 1497 2353 1630 2396; x_wconf 86' lang='lat' dir='ltr'><strong>utique</strong></span> 
     </span>
     <span class='ocr_line' id='line_1_77' title="bbox 901 2399 1632 2444; baseline -0.001 -11"><span class='ocrx_word' id='word_1_461' title='bbox 901 2399 991 2433; x_wconf 84' lang='lat' dir='ltr'><strong>satis</strong></span> <span class='ocrx_word' id='word_1_462' title='bbox 1009 2399 1296 2442; x_wconf 63' lang='lat' dir='ltr'><strong>incommodam</strong></span> <span class='ocrx_word' id='word_1_463' title='bbox 1321 2399 1525 2444; x_wconf 84' lang='lat' dir='ltr'><strong>argentarii</strong></span> <span class='ocrx_word' id='word_1_464' title='bbox 1544 2410 1632 2432; x_wconf 88' lang='lat' dir='ltr'><strong>con-</strong></span> 
     </span>
     <span class='ocr_line' id='line_1_78' title="bbox 901 2447 1631 2491; baseline 0 -11"><span class='ocrx_word' id='word_1_465' title='bbox 901 2450 959 2480; x_wconf 86' lang='lat' dir='ltr'><strong>tra</strong></span> <span class='ocrx_word' id='word_1_466' title='bbox 988 2449 1080 2480; x_wconf 90' lang='lat' dir='ltr'><strong>tunc</strong></span> <span class='ocrx_word' id='word_1_467' title='bbox 1114 2447 1274 2491; x_wconf 86' lang='lat' dir='ltr'><strong>negotiis</strong></span> <span class='ocrx_word' id='word_1_468' title='bbox 1308 2457 1441 2480; x_wconf 84' lang='lat' dir='ltr'><strong>vacare</strong></span> <span class='ocrx_word' id='word_1_469' title='bbox 1474 2447 1631 2490; x_wconf 88' lang='lat' dir='ltr'><strong>incipie-</strong></span> 
     </span>
     <span class='ocr_line' id='line_1_79' title="bbox 902 2493 1631 2538; baseline -0.001 -11"><span class='ocrx_word' id='word_1_470' title='bbox 902 2494 1001 2527; x_wconf 88' lang='lat' dir='ltr'><strong>bant.</strong></span> <span class='ocrx_word' id='word_1_471' title='bbox 1052 2494 1129 2528; x_wconf 85' lang='lat' dir='ltr'><strong>Oic.</strong></span> <span class='ocrx_word' id='word_1_472' title='bbox 1166 2505 1234 2538; x_wconf 89' lang='lat' dir='ltr'><strong>pro</strong></span> <span class='ocrx_word' id='word_1_473' title='bbox 1274 2493 1450 2533; x_wconf 84' lang='lat' dir='ltr'><strong>Quinctio</strong></span> <span class='ocrx_word' id='word_1_474' title='bbox 1489 2497 1530 2535; x_wconf 88' lang='grc'><strong>6,</strong></span> <span class='ocrx_word' id='word_1_475' title='bbox 1567 2495 1631 2526; x_wconf 82' lang='lat'><strong>25:</strong></span> 
     </span>
     <span class='ocr_line' id='line_1_80' title="bbox 901 2542 1632 2583; baseline -0.003 -9"><span class='ocrx_word' id='word_1_476' title='bbox 901 2542 1061 2574; x_wconf 75' lang='lat' dir='ltr'><strong>Naevius</strong></span> <span class='ocrx_word' id='word_1_477' title='bbox 1073 2560 1087 2566; x_wconf 95' lang='lat'>-</span> <span class='ocrx_word' id='word_1_478' title='bbox 1101 2559 1116 2565; x_wconf 93' lang='lat'>-</span> <span class='ocrx_word' id='word_1_479' title='bbox 1128 2542 1204 2583; x_wconf 75' lang='lat' dir='ltr'><strong>ipse</strong></span> <span class='ocrx_word' id='word_1_480' title='bbox 1236 2550 1320 2574; x_wconf 78' lang='lat' dir='ltr'><strong>suos</strong></span> <span class='ocrx_word' id='word_1_481' title='bbox 1353 2542 1572 2574; x_wconf 77' lang='lat' dir='ltr'><strong>necessarios</strong></span> <span class='ocrx_word' id='word_1_482' title='bbox 1588 2558 1602 2564; x_wconf 95' lang='lat'>-</span> <span class='ocrx_word' id='word_1_483' title='bbox 1617 2558 1632 2564; x_wconf 95' lang='lat'><em>-</em></span> 
     </span>
     <span class='ocr_line' id='line_1_81' title="bbox 902 2588 1632 2630; baseline 0 -10"><span class='ocrx_word' id='word_1_484' title='bbox 902 2591 1090 2630; x_wconf 69' lang='lat' dir='ltr'><strong>cor-roam,</strong></span> <span class='ocrx_word' id='word_1_485' title='bbox 1122 2591 1163 2620; x_wconf 77' lang='lat' dir='ltr'><strong>ut</strong></span> <span class='ocrx_word' id='word_1_486' title='bbox 1198 2589 1246 2621; x_wconf 84' lang='lat' dir='ltr'><strong>ad</strong></span> <span class='ocrx_word' id='word_1_487' title='bbox 1280 2589 1445 2621; x_wconf 78' lang='lat' dir='ltr'><strong>tabulam</strong></span> <span class='ocrx_word' id='word_1_488' title='bbox 1468 2588 1632 2621; x_wconf 72' lang='lat' dir='ltr'><strong>Seoeliam</strong></span> 
     </span>
     <span class='ocr_line' id='line_1_82' title="bbox 899 2635 1632 2675; baseline -0.003 -7"><span class='ocrx_word' id='word_1_489' title='bbox 899 2637 967 2668; x_wconf 77' lang='lat' dir='ltr'><strong>sibi</strong></span> <span class='ocrx_word' id='word_1_490' title='bbox 992 2636 1111 2668; x_wconf 75' lang='lat' dir='ltr'><strong>adsim</strong></span> <span class='ocrx_word' id='word_1_491' title='bbox 1135 2637 1228 2668; x_wconf 79' lang='lat' dir='ltr'><strong>hora</strong></span> <span class='ocrx_word' id='word_1_492' title='bbox 1261 2635 1420 2668; x_wconf 79' lang='lat' dir='ltr'><strong>secunda</strong></span> <span class='ocrx_word' id='word_1_493' title='bbox 1442 2635 1632 2675; x_wconf 74' lang='lat' dir='ltr'><strong>postridie.</strong></span> 
     </span>
     <span class='ocr_line' id='line_1_83' title="bbox 902 2681 1630 2724; baseline -0.001 -9"><span class='ocrx_word' id='word_1_494' title='bbox 902 2701 944 2706; x_wconf 85' lang='lat'>—</span> <span class='ocrx_word' id='word_1_495' title='bbox 963 2684 1113 2715; x_wconf 73' lang='lat' dir='ltr'><strong>Roscius</strong></span> <span class='ocrx_word' id='word_1_496' title='bbox 1139 2682 1285 2724; x_wconf 80' lang='lat' dir='ltr'><strong>orabat]</strong></span> <span class='ocrx_word' id='word_1_497' title='bbox 1304 2681 1429 2715; x_wconf 83' lang='lat' dir='ltr'><strong>Verba</strong></span> <span class='ocrx_word' id='word_1_498' title='bbox 1447 2684 1537 2714; x_wconf 90' lang='lat' dir='ltr'><strong>sunt</strong></span> <span class='ocrx_word' id='word_1_499' title='bbox 1554 2691 1630 2714; x_wconf 88' lang='lat' dir='ltr'><strong>non</strong></span> 
     </span>
    </p>
   </div>
  </div>
 </body>
</html>
