1774 2930
171 131 285 172 154·

664 129 870 164 HORATII
896 129 1179 172 SATIRARUM

286 230 371 273 Sed
402 231 519 287 pullo
551 236 679 287 atque
710 231 872 286 haed03
905 235 997 274 tum
1028 232 1207 288 pensilis
1237 247 1322 275 uva
1354 233 1560 276 secundas

283 301 341 343 Et
370 316 460 343 nux
491 303 668 345 ornabat
699 316 870 345 mensas
903 317 998 345 cum
1029 303 1198 360 duplice
1228 303 1324 346 ficu.

283 373 389 415 Post
419 373 500 415 hoc
530 373 656 415 ludus
690 377 780 415 erat
812 374 937 429 culpa
966 379 1115 430 potare
1145 375 1363 431 magistra,

282 443 347 486 Ac
376 448 581 486 venerata
612 444 758 497 Ceres,
790 445 851 487 ita
882 445 1020 487 culmo
1053 449 1246 501 surgeret
1277 446 1377 500 alto,

281 514 501 571 Explicuit
532 516 631 556 vino
665 519 904 558 contractae
935 516 1048 558 seria
1077 516 1244 558 frontis.

1595 517 1677 559 125

283 585 455 628 Saeviet
487 589 613 642 atque
644 600 777 628 novos
810 589 979 630 moveat
1010 587 1200 630 Fortuna
1229 588 1450 640 tumultus,

282 656 499 705 Quantum
514 657 618 698 hinc
638 658 894 712 imminuet?
916 658 1086 707 Quanto
1107 662 1181 700 aut
1200 672 1282 714 ego
1302 659 1472 715 parcius
1495 662 1567 701 aut
1583 673 1677 712 vos,

283 727 318 769 O
350 729 488 784 pueri,
519 729 724 782 nituistis,
756 733 804 770 ut
834 729 919 771 huc
948 744 1084 772 novus
1115 730 1257 772 incola
1284 730 1434 772 venit?

1639 812 1663 838 Ι

261 847 338 879 128.
371 847 514 880 vioeislis
541 849 718 891 quattuor
742 846 915 881 Pottierii
942 858 1119 893 unusque
1144 847 1252 882 Feae.

163 971 204 974 —
222 953 370 993 pensilis
395 952 482 995 uva]
511 952 608 986 Plin.
633 952 679 986 Η.
697 951 739 986 Ν.
768 954 822 995 14,
851 955 893 987 3:

159 1001 306 1032 Duranl
339 1001 438 1033 aliae
473 1000 613 1042 (uvae)
644 1009 711 1041 per
744 1002 895 1034 hiemem

156 1048 291 1087 pensili
316 1049 591 1080 concameralae
624 1049 718 1080 nodo
753 1050 821 1080 cet.
849 1068 893 1072 —

160 1095 303 1134 duplice
329 1094 412 1137 ficu]
441 1094 610 1136 „bifida.“
639 1094 781 1128 Senon.
808 1095 893 1128 Pal-

159 1140 232 1174 lad.
259 1141 302 1173 R.
326 1141 370 1174 B..
396 1144 430 1183 4,
450 1144 504 1183 10,
523 1143 586 1175 35:
611 1143 770 1176 Subinde
794 1143 892 1185 ficus,

157 1189 250 1221 sicut
268 1191 318 1222 est
336 1190 466 1231 divisa,
483 1191 664 1230 vertatur,
687 1191 727 1222 ul
744 1190 894 1231 ficorum

160 1237 260 1268 coria
285 1237 464 1269 siccentur
497 1238 530 1269 et
552 1238 690 1278 pulpae
716 1239 801 1270 tunc
827 1238 893 1270 du-

155 1284 319 1323 plicatae
353 1285 393 1316 in
426 1285 571 1316 cistellis
604 1286 794 1317 serventur
828 1287 894 1317 aut

160 1331 300 1363 loculis.

209 1379 286 1411 123.
324 1380 406 1411 Post
434 1379 499 1411 hoc
524 1379 608 1421 cet.]
646 1378 702 1411 Ex
734 1379 892 1422 antiquo

157 1435 261 1458 more
295 1424 444 1459 demum
476 1429 562 1470 post
588 1425 692 1460 cibos
725 1429 892 1470 sumptos

155 1473 354 1515 potabant,
399 1473 582 1507 luxuriosi
621 1476 752 1507 contra
794 1474 892 1507 inter

156 1519 356 1553 edendum.
395 1520 539 1554 Seneca
559 1519 677 1564 Epist.
698 1522 783 1554 122:
810 1523 892 1554 Post

152 1568 354 1608 prandium
388 1570 453 1601 aut
499 1577 626 1601 cenam
667 1569 787 1600 bibere
817 1569 892 1601 vol-

156 1623 246 1655 aare
266 1617 316 1648 est
330 1625 342 1647 .-
355 1616 420 1647 hoc
434 1618 561 1656 patres
578 1616 746 1656 familiae
763 1616 892 1648 rustici

155 1662 298 1702 faciunt
331 1664 363 1695 et
396 1671 506 1695 verae
531 1663 733 1703 voluptatis.
754 1663 888 1703 ignari.

156 1728 202 1732 —
230 1710 336 1743 ludus
362 1709 457 1752 erat]
494 1709 563 1751 „Si
589 1709 739 1753 quando
771 1709 891 1743 libere

154 1759 285 1800 potare
323 1756 500 1791 volebant
536 1757 703 1800 antiqui,
744 1756 783 1789 id
822 1759 891 1798 est,

155 1804 236 1837 sine
263 1804 499 1848 archiposia,
535 1804 710 1837 dicebant
744 1814 783 1837 se
817 1815 891 1837 ma-

154 1851 309 1896 gistram
346 1852 472 1885 facere
508 1851 690 1895 culpam.“
740 1851 890 1884 PORPH.

156 1898 277 1940 „Post
312 1898 384 1933 hoc
422 1909 465 1932 eo
503 1898 611 1932 modo
654 1898 891 1941 ludebamus,

154 1948 196 1979 ut
235 1948 337 1980 certa
375 1946 474 1980 inter
508 1956 576 1979 nos
615 1946 769 1990 potandi
808 1946 890 1991 lege

154 1992 255 2027 dicta
286 1993 338 2035 is,
378 1993 442 2037 qui
477 2004 553 2027 non
580 1993 891 2037 obtemperasset,

154 2043 336 2086 sequente
354 2041 437 2074 vice
455 2052 531 2074 uno
549 2041 686 2085 poculo
714 2041 890 2074 multare-

152 2090 215 2121 tur
255 2088 400 2130 (Plaut.
428 2087 541 2122 Stich.
568 2091 608 2130 5,
634 2090 675 2129 4,
701 2091 769 2122 43:
796 2090 890 2129 Aoe-

153 2136 259 2178 dum,
293 2137 431 2170 Stiche:
455 2138 540 2169 uter
565 2137 794 2177 demutassit,
826 2144 890 2177 po-

153 2184 236 2215 culo
273 2184 503 2217 multabitur.

152 2231 308 2263 multam
339 2232 396 2263 hic
427 2232 589 2264 retinebo
623 2230 749 2272 illico.)
776 2232 888 2274 atque

154 2277 268 2320 culpa
287 2278 485 2312 commissa
511 2278 620 2322 quasi
638 2277 795 2322 potandi
813 2288 889 2310 ma-

151 2324 270 2368 gistra
297 2325 472 2359 omnibus
499 2327 630 2359 esset.“
682 2324 803 2369 Volgo
838 2325 890 2357 ita

153 2371 362 2415 explicant:
406 2372 504 2417 „qui
539 2373 688 2416 culpam
723 2372 890 2416 qualem-

153 2427 306 2462 cunque
325 2419 364 2452 in
383 2419 546 2454 bibendo
567 2419 813 2460 commiserat,
838 2420 889 2452 ita

150 2465 392 2510 puniebatur,
406 2470 448 2499 ut
461 2467 564 2501 illico
579 2467 757 2512 poculum
771 2477 889 2499 unum

151 2523 242 2557 prae
258 2513 394 2547 ceteris
406 2514 598 2548 exsiccare
610 2514 778 2555 deberet,
792 2524 889 2557 quae

153 2560 306 2604 quidem
332 2571 456 2605 poena
475 2562 641 2594 convivis
669 2561 787 2594 risum
811 2571 889 2594 mo-

151 2607 274 2648 vebat,
293 2608 383 2652 quia
399 2609 609 2651 praemium
626 2608 753 2651 potius
774 2608 887 2642 erat.“

153 2655 269 2696 Culpa
294 2658 432 2695 autem,
457 2657 500 2688 ut
524 2655 595 2689 hoc
614 2666 765 2699 quoque
790 2655 890 2689 dica-

151 2712 253 2744 mus,
281 2705 377 2745 erat,
403 2705 446 2736 ut
471 2702 627 2746 opinor,
654 2702 685 2736 si
711 2702 889 2746 poculum

534 2202 549 2208 -
567 2201 582 2207 -
600 2202 615 2208 -
632 2184 669 2217 Si
703 2184 888 2224 peccassis,
908 2181 911 2184 ’

943 963 1020 986 non
1054 953 1334 995 exsiccabatur,
1372 953 1405 987 si
1435 952 1594 987 fortasse
1620 963 1679 987 re-

943 1000 1042 1044 cepti
1068 1001 1221 1045 quidam
1252 1003 1380 1045 gestus
1405 1001 1465 1034 vel
1495 1000 1678 1035 formulae

943 1051 1028 1080 ante
1056 1047 1260 1081 bibendum
1286 1059 1362 1082 non
1388 1049 1460 1082 rite
1478 1047 1679 1082 servaban-

943 1097 1016 1136 tur,
1044 1098 1112 1129 cet.

993 1144 1070 1175 124.
1100 1143 1177 1175 125.
1209 1142 1261 1176 Ac
1283 1141 1476 1184 venerata]
1502 1143 1545 1175 ut
1570 1141 1677 1187 Virg.
1716 1156 1728 1161 ⁸

942 1188 1035 1222 Aen.
1060 1191 1093 1230 3,
1111 1191 1198 1222 460:
1225 1197 1421 1229 cursusque
1445 1190 1546 1222 dabit
1571 1197 1679 1222 vene-

941 1238 1027 1269 ratur
1052 1238 1242 1276 secundos,
1268 1236 1437 1281 passive,
1473 1235 1602 1270 eadem
1628 1237 1678 1270 si-

942 1283 1183 1328 gnificatione
1216 1286 1328 1328 atque
1362 1283 1481 1317 Carm.
1508 1293 1582 1317 sec.
1607 1286 1676 1317 49:

944 1332 1117 1372 Quaeque
1133 1340 1195 1365 vos
1213 1333 1322 1364 bobus
1343 1333 1545 1365 veneratur
1571 1331 1676 1373 albis,

942 1397 956 1404 -
965 1396 981 1402 -
991 1380 1177 1420 Impetrel.
1192 1397 1236 1402 —
1249 1378 1318 1422 ita]
1336 1377 1445 1417 Quod
1458 1377 1551 1411 dicit
1561 1377 1675 1411 Bent-

942 1425 1040 1460 leius
1066 1428 1103 1460 et
1127 1424 1381 1467 Heindorfius,
1409 1426 1465 1459 ila
1489 1435 1585 1467 esse,
1611 1427 1678 1467 „ut

942 1473 1014 1506 iam
1041 1483 1144 1507 nunc
1171 1473 1292 1518 surgit
1317 1472 1421 1507 caelo
1446 1471 1598 1516 pluvi0“
1627 1472 1676 1514 (v.

945 1520 1052 1562 119.),
1094 1521 1220 1554 minus
1261 1519 1475 1564 appositum
1516 1519 1677 1553 videtur.

940 1568 1056 1601 Immo
1074 1572 1201 1601 votum
1219 1567 1459 1601 convivarum
1485 1569 1566 1600 erat
1591 1577 1677 1600 cum

941 1615 1187 1648 libationibus
1215 1614 1391 1648 Cererem
1415 1613 1676 1648 adorantium:

943 1686 960 1704 „
975 1663 1029 1694 ita
1053 1664 1180 1703 surqat
1207 1662 1282 1695 alto
1308 1661 1462 1694 culmo.“
1512 1660 1677 1695 Plancus

941 1709 987 1742 ad
1013 1708 1090 1743 Cic.
1116 1709 1215 1743 Fam.
1246 1710 1300 1751 10,
1326 1711 1360 1750 9,
1386 1709 1430 1742 2:
1459 1709 1515 1741 ila
1539 1709 1585 1741 ab
1608 1709 1678 1741 im-

940 1757 1157 1790 minmibus
1174 1757 1284 1789 malis
1306 1764 1365 1789 res
1380 1756 1529 1797 publica
1548 1755 1677 1790 libere-

941 1806 1021 1836 tur!
1045 1803 1162 1838 Plene
1189 1803 1267 1838 Cic.
1292 1802 1339 1837 ad
1364 1803 1466 1837 Fam.
1485 1804 1542 1845 10,
1562 1804 1617 1845 12,
1637 1805 1676 1836 1:

940 1853 1002 1884 Ila
1035 1855 1069 1884 te
1101 1853 1276 1885 victorem
1309 1851 1547 1892 complectar,
1571 1867 1588 1874 -
1604 1852 1677 1884 -ut

939 1907 1114 1939 maenam
1136 1902 1282 1940 partem
1304 1899 1396 1932 mihi
1422 1898 1586 1930 laetitiae
1611 1900 1677 1932 lua

940 1947 1100 1987 dianilas
1126 1948 1243 1987 affert.
1293 1945 1417 1990 Atque
1443 1944 1596 1978 omnino
1621 1946 1676 1978 ita

940 1994 975 2026 h.
1003 1993 1026 2026 l.
1059 1993 1157 2026 idem
1196 1995 1252 2027 est
1287 1995 1400 2037 atque
1435 1991 1675 2036 frequentius

939 2039 1035 2073 illud
1054 2040 1094 2073 in
1111 2039 1391 2083 precationibus
1407 2040 1470 2072 sic.
1503 2037 1572 2072 od.
1592 2041 1624 2082 1,
1642 2041 1675 2082 3,

941 2090 979 2120 1:
1003 2089 1061 2121 Sic
1085 2090 1117 2121 le
1141 2089 1240 2122 Diva
1263 2089 1390 2128 potem
1408 2087 1516 2128 Cypri
1540 2089 1611 2120 cet.
1629 2105 1670 2111 —

938 2134 1121 2177 surqeret]
1159 2134 1217 2168 Ad
1253 2135 1324 2168 hoc
1362 2133 1518 2168 verbum
1557 2134 1675 2177 Ceres,

940 2193 1035 2226 quae
1062 2182 1108 2216 ad
1132 2181 1373 2227 participium
1395 2182 1571 2214 venerata
1587 2190 1676 2225 pro-

938 2229 1021 2273 prie
1055 2229 1279 2274 accipienda
1313 2232 1388 2272 est,
1426 2228 1674 2273 metonymice

938 2277 1204 2322 intelligenda,
1231 2277 1410 2321 „seges.“
1461 2275 1570 2309 Conf.
1598 2275 1672 2309 Sat.

940 2327 979 2366 1,
1005 2325 1047 2366 5,
1073 2326 1130 2357 74.
1155 2343 1201 2348 —
1226 2323 1430 2366 Empticuic]
1456 2322 1524 2358 Od.
1550 2324 1590 2364 3,
1617 2324 1674 2364 29,

940 2373 956 2405 1
963 2373 983 2404 4
998 2382 1006 2404 ε
1045 2373 1208 2406 Mundae
1217 2389 1232 2395 -
1243 2389 1257 2395 -
1264 2379 1472 2412 pauperum
1506 2372 1622 2404 cenae
1630 2389 1646 2396 -
1654 2387 1671 2394 -

937 2420 1138 2453 Sollicitam
1181 2419 1388 2460 explicuere
1428 2419 1597 2459 frontem.
1627 2435 1672 2441 —

939 2466 1162 2508 contractae]
1191 2475 1373 2510 „rugosae
1397 2467 1551 2509 propter
1569 2463 1673 2498 solli-

939 2512 1160 2547 citudines.“
1191 2512 1312 2546 Plaut.
1333 2512 1465 2556 Amph.
1489 2511 1589 2546 Prol.
1607 2513 1672 2545 52:

941 2562 1036 2602 Quid
1061 2561 1293 2593 contrua-istis
1317 2561 1499 2601 frontem?

989 2609 1153 2641 127-129.
1181 2607 1275 2650 hiric]
1303 2606 1434 2648 „exiis
1452 2604 1668 2648 commodis,

939 2654 1076 2699 quibus
1102 2664 1205 2687 nunc
1229 2657 1271 2686 ut
1287 2656 1398 2687 antea
1413 2652 1609 2687 fruimur.“
1627 2670 1670 2676 -

941 2704 969 2735 0
986 2701 1107 2744 pueri]
1136 2702 1269 2743 „Pueri
1285 2702 1350 2734 aut
1366 2700 1435 2734 filii
1453 2703 1519 2734 aut
1536 2699 1670 2734 servi.“
