1774 2930
644 344 697 415 Q.
735 345 988 405 HORATII
1025 347 1059 405 F
1060 345 1238 407 LACCI

245 490 425 599 DE
525 488 900 601 ARTE
998 491 1627 608 ΡΟΕΤΙΟΑ

820 709 1053 752 LIBER.

728 924 1137 968 PRAEFATIO.

268 1040 323 1073 De
361 1040 561 1074 Pisonibus
600 1042 692 1075 haec
730 1041 844 1075 tradit
877 1042 1088 1087 Porphyrio
1126 1046 1163 1076 et
1198 1043 1338 1077 Comm.
1379 1043 1495 1088 Cruq.
1533 1055 1569 1088 p.
1604 1046 1695 1078 695:

175 1086 307 1129 „Hunc
333 1087 491 1130 librum,
526 1089 591 1133 qui
617 1088 842 1123 inscribitur
866 1088 922 1123 De
948 1092 1027 1123 arte
1051 1090 1219 1134 poetica,
1253 1090 1299 1124 ad
1326 1090 1370 1124 L.
1397 1090 1594 1134 Pisonem,
1629 1092 1695 1136 qui

172 1137 302 1178 postea
326 1134 441 1169 Urbis
467 1139 596 1170 custos
622 1135 685 1178 (id
710 1139 778 1178 est,
803 1134 1038 1181 praefectus)
1065 1137 1154 1179 fuit,
1181 1137 1361 1182 (eiusque
1388 1137 1554 1180 liberos)
1579 1139 1692 1172 misit.

172 1181 265 1216 Nam
292 1184 330 1216 et
359 1182 440 1226 ipse
466 1182 553 1217 Piso
587 1185 700 1228 poeta
731 1184 802 1217 fuit
834 1186 872 1217 et
903 1184 1114 1218 studiorum
1147 1184 1363 1218 liberalium
1396 1185 1555 1219 antistes
1582 1185 1632 1229 (i.
1659 1196 1691 1220 e.

171 1229 354 1272 fautor).“
406 1230 510 1269 Quae
536 1230 582 1264 de
607 1231 679 1264 hoc
711 1231 792 1265 viro
819 1231 979 1274 scimus,
1011 1231 1105 1265 haec
1129 1231 1209 1266 fere
1235 1234 1335 1266 sunt.
1386 1231 1502 1266 Tacit.
1527 1231 1629 1266 Ann.
1655 1234 1691 1274 6,

175 1279 230 1311 10.
256 1288 289 1311 a.
316 1288 354 1310 u.
381 1288 412 1311 c.
439 1279 531 1312 785:
565 1279 603 1311 L.
629 1279 715 1311 Piso
745 1279 932 1321 pontifex,
966 1287 1096 1312 rarum
1128 1279 1168 1311 in
1201 1281 1308 1312 tanta
1341 1279 1581 1321 claritudine,
1614 1281 1694 1321 sato

173 1325 279 1366 obiit,
313 1326 453 1358 nullius
485 1326 627 1359 servitis
658 1326 858 1359 sententiae
890 1329 1016 1367 sponte
1050 1328 1179 1359 auctor
1214 1328 1266 1368 et,
1301 1327 1466 1367 quotiens
1500 1327 1695 1360 necessitas

172 1373 376 1414 inarueret,
410 1374 597 1414 sapienter
629 1375 834 1407 moderans.
885 1375 1033 1406 Patrem
1059 1374 1092 1407 ei
1125 1374 1329 1407 censorium
1357 1374 1469 1415 fuisse
1494 1375 1697 1408 memoravi

173 1419 236 1462 (in
263 1420 387 1464 operis
413 1422 532 1464 parte,
558 1431 655 1465 quae
680 1423 767 1465 post
791 1420 890 1454 Anu.
917 1423 949 1462 5,
976 1423 1008 1454 5.
1035 1420 1257 1463 intercidit).
1306 1422 1415 1454 Aetas
1441 1421 1490 1454 ad
1515 1422 1692 1462 octoqesi-

172 1475 273 1500 mum
306 1476 446 1500 annum
480 1469 672 1510 processit,
709 1470 816 1502 decus
854 1469 1077 1509 triumphale
1114 1470 1154 1501 in
1186 1469 1344 1502 Thracia
1381 1471 1577 1502 meruerat.
1625 1468 1695 1502 Sed

169 1515 374 1556 praecipua
401 1524 447 1548 ea·
472 1524 512 1548 eo
544 1516 684 1556 oloria,
719 1516 815 1556 quod
843 1517 1052 1557 praefectus
1081 1516 1168 1548 Urbi
1198 1523 1322 1549 recens
1353 1516 1563 1549 continuam
1593 1518 1695 1557 pote-

170 1563 302 1595 statem
328 1564 361 1595 et
385 1563 580 1596 insolentia
603 1564 759 1604 parendi
784 1564 992 1604 oraviorem
1016 1563 1107 1596 mire
1132 1563 1358 1604 temperavit.
1409 1562 1569 1607 Propter
1594 1563 1693 1596 hanc

172 1609 432 1653 praefecturae
459 1609 564 1644 urbis
590 1609 956 1644 administrationem
979 1610 1196 1656 magnific-as
1230 1609 1361 1644 laudes
1389 1609 1423 1644 ei
1448 1609 1583 1644 tribuit
1607 1609 1695 1644 Vel-

172 1656 269 1690 leius
296 1659 337 1699 2,
369 1658 427 1691 98.
477 1656 620 1701 Lepida
652 1657 715 1691 de-
736 1668 780 1692 eo
815 1659 873 1691 est
904 1657 1190 1691 narratiuncula
1222 1656 1324 1702 apud
1359 1656 1540 1691 Senecam
1573 1656 1692 1702 Epist.

175 1705 239 1746 83,
277 1706 338 1738 12:
387 1706 426 1738 L.
452 1706 552 1748 Piso,
590 1706 693 1738 Urbis
727 1707 861 1747 custos,
898 1706 1018 1738 ebrius
1052 1714 1096 1738 ecc
1130 1713 1201 1745 quo
1233 1705 1348 1738 semel
1377 1705 1498 1746 factus
1531 1706 1583 1737 est
1605 1705 1694 1745 tuit5

173 1752 354 1785 maiorem
384 1754 530 1793 partem
566 1753 681 1785 noctis
716 1754 756 1785 in
793 1753 956 1786 convivio
995 1753 1171 1793 exiqebat.
1224 1753 1339 1791 Usque
1375 1753 1416 1784 in
1450 1751 1580 1783 horam
1615 1751 1693 1791 fere

172 1801 316 1832 sextam
348 1800 570 1839 dormiebam
606 1801 672 1832 hoe
706 1800 783 1832 eius
821 1803 900 1832 erat
937 1800 1169 1832 matutinum.
1221 1799 1390 1839 Officium
1421 1799 1543 1830 tamen
1575 1805 1694 1840 suum,

175 1854 246 1886 quo
285 1847 403 1879 tutela
439 1847 542 1879 Urbis
580 1847 851 1887 continebatur,
889 1846 1161 1886 diliqentissime
1199 1845 1479 1877 administravit.
1529 1845 1627 1877 Huic
1661 1846 1695 1878 et

173 1894 277 1926 divus
294 1894 477 1934 Auoustus
502 1894 601 1926 dedit
624 1895 763 1926 secreta
787 1894 978 1934 mandata,
1004 1900 1086 1925 eum
1109 1892 1217 1924 illum
1238 1893 1485 1933 praeponeret
1503 1891 1694 1932 Thraciae,

174 1948 286 1981 quam
315 1941 543 1982 perdomuit,
578 1942 610 1973 et
644 1941 808 1973 Tiberius
837 1940 1067 1982 proficiscens
1099 1940 1139 1971 in
1172 1939 1428 1981 Campaniam,
1463 1946 1546 1971 cum
1577 1939 1695 1971 multa

173 1989 214 2020 in
242 1989 332 2020 Urbe
358 1990 391 2020 et
413 1990 581 2029 suspecta
604 1988 828 2028 relinqueret
854 1989 886 2020 et
910 1987 1040 2020 invisa.
1089 1986 1194 2020 Idem
1225 1985 1448 2020 confirmant
1472 1984 1622 2019 Plinius
1647 1983 1694 2019 H.

173 2034 218 2068 N.
246 2037 308 2077 14,
334 2034 397 2077 22,
423 2036 480 2068 28.
505 2037 543 2068 et
569 2033 773 2068 Suetonius
800 2033 880 2067 Tib.
907 2036 963 2067 42.
1014 2033 1159 2067 Consul
1183 2035 1310 2067 autem
1334 2031 1407 2067 fuit
1432 2043 1464 2066 a.
1491 2043 1528 2066 u.
1555 2043 1587 2066 o.
1613 2033 1694 2066 739.

173 2081 265 2116 Post
289 2082 527 2116 consulatum
554 2081 718 2116 obtinuit
741 2081 998 2126 Pamphyliam
1023 2081 1276 2126 provinciam,
1303 2080 1405 2114 unde
1431 2090 1515 2113 cum
1541 2090 1575 2114 a.
1599 2090 1636 2113 u.
1662 2089 1693 2113 o.

174 2131 254 2163 743.
281 2132 413 2163 contra
437 2129 574 2163 Bessos
601 2132 638 2163 et
662 2129 821 2164 Sialetas
854 2128 998 2163 bellum
1031 2138 1164 2173 gerere
1197 2128 1324 2161 iussus
1358 2129 1476 2169 esset,
1508 2127 1577 2161 hos
1609 2129 1696 2170 post

174 2177 278 2211 varia
302 2177 450 2222 proelia
475 2176 697 2220 debellavit3
723 2178 879 2221 propter
905 2186 999 2220 quas
1024 2186 1086 2210 res
1111 2175 1276 2209 feliciter
1293 2177 1418 2220 gestas
1445 2175 1481 2208 ei
1506 2174 1696 2219 supplica-

173 2224 225 2258 tio
252 2226 289 2258 et
313 2225 477 2258 honores
504 2224 751 2269 triumphales
777 2223 920 2258 decreti
947 2224 1046 2257 sunt.
1095 2222 1167 2256 Dio
1195 2224 1257 2264 54,
1284 2223 1341 2256 34.
1366 2221 1466 2255 Flor.
1493 2223 1527 2265 4,
1554 2223 1611 2263 12,
1638 2222 1694 2254 17.

172 2271 231 2304 Ad
257 2272 419 2306 eundem
453 2273 600 2306 exstant
624 2271 815 2316 Antipatri
843 2269 1193 2305 Thessalonicensis
1231 2269 1500 2314 epigrammata
1523 2267 1589 2302 IX.
1614 2268 1695 2302 lau·-

175 2318 264 2352 dum
303 2321 417 2364 atque
456 2318 684 2352 adulationis
721 2318 835 2363 plena
871 2318 911 2351 in
948 2317 1112 2352 Iacobsii
1148 2316 1300 2350 Anthol.
1338 2315 1402 2350 Gr.
1438 2315 1542 2360 Lips.
1578 2315 1626 2348 II.
1659 2325 1695 2359 p.

175 2368 328 2400 97-99,
376 2366 454 2400 Iam
481 2376 566 2400 cum
590 2365 720 2400 Artem
752 2365 937 2410 poeticam
970 2375 1039 2398 nos
1073 2374 1225 2409 quoque
1251 2366 1294 2397 ut
1317 2362 1553 2397 Kirchnerus
1580 2362 1622 2402 Q.
1647 2361 1694 2396 H.

175 2424 211 2458 p.
239 2415 294 2446 39.
320 2413 495 2447 ultimum
521 2414 580 2447 vel
605 2415 705 2447 certe
730 2424 849 2446 unum
875 2423 919 2446 ex
945 2412 1087 2445 ultimis
1112 2410 1407 2445 Horatianorum
1432 2420 1587 2454 operum
1612 2419 1694 2443 esse

176 2460 387 2494 iudicemus
413 2462 526 2505 atque
552 2461 653 2494 intra
677 2471 797 2494 annos
816 2461 1014 2494 743—746.
1034 2459 1275 2503 compositam
1293 2457 1536 2500 arbitremur,
1561 2457 1694 2491 aetatis

177 2511 213 2542 et
238 2509 357 2552 patris
384 2510 420 2542 et
445 2507 611 2542 filiorum
636 2505 822 2542 rationem
851 2507 1022 2541 ineamus
1048 2516 1204 2540 necesse
1231 2508 1298 2539 est.
1347 2504 1485 2538 Natum
1510 2504 1627 2549 igitur
1651 2503 1694 2536 L.

176 2555 353 2589 Pisonem
379 2565 424 2588 ex
450 2555 579 2589 Tacito
606 2555 746 2589 scimus
772 2566 804 2589 a.
827 2566 864 2588 u.
892 2565 922 2588 c.
950 2556 1041 2596 705.,
1067 2553 1263 2587 consulem
1288 2563 1320 2586 a.
1348 2563 1384 2585 u.
1411 2563 1442 2586 c.
1469 2553 1549 2585 739.
1574 2560 1694 2584 annos

177 2606 306 2637 natum
343 2601 535 2644 XXXIV„
573 2602 674 2636 intra
708 2612 740 2635 a.
779 2613 816 2635 u.
855 2612 886 2635 c.
925 2602 1140 2635 743—746.
1178 2610 1297 2634 annos
1335 2596 1693 2632 XXXVIII—XLI.

178 2650 321 2689 Quodsi
346 2650 562 2684 vicenarius
587 2660 742 2683 uxorem
768 2649 876 2683 duxit
900 2659 934 2683 a.
951 2660 987 2681 u.
1007 2658 1038 2681 o.
1065 2649 1143 2682 725.
1169 2647 1365 2690 maiorque
1390 2645 1555 2679 filiorum
1582 2646 1694 2678 natus

177 2701 234 2731 est
275 2700 476 2741 sequente,
525 2697 586 2730 hic
630 2696 762 2731 iisdem
810 2696 887 2730 illis
935 2695 1056 2729 tribus
1103 2695 1214 2729 annis
1263 2692 1572 2727 adolescentulus
1615 2693 1694 2726 erat

176 2744 416 2779 XVII-xx.
450 2755 655 2786 annorum,
690 2754 763 2788 qua
796 2746 916 2778 aetate
952 2753 1019 2776 cur
1053 2742 1099 2776 ad
1132 2740 1284 2786 poetica
1317 2739 1442 2774 studia
1474 2738 1694 2774 incumbere
