1786 2912
180 111 233 151 64

683 111 891 146 HORATII
917 111 1199 147 SATIRARUM

295 212 411 254 Hinc
441 212 544 253 muli
577 211 752 268 Capuae
784 212 962 255 clitellas
992 216 1186 268 tempore
1216 218 1393 269 ponunt.

295 282 460 324 Lusum
490 283 524 324 it
553 283 798 337 Maecenas,
832 283 1059 325 dormitum
1091 296 1171 340 ego
1201 283 1518 341 Virgiliusque3

294 353 490 409 Namque
521 354 610 410 pila
637 355 768 410 lippis
802 354 1020 396 inimicum
1052 359 1095 397 et
1124 355 1272 398 ludere
1303 355 1458 397 crudis.

294 424 410 467 Hinc
440 439 519 466 nos
553 424 722 467 Cocceii
753 426 906 481 recipit
935 426 1189 482 plenissima
1218 426 1338 480 villa,

1639 427 1694 467 50

296 495 416 544 Quae
450 510 578 552 super
610 499 676 538 est
707 496 844 538 Caudi
877 510 1105 552 cauponas.
1152 496 1276 539 Nunc
1305 497 1411 539 mihi
1443 497 1590 554 paucis

295 565 507 609 Sarmenti
540 581 710 609 scurrae
741 582 928 623 pugnam
960 567 1412 623 MessiqueCicirrhi,

271 698 326 730 51.
363 697 492 730 Claudi
518 696 721 741 bScp,LCt.

173 795 401 830 facientibus
434 797 696 831 ministrabant
723 808 766 831 ea
799 801 908 832 uten-

174 843 278 886 silia,
305 854 400 888 quae
428 844 509 878 sine
541 844 702 879 maxima
736 845 909 879 molestia

173 890 219 924 ab
245 890 337 935 ipsis
371 892 514 935 portari
540 903 615 925 non
648 895 840 936 poterant,
868 895 909 926 ut

172 937 294 983 ligna,
333 939 468 980 salem,
506 939 670 973 foenum.
721 941 907 981 Copiarios

172 988 281 1019 vocat
325 985 547 1030 Porphyrio.
598 986 672 1020 Cfr.
722 986 907 1031 imprimis

173 1031 249 1066 Cic.
283 1033 330 1066 ad
362 1033 437 1066 Att.
471 1035 511 1075 5,
548 1036 600 1066 16.
630 1054 671 1056 —
698 1036 797 1067 Hinc
822 1034 906 1077 cet.]

174 1080 293 1122 „Hinc
330 1084 482 1124 postero
521 1080 580 1114 die
623 1081 784 1125 profecti
823 1092 906 1114 cum

172 1137 351 1169 essemus,
378 1130 548 1169 tempore,
575 1128 666 1162 satis
686 1130 904 1172 tempestive

173 1174 266 1214 (bei
290 1176 494 1218 Zeilen),
535 1175 717 1219 Capuam,
758 1187 852 1220 quae
885 1187 907 1210 a

169 1221 290 1255 Ponte
341 1222 529 1266 Campano
579 1223 740 1257 distabat
787 1222 906 1256 XXII.

169 1267 217 1302 M.
245 1269 306 1311 P.,
343 1270 617 1314 pervenimus.“
669 1270 817 1304 Veteris
843 1281 907 1304 au-

170 1319 243 1349 tem
271 1316 420 1361 Capuae
455 1318 549 1351 situs
576 1321 674 1358 erat,
713 1318 777 1351 ubi
804 1329 906 1351 nunc

171 1366 228 1397 est
260 1364 366 1398 vicus
399 1366 515 1399 Sania
543 1366 670 1399 Maria
703 1366 740 1398 di
771 1367 903 1407 Capoa,

169 1410 234 1445 111.
267 1411 315 1445 M.
349 1411 390 1445 P.
425 1423 446 1445 a
482 1413 673 1456 praesenti
718 1412 812 1446 urbe
851 1412 905 1446 di-

171 1461 287 1492 stans.
306 1478 349 1482 ——
368 1461 502 1492 Lusum
515 1477 554 1485 -—
568 1459 778 1502 dormitum]
806 1459 905 1493 Scite

168 1504 338 1560 Djintzer
363 1506 527 1548 adnotat,
556 1507 615 1540 his
642 1506 765 1540 verbis
791 1507 906 1551 aptis-

169 1563 261 1586 sime
278 1553 350 1587 hoc
369 1553 584 1598 significari,
604 1564 791 1597 quemque
805 1553 904 1587 Mae-

170 1601 312 1634 cenatis
339 1601 514 1634 comitum
539 1611 697 1645 prorsus
721 1601 903 1634 arbitratu

169 1658 237 1680 suo
263 1658 332 1692 pro
352 1659 496 1692 suaque
516 1648 739 1681 necessitate
766 1648 837 1681 hoc
862 1648 902 1681 in

168 1695 303 1728 itinere
346 1695 480 1740 egisse.
523 1714 565 1718 —
609 1696 775 1735 Namque
818 1695 903 1738 cet.]

169 1741 372 1776 Construe:
399 1744 566 1783 Namque
583 1743 770 1775 inimicum
798 1743 903 1784 lippis

169 1792 202 1822 et
227 1791 347 1823 crudis
383 1790 506 1823 ludere
541 1790 642 1831 pila,·
681 1789 789 1834 quies
816 1800 903 1823 con-

167 1838 227 1870 tra
259 1839 296 1870 et
329 1837 557 1871 abstinentia
588 1837 787 1880 utriusque
813 1837 903 1870 mali

168 1883 307 1928 optima
333 1887 421 1918 sunt
444 1883 621 1918 remedia.
649 1883 724 1917 cfr.
752 1884 901 1918 Celsum

168 1934 208 1974 6,
235 1934 268 1965 6.
318 1932 431 1965 crudi
455 1935 578 1965 autem
614 1934 721 1973 sunt,
756 1932 822 1975 qui
849 1932 901 1965 ci-

166 1979 235 2013 bos
284 1978 490 2012 difficulter
540 1978 728 2023 digerunt.
778 1980 901 2020 Lippis

166 2026 346 2060 Horatius
378 2037 417 2060 se
450 2026 594 2070 ipsum,
628 2027 750 2059 crudis
776 2025 900 2070 Virgi-

166 2073 259 2107 lium
285 2073 516 2107 adnumerat.
543 2092 586 2096 —
612 2073 812 2115 inimicum]
840 2073 901 2107 Sic

166 2121 278 2155 etiam
303 2121 343 2154 in
368 2131 482 2165 prosa
508 2132 561 2154 or.
578 2120 678 2154 Plin.
704 2120 749 2153 H.
773 2120 816 2153 N.
843 2122 899 2163 20,

166 2171 207 2202 9:
256 2169 409 2203 Marina
458 2169 621 2201 brassica
646 2186 660 2192 -
678 2186 693 2191 -
717 2169 900 2201 stomacho

164 2217 424 2249 inimicissima.
464 2235 505 2239 —
547 2216 662 2249 Caudi
699 2215 899 2258 cauponas]

167 2262 370 2304 Caudium,
420 2262 665 2307 Hirpinorum
708 2263 899 2307 oppidum,

165 2313 295 2344 notum
330 2310 435 2344 clade
461 2310 716 2343 Romanorum
741 2309 781 2342 in
807 2310 900 2343 Fur-

165 2358 262 2391 culis
290 2356 489 2399 Caudinis,
517 2356 619 2390 XXI.
645 2356 693 2389 M.
719 2356 759 2389 P.
786 2357 899 2391 dista-

165 2405 228 2439 bat
252 2416 274 2439 a
300 2404 437 2449 Capua.
476 2403 555 2438 Hae
582 2412 790 2446 cauponae,
819 2404 898 2448 opi-

165 2463 254 2495 nor,
280 2452 320 2485 in
346 2452 504 2496 planitie
532 2454 656 2492 erant,
682 2461 765 2484 cum
793 2451 898 2496 oppi-

165 2500 253 2533 dum
285 2499 411 2544 ipsum
444 2499 483 2532 in
518 2498 613 2531 clivo
649 2498 761 2531 situm
788 2501 898 2532 esset.

166 2548 296 2580 Claudi
329 2557 350 2580 a
382 2546 509 2579 multis
547 2548 589 2578 ut
626 2545 754 2578 notius
791 2556 899 2579 voca-

164 2594 295 2627 bulum
334 2593 576 2628 substitutum
611 2595 667 2626 est
700 2603 809 2626 verae
847 2593 900 2626 le-

165 2642 292 2674 ctioni.
343 2640 478 2674 Solitas
503 2643 628 2674 autem
653 2640 724 2673 iter
750 2640 821 2673 hoc
846 2639 898 2674 fa-

165 2688 342 2722 cientium
362 2687 577 2722 mansiones
605 2697 750 2731 semper
776 2687 898 2731 signa-

958 797 1011 831 vit
1036 800 1166 842 poeta,
1193 802 1229 832 et
1255 797 1409 840 Caudii,
1440 801 1482 832 ut
1506 799 1694 832 testantur

957 845 1173 887 Itineraria,
1228 846 1351 890 prima
1392 849 1473 880 erat
1508 856 1530 879 a
1568 844 1695 890 Capua

958 903 1066 926 mane
1080 894 1279 937 profectis3
1298 904 1383 926 nam
1398 892 1548 926 itineris
1563 893 1691 926 diurni

958 950 1135 974 mensura
1165 940 1364 974 admodum
1397 940 1590 974 commoda
1614 943 1695 974 erat

958 987 1109 1021 circiter
1126 986 1334 1021 XX-XXV.
1351 986 1400 1020 M.
1414 987 1468 1027 P..
1495 987 1606 1021 nobis
1623 987 1692 1021 mi-

957 1035 1040 1068 liar.
1060 1035 1234 1068 German.
1252 1034 1380 1074 IV-V.,
1406 1035 1480 1068 nisi
1498 1033 1599 1079 quod
1617 1034 1692 1068 for-

956 1085 1054 1116 tasse
1082 1082 1231 1115 duobus
1258 1082 1399 1116 ultimis
1421 1081 1554 1116 diebus
1580 1082 1693 1127 legati

955 1130 1028 1163 iter
1054 1129 1309 1163 accelerantes
1334 1128 1490 1162 XXXV.
1515 1131 1553 1163 et
1574 1127 1691 1162 XLV.

954 1175 1002 1209 M.
1017 1176 1058 1209 P.
1077 1176 1333 1210 confecerunt.
1358 1176 1460 1210 Fieri
1484 1178 1607 1210 tamen
1625 1187 1692 1221 po-

954 1223 1039 1261 tuit,
1063 1227 1105 1256 ut
1120 1224 1191 1257 hoc
1214 1223 1371 1256 biduum
1389 1223 1610 1265 dividerent,
1637 1223 1692 1257 uti

956 1270 1163 1315 significavi
1190 1271 1230 1304 in
1256 1270 1386 1304 tabula
1410 1270 1571 1304 itineris.
1596 1269 1693 1304 Fue-

955 1318 1033 1351 rint
1065 1318 1182 1363 igitur
1207 1329 1296 1351 vero
1323 1318 1475 1352 nomine
1502 1319 1691 1351 Tabernae

957 1366 1154 1407 Caudinae,
1180 1375 1256 1398 non
1285 1366 1522 1398 Claudianae.
1557 1365 1694 1398 Cocceii

955 1415 1078 1446 autem
1096 1413 1226 1445 villam
1234 1411 1441 1446 Fr.Daniel
1458 1414 1576 1456 putat,
1589 1422 1690 1456 ‚quae

956 1470 1057 1493 nunc
1077 1461 1114 1492 la
1127 1460 1307 1493 masseria
1323 1460 1417 1493 delle
1431 1460 1599 1501 Moliche,
1618 1458 1691 1493 Ro-

954 1507 1155 1540 manellius
1172 1507 1281 1551 ponit
1298 1506 1337 1539 in
1357 1506 1496 1540 vicinia
1512 1506 1599 1549 loci,
1625 1506 1690 1550 qui

955 1564 1057 1587 nunc
1105 1556 1229 1587 Monte
1269 1555 1422 1587 Sarchio
1463 1553 1689 1597 appellatur,

953 1600 1266 1634 Walckenaerius
1291 1610 1395 1633 nunc
1422 1601 1546 1633 castro
1561 1601 1689 1633 Airolo

953 1648 1135 1692 appellari
1163 1647 1266 1681 dicit.

1001 1697 1120 1729 51-55.
1158 1696 1265 1728 Nunc
1287 1695 1375 1727 mihi
1399 1693 1492 1737 cet.]
1528 1693 1690 1728 Par-odia

952 1742 1045 1776 haec
1084 1744 1141 1776 est
1181 1741 1315 1775 festiva
1350 1741 1540 1775 Homerici
1582 1741 1688 1775 illius

951 1788 1058 1822 Iliad.
1096 1788 1142 1829 β,
1182 1790 1270 1822 484:
1312 1785 1470 1822 Ἕσπετε
1511 1788 1580 1822 νῦν
1619 1799 1690 1832 μοι

950 1836 1107 1869 Μοῦσαι
1131 1833 1312 1879 Ὀλύμπια
1342 1833 1485 1879 δώματ’
1516 1831 1688 1877 ἔχουσαι,

952 1886 989 1917 et
1015 1883 1207 1918 similium.
1246 1883 1353 1917 Conf.
1378 1883 1546 1917 Iuvenal.
1572 1885 1604 1926 4,
1631 1885 1686 1918 34.
1747 1893 1750 1897 ’

926 1957 930 1962 .
951 1930 1093 1964 Verum
1111 1931 1156 1964 de
1174 1933 1252 1964 toto
1277 1931 1349 1964 hoc
1367 1931 1450 1964 loco
1474 1930 1686 1964 iudicemus

951 1988 1106 2012 necesse
1134 1981 1190 2012 est
1215 1989 1292 2012 non
1319 1989 1365 2012 ex
1389 1980 1532 2020 nostro,
1557 1977 1622 2011 sed
1641 1988 1687 2011 ex

950 2025 1206 2059 Romanorum
1225 2036 1351 2067 sensu,
1369 2025 1435 2070 qui
1453 2024 1499 2058 de
1515 2024 1578 2058 via
1593 2024 1685 2058 fessi

950 2072 990 2105 in
1038 2073 1105 2106 tali
1149 2083 1243 2106 cena
1290 2072 1371 2106 ruri
1417 2074 1548 2117 parata
1588 2071 1686 2105 nihil

950 2119 1054 2153 aliud
1081 2120 1155 2153 nisi
1182 2120 1283 2154 leves
1316 2120 1420 2154 iocos
1445 2119 1684 2164 appetebant.

948 2167 992 2200 In
1019 2169 1087 2201 hac
1113 2167 1336 2212 praesertim
1362 2165 1602 2201 sermonibus
1617 2165 1682 2200 So-

950 2215 1100 2249 craticis
1135 2217 1199 2248 aut
1230 2225 1318 2248 vere
1356 2213 1487 2248 amicis
1511 2213 1572 2248 vel
1595 2223 1683 2257 pro-

948 2264 1032 2306 pter
1063 2262 1281 2304 Fonteium,
1318 2260 1475 2295 Antonii
1509 2259 1684 2302 amicum,

949 2310 1056 2343 locus
1082 2320 1159 2343 non
1185 2312 1280 2350 erat,
1306 2311 1419 2353 atque
1445 2310 1531 2341 aute
1556 2306 1684 2341 omnia

948 2357 1088 2400 poetis,
1125 2356 1306 2400 Virgilio,
1341 2354 1476 2397 Vario,
1513 2354 1683 2397 Horatio,

948 2403 1099 2437 vitanda
1125 2406 1244 2445 erant,
1272 2413 1521 2447 quaecunque
1547 2401 1595 2436 ad
1619 2411 1696 2435 ress

949 2450 1077 2484 civiles
1104 2450 1308 2484 etiamtunc
1340 2449 1540 2484 admodum
1572 2448 1682 2482 intri-

949 2501 1048 2531 catas
1075 2497 1319 2541 pertinerent.
1338 2516 1379 2520 —
1397 2497 1580 2531 Sarmenti
1596 2495 1681 2538 cet.]

949 2544 1168 2578 Sarmentus
1206 2555 1337 2577 servus
1374 2544 1500 2578 fuerat
1531 2542 1580 2576 M.
1612 2541 1681 2575 Fa-

947 2591 1061 2633 vonii,
1088 2591 1214 2633 euius,
1240 2594 1368 2635 utpote
1394 2592 1493 2624 inter
1517 2589 1681 2634 proscri-

946 2642 1030 2683 ptos
1072 2638 1207 2680 occisi,
1252 2638 1437 2671 bonorum
1477 2637 1592 2671 sectio
1634 2635 1681 2669 ad

947 2686 1198 2720 Maecenatem
1222 2686 1335 2727 venit,
1361 2685 1425 2729 qui
1444 2684 1679 2719 Sarmentum
