1786 2912
161 152 243 194 132

666 153 875 188 HORATH
901 153 1186 189 SATIRARUM

275 252 518 296 Decurrens
551 254 654 308 alio,
687 268 827 310 neque
859 255 895 296 si
926 254 1060 309 bene3
1094 269 1178 312 quo
1208 256 1273 311 fit,
1306 260 1354 299 ut
1385 257 1522 299 omnis

274 323 433 366 Votiva
461 328 607 380 pateat
636 325 770 367 veluti
802 324 1016 382 descripta
1045 326 1205 369 tabella

275 394 378 436 Vita
409 396 538 438 senis.
582 394 749 451 Sequor
778 395 910 450 hunc,
941 396 1144 439 Lucanus
1166 412 1222 440 an
1241 397 1409 454 Apulus
1435 411 1614 454 anceps:

275 464 386 507 Nam
421 465 667 508 Venusinus
700 470 791 508 arat
821 466 951 509 finem
983 467 1062 509 sub
1093 472 1320 524 utrumque
1351 469 1546 523 colonus,

1619 469 1677 511 35

274 536 432 578 Missus
465 536 518 578 ad
548 537 630 579 hoe
660 537 817 593 pulsiS,
849 541 974 580 vetus
1006 542 1071 581 est
1101 542 1149 580 ut
1180 538 1313 593 fama,
1347 538 1549 593 Sabellis,

275 606 369 655 Quo
400 621 455 650 ne
485 622 564 664 per
594 622 776 650 vacuum
806 608 1002 651 Romano
1033 609 1270 652 incurreret
1299 609 1456 664 hostis,

155 742 316 776 otiosum
358 745 427 777 est.
465 761 509 766 —
552 745 758 777 Decurrens
800 744 890 787 alio]

155 789 281 831 „aliud
324 790 542 835 confugium
584 791 808 835 quaerens.“
845 810 888 814 —

157 837 283 870 Voliva
297 855 312 861 -
326 855 340 861 -
355 837 508 880 labella]
535 837 688 880 „Solent
712 838 888 883 naufragi

154 894 263 917 suum
289 884 527 929 naufragium
554 884 594 918 in
621 885 760 919 tabella
786 885 889 931 depi-

153 933 254 964 ctum
273 931 517 966 circumferre
536 934 573 966 et
589 933 628 965 in
654 933 804 977 templis
823 934 889 967 ali-

153 978 216 1012 cui
250 978 320 1012 deo
347 982 607 1013 consecratum
642 980 888 1026 suspendere.

151 1025 210 1058 Ad
234 1026 336 1060 hunc
358 1026 512 1061 modum
530 1026 667 1061 Lucilii
694 1027 795 1062 senis
814 1028 889 1062 vita

152 1075 226 1107 tam
252 1073 355 1108 clara
381 1076 437 1108 est
462 1074 502 1107 in
529 1074 609 1108 suis
633 1074 753 1117 libris,
780 1077 887 1119 quasi

153 1124 252 1154 esset
288 1120 436 1165 depicta
475 1122 516 1154 in
554 1121 682 1166 aliqua
722 1122 885 1156 tabula.“

153 1166 281 1201 Comi.
308 1168 429 1207 CRUQ.
479 1168 586 1202 Conf.
618 1168 686 1202 Od.
714 1172 746 1212 1,
771 1171 804 1212 5,
832 1171 886 1203 13.

153 1233 195 1238 —
223 1215 339 1258 senis]
377 1216 631 1261 Hieronymus
668 1217 708 1250 in
748 1216 885 1250 Chi-on.

151 1261 197 1295 ad
236 1261 294 1296 01.
335 1265 422 1305 169,
460 1265 492 1296 2.
530 1262 662 1296 XLVI.
697 1264 888 1298 dumtaxat

151 1320 272 1343 annos
299 1310 333 1343 ei
359 1310 492 1344 tribuit
516 1311 563 1353 (a.
582 1321 619 1344 u.
639 1320 670 1344 c.
688 1310 887 1354 606-652.)‚

151 1356 190 1389 id
209 1357 310 1401 quod
328 1358 503 1403 congruit
521 1369 605 1391 cum
622 1357 761 1391 Lucilii
786 1369 886 1393 anno

151 1403 288 1447 natali,
339 1416 450 1448 quem
493 1405 591 1439 idem
632 1405 886 1450 Hieronymus

151 1449 364 1496 Olympiadi
390 1454 468 1486 158.
486 1452 663 1497 assignat.
690 1453 778 1486 Fuit
794 1453 886 1487 ami-

151 1507 218 1532 cus
244 1498 415 1533 Africani
441 1500 598 1533 minoris
624 1501 761 1533 mortui
789 1511 820 1534 a.
848 1512 884 1534 u.

151 1554 182 1578 ο.
210 1547 289 1579 625.
317 1549 354 1580 et
379 1546 449 1580 sub
467 1557 510 1580 eo
527 1546 757 1581 Numantino
784 1548 885 1582 bello

151 1593 198 1634 (a.
217 1593 314 1635 621.)
334 1604 450 1638 eques
468 1594 654 1636 militavit,
671 1594 772 1627 unde
789 1595 884 1627 mul-

149 1640 196 1673 tis
214 1640 335 1675 visum
354 1644 422 1682 est,
440 1651 606 1674 errorem
624 1641 664 1674 in
682 1641 883 1675 indicando

148 1688 280 1722 mortis
314 1698 413 1722 anno
449 1688 687 1722 commissum
721 1698 803 1722 esse
838 1689 883 1722 ab

148 1734 397 1780 Hieronymo:
446 1746 575 1769 verum
617 1746 688 1769 van
730 1735 882 1770 Heusde

148 1781 270 1816 Lucil.
307 1793 344 1827 p.
385 1784 438 1816 11.
480 1782 751 1817 demonstravit
791 1786 884 1816 tunc

148 1839 225 1864 non
253 1829 304 1863 ita
329 1840 415 1863 raro
441 1829 580 1863 factum
608 1840 711 1871 esse,
738 1832 779 1863 ut
805 1831 885 1863 acri

147 1877 281 1910 militia
311 1886 405 1918 puer
438 1877 630 1911 Romanus
656 1876 738 1910 XV.
765 1887 882 1910 anno-

147 1935 230 1958 rum
263 1924 419 1958 militiae
452 1935 590 1958 nomen
624 1923 748 1967 daret3
785 1925 883 1958 hanc

147 1974 272 2005 autem
296 1974 573 2015 praematuram
599 1971 771 2005 militiam
797 1972 883 2006 sub-

147 2018 260 2052 latam
293 2029 375 2052 esse
409 2018 449 2053 G.
481 2018 642 2052 Gracchi
678 2018 883 2052 tribunicia

147 2066 230 2111 lege
258 2065 373 2108 (Plut.
411 2066 500 2100 Vita
525 2066 595 2108 5.)‚
634 2066 885 2109 quadriennio

145 2116 231 2157 post
252 2113 414 2147 excisam
431 2112 685 2152 Numantiam,
704 2124 780 2157 qua
799 2123 884 2147 cau-

145 2163 224 2193 tum
251 2163 326 2202 est,
360 2171 408 2194 ne
435 2161 520 2204 quis
555 2160 656 2194 infra
680 2159 798 2194 XVII.
824 2171 885 2194 ae-

145 2209 232 2242 tatis
267 2218 407 2241 annum
441 2208 487 2242 ad
520 2207 693 2241 militiam
729 2218 883 2252 eogere-

146 2256 218 2288 tur.
252 2254 356 2289 Idem
382 2265 469 2289 vero
494 2254 632 2288 Lucilii
659 2256 771 2288 vitam
796 2265 883 2299 pro-

144 2301 250 2335 ducit
276 2313 399 2346 usque
417 2302 464 2335 ad
490 2313 521 2336 a.
549 2313 585 2335 u.
614 2312 645 2335 0.
673 2303 766 2345 687„
792 2301 884 2346 quia

80 2374 97 2378 «
145 2347 256 2382 Satir.
282 2349 324 2382 L.
352 2351 407 2382 20.
433 2349 493 2382 Fr.
520 2351 560 2381 4:
600 2350 780 2391 Calpurni
803 2358 882 2382 sae-

143 2404 227 2429 vam
254 2396 367 2437 leuem
391 2397 531 2429 Pisonis
557 2396 788 2439 meminerit,
813 2396 881 2430 illo

144 2452 244 2476 anno
283 2443 329 2477 de
367 2443 507 2476 ambitu
546 2443 678 2486 latam3
728 2443 881 2487 proprie

143 2490 259 2534 igitur
285 2500 318 2523 v.
344 2491 439 2523 senis
469 2490 760 2535 intelligendum
787 2500 880 2524 esse.

142 2537 284 2571 Verum
310 2536 407 2571 duae
440 2537 599 2571 maxime
634 2538 784 2572 obstant
810 2537 881 2570 dif-

142 2583 347 2618 ficultates:
389 2585 550 2628 primum
590 2583 688 2617 enim
727 2584 880 2618 minime

143 2634 289 2666 constat
322 2642 344 2664 a
375 2631 523 2666 Lucilio
562 2631 683 2676 legem
724 2631 880 2675 Calpur-

142 2679 242 2712 niam
269 2681 312 2712 de
347 2680 485 2712 ambitu
524 2678 750 2723 significari,
789 2689 873 2712 cum

142 2726 251 2759 etiam
279 2727 322 2760 de
354 2727 517 2767 pecuniis
552 2726 762 2767 repetundis
792 2725 876 2759 Cal-

938 745 1077 788 purnia
1110 746 1171 779 lex
1204 745 1279 779 lata
1313 745 1363 778 sit
1395 755 1428 778 a.
1454 756 1490 778 u.
1517 755 1548 779 c.
1581 747 1677 789 605„

939 792 1252 836 quemadmodum
1267 792 1360 836 legis
1374 792 1544 827 Liciniae
1559 793 1675 836 (sum-

937 839 1124 884 ptuariae)
1143 840 1283 874 mentio
1299 839 1417 885 (Gerl.
1427 839 1558 883 p.95.),
1577 851 1677 884 quae

940 886 1089 930 quando
1115 887 1190 920 lata
1215 887 1275 929 sit,
1304 897 1461 931 prorsus
1487 886 1675 921 incertum

939 936 996 967 est
1022 934 1109 976 (vid.
1127 934 1269 968 Baiteri
1293 933 1375 967 Ind.
1400 933 1515 979 Legg.
1541 945 1578 978 p.
1605 935 1673 969 275

939 981 1027 1025 sq.),
1061 981 1159 1014 nihil
1183 981 1231 1015 ad
1256 981 1507 1015 definiendam
1532 981 1675 1015 Lucilii

938 1031 1097 1062 aetatem
1121 1029 1287 1072 confert;
1312 1028 1448 1062 deinde
1474 1028 1548 1062 loci
1567 1027 1676 1063 Cice·-

939 1075 1087 1109 eeronis
1113 1076 1159 1109 de
1178 1075 1240 1109 Or.
1262 1078 1293 1118 1,
1322 1077 1375 1117 16,
1402 1077 1458 1109 72.
1485 1077 1517 1117 2,
1543 1078 1576 1118 6,
1602 1077 1672 1119 25.,

936 1122 975 1154 in
991 1123 1129 1167 quibus
1149 1122 1334 1165 omnibus,
1352 1125 1394 1156 ut
1411 1122 1534 1157 adhuc
1551 1123 1674 1157 visum

937 1171 1005 1212 est,
1030 1169 1219 1204 Lucilium
1245 1172 1346 1204 certe
1373 1172 1460 1204 ante
1478 1180 1511 1203 a.
1530 1172 1610 1203 663.
1629 1173 1672 1204 ut

935 1219 1124 1250 mortuum
1173 1227 1463 1251 commemorare
1511 1217 1673 1251 videtur.

935 1263 1138 1309 Utcunque
1175 1267 1301 1298 autem
1333 1264 1378 1298 de
1415 1265 1485 1298 hac
1522 1275 1564 1298 re
1598 1267 1671 1299 sta-

936 1312 1076 1353 tuetur,
1102 1311 1318 1346 etiamnunc
1340 1312 1438 1346 malo
1457 1311 1673 1356 ambiguum

935 1368 968 1390 v,
1005 1360 1100 1393 senis
1149 1358 1393 1402 interpretari
1443 1358 1533 1403 „qui
1575 1358 1674 1392 anti-

936 1405 1069 1449 quiore
1104 1408 1271 1450 tempore
1302 1405 1431 1448 vixit“,
1463 1407 1524 1439 des
1549 1407 1670 1448 Alteri,

935 1463 1091 1496 prorsus
1117 1456 1160 1487 ut
1186 1452 1260 1487 Sat.
1289 1455 1319 1495 1,
1347 1454 1403 1495 10,
1430 1454 1486 1486 67.
1513 1452 1558 1486 de
1581 1455 1670 1494 poe'-

935 1502 1058 1533 tarum
1070 1502 1255 1534 seniorum
1268 1501 1377 1534 turba
1390 1499 1574 1544 loquitur.
1594 1499 1672 1534 Cic.

934 1546 1040 1580 Brut.
1069 1550 1124 1589 10,
1151 1549 1214 1581 39:
1239 1548 1287 1580 At
1312 1548 1349 1579 hi
1375 1548 1520 1587 quidem
1539 1547 1671 1589 (Solon

935 1596 972 1627 et
996 1594 1254 1637 Pisistratus),
1286 1597 1328 1627 ut
1355 1595 1488 1635 populi
1510 1595 1673 1627 Romam·

934 1643 1036 1673 aetas
1069 1644 1139 1683 est,
1177 1650 1296 1683 senes,
1334 1643 1375 1673 ut
1399 1642 1672 1674 Atheniensium

932 1689 1055 1720 saecla
1077 1691 1331 1730 numerantur,
1352 1688 1594 1721 adolescentes
1609 1690 1671 1722 de-

934 1735 1015 1768 bent
1039 1736 1163 1768 videri.

981 1783 1102 1815 34-38.
1139 1783 1308 1816 Lucanus
1334 1780 1418 1824 cet.]
1451 1781 1536 1815 vid.
1563 1780 1610 1816 ad
1634 1792 1669 1816 v.

931 1830 988 1862 39.
1005 1848 1047 1852 —
1067 1829 1211 1872 anceps]
1241 1829 1339 1876 „Ego
1358 1829 1496 1863 dubius
1515 1839 1597 1863 sum
1614 1831 1670 1862 at-

933 1886 1006 1920 que
1025 1876 1212 1919 incertus3
1239 1887 1324 1910 nam
1342 1875 1532 1910 Venusini
1548 1875 1669 1910 Luca-

932 1923 991 1957 nis
1010 1925 1098 1956 sunt
1115 1923 1263 1957 finitimi
1282 1926 1319 1957 et
1327 1922 1494 1967 Apulis.“
1513 1922 1668 1957 PORPH.

930 1969 1056 2004 Malim
1074 1971 1269 2012 ancipitem
1286 1969 1526 2014 interpretari
1547 1980 1669 2013 „eum,

932 2017 978 2051 de
1005 2028 1078 2061 quo
1104 2018 1307 2062 ambigitur
1326 2028 1354 2051 s.
1371 2018 1558 2051 incertum
1576 2017 1669 2060 est“,

935 2068 977 2098 ut
999 2065 1078 2098 Liv.
1097 2067 1154 2107 31,
1182 2068 1243 2099 12:
1270 2067 1316 2099 In
1339 2065 1483 2098 Sabinis
1507 2066 1669 2098 incertus

933 2113 1058 2154 infans
1091 2115 1201 2145 ‘natus
1233 2112 1415 2145 masculus
1449 2119 1500 2144 an
1530 2112 1669 2152 semina

935 2162 1033 2192 esset.
1061 2158 1136 2193 Gfr.
1163 2160 1218 2200 27,
1245 2160 1301 2192 37.
1328 2160 1384 2201 30,
1411 2159 1467 2192 35.
1500 2157 1578 2191 Alii
1603 2167 1670 2192 an-

933 2215 1014 2248 ceps
1038 2207 1180 2241 habent
1204 2217 1272 2250 pro
1299 2216 1383 2251 gen.
1407 2207 1555 2247 neutro,
1581 2205 1668 2240 coll.

932 2253 1014 2287 Liv.
1033 2255 1089 2296 31,
1115 2256 1179 2287 41:
1207 2254 1423 2287 Clauserunt
1446 2255 1587 2294 portas,
1611 2253 1668 2285 in-

932 2303 1072 2334 certum
1087 2303 1124 2334 vi
1140 2309 1190 2334 an
1206 2301 1408 2333 voluntate.
1438 2299 1538 2332 Flor.
1558 2301 1590 2340 2,
1610 2301 1666 2342 14,

933 2350 972 2381 3:
1014 2356 1167 2389 reanum
1180 2366 1195 2372 -
1208 2366 1223 2373 -
1235 2347 1432 2380 Andriscus
1465 2347 1665 2388 invaserat,

932 2397 1080 2428 dubium
1107 2396 1197 2428 liber
1222 2403 1272 2427 an
1294 2401 1432 2427 servus.
1452 2411 1495 2416 —
1518 2394 1667 2426 Venusi-

932 2451 999 2475 nus
1012 2461 1027 2468 -
1039 2460 1055 2466 -
1069 2442 1227 2483 colonus,
1253 2439 1401 2483 Missus]
1428 2451 1460 2474 a.
1478 2451 1515 2473 u.
1535 2449 1566 2473 c.
1584 2441 1665 2474 463.

930 2509 976 2512 —
1002 2491 1051 2523 ad
1075 2490 1291 2530 hoc,--quo
1316 2487 1376 2530 ne]
1403 2487 1472 2529 „ad
1497 2486 1598 2520 hunc
1623 2485 1667 2519 fi-

930 2547 1028 2579 nem,
1042 2555 1057 2562 ·
1070 2554 1085 2560 -
1099 2538 1142 2569 ut
1158 2536 1248 2578 ne;“
1275 2534 1468 2569 rarissimo
1487 2544 1572 2575 usu,
1596 2543 1664 2577 pro

931 2594 1006 2627 quo
1032 2582 1228 2616 Bentleius
1261 2593 1337 2615 non
1372 2581 1479 2615 affert
1502 2579 1575 2614 nisi
1599 2579 1666 2613 Di-

929 2633 1022 2675 gest.
1050 2631 1113 2672 21,
1141 2631 1180 2671 1,
1208 2630 1270 2662 17:
1307 2630 1338 2662 si
1364 2628 1507 2662 celandi
1538 2635 1662 2670 causa,

929 2686 999 2718 quo
1026 2686 1070 2711 ne
1105 2678 1153 2710 aa
1185 2677 1371 2709 dominum
1403 2676 1662 2716 reverteretur,

927 2726 1097 2767 suqisset,
1130 2725 1327 2765 [unitivum
1353 2731 1444 2764 esse,
1479 2732 1553 2766 quo
1578 2721 1663 2765 ipso
