1774 2930
159 171 245 213 224

668 171 875 206 HORATII
901 170 1185 207 SATIRARUM

277 272 461 316 Currere
492 287 570 330 per
599 277 738 315 totum
769 273 914 329 pavidi
946 274 1159 327 conclave,
1191 274 1415 330 magisque

274 343 513 387 Exanimes
544 344 775 400 trepidare,
810 344 938 385 simul
968 344 1118 386 domus
1151 345 1239 387 alta
1268 345 1492 387 Molossis'

275 415 506 458 Personuit
527 415 719 457 canibus.

775 415 886 456 Tum
907 416 1116 458 rusticus:
1136 414 1267 458 Haud
1287 416 1394 458 mihi
1413 416 1504 459 vita

1597 415 1680 457 115

274 486 356 529 Est
386 501 493 542 opus
526 486 618 540 hac,
654 486 728 540 ait,
762 490 805 527 et
834 486 1004 540 valeas3
1036 501 1106 529 me
1138 487 1249 529 silva
1278 501 1492 543 cavusque

276 557 413 599 Tutus
446 557 500 599 ab
534 557 701 599 insidiis
733 558 854 599 tenui
886 557 1098 599 solabitur
1129 571 1243 600 ervo.

719 753 973 796 SATIRA
1004 754 1124 796 VII.

271 836 524 878 Iamdudum
560 836 752 878 ausculto
785 839 827 878 et
859 836 1036 892 cupiens
1068 836 1147 877 tibi
1180 835 1322 878 dicere
1354 850 1501 879 servus

271 907 417 949 Pauca
447 907 692 949 reformido.
725 907 963 949 Davusne?
993 907 1072 961 Ita,
1105 906 1270 961 Davus,
1303 908 1486 950 amicum

270 978 532 1034 Mancipium
564 978 735 1020 domino
769 981 812 1020 et
844 978 957 1034 frugi
991 978 1103 1034 quod
1137 979 1192 1019 sit
1225 979 1344 1032 satis,
1377 978 1459 1021 hoc
1490 981 1575 1032 est,

270 1049 330 1091 Vt
360 1050 490 1092 vitale
522 1054 662 1105 putes.
707 1049 817 1105 Age,
850 1049 1050 1091 libertate
1081 1048 1331 1103 Decembri,

275 1120 454 1169 Quando
486 1121 548 1162 ita
577 1121 762 1162 maiores
792 1120 1039 1174 voluerunt,
1071 1124 1218 1174 utere3
1250 1134 1389 1162 narra.

249 1226 350 1261 SAT.
376 1227 458 1261 VII.
492 1226 696 1271 Inscriptio
726 1226 906 1260 Codicum
931 1226 1007 1270 Ep:
1039 1228 1093 1260 De
1118 1227 1340 1260 iocunditate
1364 1228 1570 1261 Decembris
1596 1229 1630 1260 et

198 1276 325 1308 servili
353 1276 511 1308 licentia.

152 1370 306 1403 Currere
344 1369 435 1412 cet.]
483 1366 706 1412 „Primum”
719 1367 890 1412 trepidus

149 1427 218 1461 per
230 1417 408 1451 conclave
419 1416 600 1451 discurrit
613 1418 774 1460 uterque
788 1427 890 1459 mus,
881 1427 889 1434 ·

150 1475 236 1498 mox
262 1475 301 1498 se
327 1465 366 1497 in
399 1464 599 1509 antiquum
633 1464 770 1497 urbani
805 1464 889 1497 lati-

149 1511 283 1545 bulum
316 1511 506 1554 oondunt3
545 1511 732 1555 denique,
770 1511 835 1545 ubi
868 1522 890 1545 a

150 1559 268 1593 servis
286 1562 487 1604 purgatum
506 1561 564 1593 est
580 1558 804 1601 triclinium,
826 1569 890 1592 ru-

150 1607 268 1640 sticus
288 1617 328 1640 se
345 1606 519 1651 proripit.
525 1606 541 1624 “
554 1625 594 1629 -—
607 1607 791 1648 Molossis]
813 1605 888 1639 Cfr.

148 1653 267 1698 Epod.
296 1657 328 1696 6,
355 1656 386 1688 5.
407 1673 449 1677 —-
469 1655 585 1687 Haud
609 1654 699 1686 mihi
722 1654 801 1686 vila
824 1655 889 1686 Est

149 1710 239 1743 opus
278 1701 424 1744 hac]„
435 1701 543 1735 Hanc
581 1703 655 1734 tam
697 1697 888 1734 infelicem

147 1749 262 1783 vitam
305 1759 374 1794 ego
407 1726 599 1793 ’'respuo.‘L
653 1749 790 1790 „Solch
831 1749 890 1781 ein

147 1797 267 1830 Leben
281 1797 379 1830 kann
390 1797 447 1829 ich
461 1805 530 1837 aar
544 1797 641 1829 nicht
655 1795 886 1828 brauchen!“

150 1862 193 1866 —
221 1844 349 1898 ervo]
382 1843 451 1877 Est
498 1843 704 1888 leguminis
754 1852 887 1887 genus,

148 1889 291 1925 Graece
324 1886 486 1936 ὄροβος,
525 1890 635 1924 nobis
666 1890 727 1922 K·
713 1899 727 1923 ι
742 1898 759 1922 c
772 1891 795 1921 h
809 1899 826 1922 e
839 1897 887 1920 r-

148 1940 277 1971 erbse
303 1938 362 1971 vel
386 1939 518 1971 Erve.

195 1985 278 2019 VII.
303 1985 398 2018 Vide
424 1985 650 2018 Excursum.

197 2035 227 2066 1.
254 2034 287 2066 2.
313 2034 537 2066 Iamdudum
554 2031 735 2074 ausculto]
762 2031 888 2074 „Iam-

147 2078 212 2114 diu
237 2080 395 2114 auribus
423 2082 529 2124 capto
561 2082 598 2113 et
623 2079 741 2113 veluti
768 2089 885 2113 venor

148 2127 470 2172 opportunitatem
505 2127 721 2170 loquendi.“
767 2126 885 2159 GESN.

145 2175 333 2209 Nimirum
372 2175 498 2220 cogita
534 2174 733 2208 Horatium
776 2176 886 2207 antea

146 2222 222 2256 alta
247 2233 338 2257 voce
364 2222 502 2268 legisse
528 2222 666 2256 librum
693 2222 752 2255 vel
785 2221 886 2254 inter

147 2269 390 2304 scribendum
401 2269 564 2304 subinde
575 2279 703 2303 secum
717 2269 885 2303 locutum

146 2327 249 2350 esse:
276 2317 500 2351 vaferrimus
519 2319 644 2350 autem
663 2327 796 2351 servus
815 2316 885 2350 scit

147 2364 299 2408 quidem
323 2364 436 2398 hodie
457 2364 672 2398 Saturnalia
690 2364 884 2405 celebrari,

145 2411 275 2456 itaque
300 2412 450 2456 plenam
478 2411 550 2445 sibi
583 2411 795 2445 libertatem
829 2411 885 2444 lo-

146 2458 289 2503 quendi
324 2461 438 2503 atque
473 2458 565 2492 adeo
598 2460 733 2493 herum
769 2459 885 2492 inter-

144 2506 313 2550 pellandi
333 2516 551 2540 concessam
574 2517 669 2549 esse,
696 2516 771 2551 qua
796 2516 885 2539 usu·-

144 2564 211 2588 rus
251 2564 290 2587 se
328 2553 433 2587 velut
470 2553 604 2587 ulcisci
643 2553 883 2598 aliquatenus

145 2601 266 2646 possit
291 2601 337 2635 de
362 2600 560 2642 molestiis,
587 2601 727 2645 quibus
745 2611 813 2645 per
830 2603 885 2634 to·-

146 2650 227 2681 tum
258 2658 399 2682 annum
424 2647 612 2682 obnoxius
644 2648 777 2691 fuerit3
812 2657 884 2681 nec

144 2698 270 2729 tamen
296 2695 511 2740 protervius
534 2695 574 2728 in
593 2695 812 2728 cubiculum
834 2695 884 2728 ir-

146 2753 323 2787 rumpere
349 2742 476 2785 audet,
501 2744 686 2784 metuens,
713 2753 760 2776 ne
787 2742 882 2776 forte

939 1368 985 1401 ab
1023 1369 1115 1402 hero
1158 1368 1261 1402 illam
1302 1368 1516 1402 libertatem
1550 1367 1679 1402 minus

939 1418 1139 1450 revel-ente
1179 1416 1276 1450 male
1317 1416 1517 1450 mulcetur.
1543 1435 1587 1439 ——
1618 1424 1678 1449 re-

938 1463 1119 1506 formido]
1170 1474 1312 1497 memor
1354 1474 1444 1498 sane
1485 1462 1677 1507 proverbii

939 1510 1040 1555 apud
1065 1510 1113 1544 M.
1139 1509 1322 1545 Antonin.
1351 1513 1413 1554 11,
1438 1512 1506 1544 30.
1531 1509 1681 1552 Δοῦλος

939 1559 1134 1600 πέφυκας,
1171 1555 1218 1592 οὐ
1254 1559 1410 1601 μέτεστί
1445 1569 1511 1591 σοι
1547 1554 1678 1602 λόγου.

938 1625 985 1630 —
1002 1605 1122 1648 Ila]„
1126 1605 1171 1638 In
1191 1605 1395 1650 colloquiis
1412 1616 1531 1639 unum
1551 1607 1606 1639 ila
1622 1608 1678 1639 to-

938 1655 1012 1686 tam
1056 1653 1283 1687 sententiam
1321 1653 1484 1687 affirmat
1520 1663 1677 1697 respon-

939 1700 1068 1734 sione:
1099 1701 1178 1739 ja.“
1230 1699 1347 1733 nim>
1383 1699 1499 1733 Tuus.
1532 1699 1600 1733 111.
1638 1710 1675 1743 p.

938 1749 1018 1780 493.
1034 1766 1076 1770 -—
1092 1747 1263 1790 amicum]
1285 1746 1450 1789 „domini
1463 1746 1674 1780 studiosum

938 1794 1051 1838 eique
1076 1793 1225 1828 fidum.“

985 1843 1056 1875 3-8.
1082 1841 1198 1884 sruai]
1225 1837 1430 1888 ,χρηστῶς
1455 1841 1604 1886 frugale
1621 1843 1678 1875 at-

937 1899 1010 1933 que
1036 1888 1274 1923 obedientiae
1299 1888 1466 1933 plenum,
1492 1889 1538 1923 ab
1557 1888 1677 1923 omni-

938 1947 1010 1980 que
1027 1936 1130 1970 furto
1148 1936 1357 1979 abstinens,
1383 1936 1534 1979 brav3¹⁴
1563 1946 1677 1980 saepe

937 1983 984 2018 de
1023 1984 1152 2017 servis.
1203 1983 1354 2018 Terent.
1386 1983 1456 2017 Ad.
1490 1984 1531 2026 5,
1565 1986 1606 2025 9,
1641 1985 1675 2016 2.

936 2030 1078 2065 Demea
1102 2030 1150 2065 ad
1177 2030 1330 2075 Syrum:
1355 2032 1469 2072 Μαι·
1495 2032 1600 2065 homo
1626 2039 1674 2063 es.

937 2077 1150 2123 Opponitur
1177 2087 1347 2120 nequam.
1397 2078 1475 2112 Cic.
1501 2077 1614 2112 Tusc.
1639 2079 1675 2120 3,

937 2127 970 2168 8,
999 2128 1054 2160 16.
1080 2145 1127 2150 -—
1154 2128 1251 2167 quod
1274 2127 1320 2159 sit
1344 2125 1451 2169 satis]
1491 2125 1565 2168 „In
1590 2127 1674 2159 tan-

935 2175 1015 2207 tum
1033 2183 1116 2207 sum
1133 2173 1249 2218 frugi,
1276 2184 1388 2218 quam
1415 2173 1505 2207 satis
1531 2172 1581 2207 sit
1604 2182 1675 2216 pro

936 2223 1047 2266 captu
1071 2231 1115 2255 ac
1138 2220 1290 2254 modulo
1315 2220 1570 2263 servulorum3
1595 2219 1675 2264 glo-

935 2269 1027 2302 riari
1054 2268 1154 2302 enim
1180 2279 1258 2302 non
1285 2270 1342 2302 est
1374 2278 1518 2310 meum,
1550 2277 1674 2311 neque

934 2316 1048 2350 talem
1071 2326 1131 2350 me
1154 2315 1286 2350 haberi
1309 2315 1472 2359 postulo,
1499 2315 1560 2348 cui
1581 2323 1672 2358 prae

934 2363 1141 2397 immodicis
1167 2362 1370 2396 virtutibus
1404 2363 1575 2396 metuant
1606 2361 1673 2394 ho-

934 2411 1067 2453 mines,
1093 2421 1141 2444 ne
1167 2410 1241 2443 cito
1267 2409 1484 2443 moriatur.“
1530 2407 1676 2442 Seneca

935 2457 1112 2492 Controv.
1132 2459 1164 2499 1,
1184 2459 1215 2490 1.
1241 2456 1286 2490 de
1300 2455 1398 2490 Alfio
1415 2455 1551 2490 Flavo:
1576 2456 1675 2490 Sem-

930 2514 1000 2547 per
1018 2507 1061 2539 de
1078 2506 1179 2538 illius
1197 2505 1341 2545 invenio
1359 2505 1494 2538 Cestius
1513 2505 1546 2536 et
1561 2511 1673 2545 prae-

934 2554 1069 2586 dicavit
1095 2554 1127 2586 et
1155 2552 1284 2585 timuit.
1332 2551 1463 2585 Aiebat
1496 2553 1572 2584 tam
1604 2550 1674 2582 im—

933 2602 1075 2634 mature
1097 2607 1272 2641 maanum
1294 2599 1481 2640 maenium
1502 2606 1576 2631 mm
1598 2605 1674 2630 esse

933 2648 1053 2681 vitale.
1088 2666 1131 2670 —
1167 2647 1332 2679 libertale
1368 2644 1580 2687 Decembri]
1625 2642 1672 2677 In

933 2696 1116 2739 perpetuo
1135 2693 1202 2727 illo
1221 2693 1331 2738 quasi
1355 2692 1456 2727 bello
1482 2692 1581 2726 inter
1606 2690 1673 2724 do-

933 2742 1054 2776 minos
1079 2752 1123 2775 ac
1149 2751 1276 2775 servos
1301 2741 1358 2784 hi,
1384 2741 1427 2774 ut
1451 2739 1504 2774 ait
1518 2738 1672 2773 Arrian-
