1774 2930
218 158 306 199 484

875 158 1084 195 HORATII

337 258 464 301 Musa
494 258 611 302 dedit
640 259 798 302 fidibus
829 260 952 304 divos
983 274 1228 319 puerosque
1258 262 1459 307 deorum.

335 329 395 372 Et
425 331 617 386 pugilem
646 330 852 374 victorem
885 335 928 375 et
959 346 1116 389 equum
1149 334 1380 378 certamine
1410 336 1595 392 primum

335 400 396 443 Et
424 402 629 444 iuvenum
661 415 784 444 curas
817 406 860 445 et
889 401 1027 446 libera
1057 404 1159 447 vina
1187 404 1362 448 referre.

1683 408 1745 450 85

335 471 588 529 Descriptas
620 486 792 516 servare
822 474 939 517 vices
971 488 1233 531 operumque
1265 467 1428 519 colores

337 542 425 585 0111
457 557 536 600 ego
569 544 605 585 si
637 558 805 601 nequeo
836 545 1074 602 ignoroque
1105 549 1235 603 poeta
1266 547 1459 590 salutor‘?

337 613 425 656 Gur
454 615 622 657 nescire
652 615 818 671 pudens
849 630 982 672 prave
1013 631 1140 673 quam
1171 616 1338 661 discere
1367 618 1512 662 malo?

334 684 545 728 Versibus
578 687 737 743 exponi
767 688 942 743 tragicis
973 702 1043 730 res
1077 688 1239 731 comica
1267 702 1355 731 non
1383 690 1495 745 volt,

335 755 588 813 Indignatur
618 758 723 800 item
753 759 933 814 privatis
966 773 1016 801 ac
1046 773 1179 816 prope
1211 773 1336 803 socco

1682 762 1741 803 90

334 826 492 884 Dignis
524 828 784 871 carminibus
814 830 979 872 narrari
1011 844 1118 873 cena
1150 830 1381 888 Thyestae.

214 1041 261 1074 μ
250 1039 366 1085 τρον
380 1025 576 1072 κινητικά,
603 1026 647 1063 τὸ
672 1029 743 1072 μὲν
769 1027 953 1078 ὀρχηστι-

215 1073 298 1118 κόν,
324 1074 369 1110 τὸ
395 1075 435 1109 δὲ
461 1073 729 1124 πρακτικόν.

264 1126 355 1158 83—
360 1126 418 1159 85.
451 1126 560 1160 Musa
585 1125 683 1158 dedit
709 1124 794 1168 cet]
818 1124 951 1160 Possis

217 1171 359 1216 lyricae
410 1172 513 1206 varia
562 1182 702 1217 genera
745 1175 952 1215 enumerat,

215 1219 395 1264 hymnos,
449 1229 634 1264 paeanes,
684 1218 953 1274 dithyrambos,

215 1266 373 1301 heroum
399 1266 543 1309 laudes,
568 1266 753 1307 ἐπινίκια,
779 1263 952 1314 ἐρωτικά,

217 1315 416 1362 παροίνια,
443 1293 619 1348 omittens
644 1311 825 1360 θρήνους.
876 1314 952 1349 cfr.

217 1361 285 1395 Od.
312 1364 354 1404 4,
380 1363 420 1404 2,
457 1363 500 1396 10
534 1372 616 1406 sqq.
667 1361 853 1395 Construe
888 1373 953 1396 au-

215 1411 310 1443 tem:
347 1410 458 1445 Musa
491 1410 587 1442 dedit
624 1409 773 1451 fidibus,
811 1409 850 1443 id
883 1412 954 1452 est,

215 1456 349 1501 generi
374 1456 513 1501 lyrico,
546 1457 687 1498 referre
721 1458 839 1499 divos,
875 1467 952 1491 non

215 1505 357 1545 referre
383 1505 484 1537 divos
509 1505 650 1546 fidibuS.
703 1502 777 1537 Cfr.
804 1515 836 1537 v.
865 1506 953 1538 323:

218 1552 343 1584 Graiis
390 1552 488 1585 dedit
536 1559 599 1584 ore
644 1552 802 1584 rotundo
842 1552 953 1587 Musa

218 1599 329 1639 loqui.
356 1617 400 1622 —
423 1607 630 1640 puerosque
665 1598 843 1641 deorum]
872 1609 953 1641 „se—

215 1646 380 1689 mideos,
412 1646 584 1680 heroes.“
619 1665 662 1669 -
697 1654 862 1687 equum·
875 1647 954 1688 pri-

216 1693 337 1736 mum]
382 1693 611 1736 „victor-em,
617 1693 634 1711 “
683 1695 726 1727 ut
765 1693 953 1728 Pindarus

217 1739 362 1786 Olymp.
391 1742 423 1783 1,
451 1742 506 1774 18.
534 1741 749 1788 Φερενίκου,
775 1741 953 1775 Hieronis

217 1788 324 1842 equi,
350 1787 532 1821 meminit.
559 1806 603 1811 —
632 1789 748 1820 libera
772 1787 880 1830 vina]
907 1787 953 1821 de

217 1832 415 1881 ,ταρῥησίᾳ
453 1835 767 1878 compotantium,
802 1837 845 1867 ut
879 1833 951 1867 Sat.

219 1884 257 1924 1,
283 1884 317 1924 4,
344 1884 408 1915 89;
443 1883 594 1915 Condita
619 1890 701 1914 cum
725 1890 843 1915 veram
868 1890 953 1923 ape-

216 1908 266 1962 1ίί
300 1930 522 1970 praecordia
559 1930 676 1962 Liber.
729 1927 802 1962 Sat.
842 1930 883 1971 2,
919 1930 952 1970 8,

216 1978 284 2010 37:
326 1978 478 2010 Potores
495 1994 511 2000 -
527 1977 752 2009 maledicum
793 1976 951 2009 liberius.

218 2023 293 2057 Cfr.
318 2035 352 2057 1.
379 2025 467 2057 224;
491 2025 601 2065 potus
629 2026 661 2056 et
687 2024 805 2057 exlex.
842 2021 951 2057 Non:

219 2071 346 2116 „larga
369 2071 491 2105 vina.“

266 2120 418 2152 86--·92ι
443 2119 655 2159 Descriptus
668 2135 684 2143 -
696 2117 807 2160 vices]
835 2116 952 2161 „Cum

216 2166 321 2200 varia
345 2166 453 2207 haec,
480 2176 576 2210 quae
596 2166 839 2208 enumeravit,
863 2166 952 2209 poe-

217 2213 268 2247 sis
294 2222 409 2255 opera
435 2224 463 2247 s.
497 2223 639 2258 genera
664 2212 777 2246 certis
803 2212 952 2257 legibus

218 2261 334 2294 semel
367 2261 568 2303 descripta,
601 2260 640 2293 id
673 2262 750 2301 est,
783 2260 951 2304 singula—

217 2308 283 2341 tim
325 2308 529 2342 constituta
571 2308 608 2341 et
655 2307 774 2341 divisa
815 2308 891 2341 sint
931 2317 953 2341 a

219 2354 374 2389 Graecis
407 2355 663 2400 potissimum,
696 2354 755 2388 his
790 2354 952 2400 legibus,

218 2413 378 2446 quarum
418 2413 531 2437 causa
568 2404 605 2436 et
640 2402 735 2435 ratio
774 2401 874 2436 inest
911 2402 951 2435 in

217 2450 300 2494 ipsa
324 2450 461 2483 mentis
493 2449 679 2483 humanae
706 2451 860 2491 natura,
894 2460 952 2483 re-

218 2497 351 2541 ligiose
386 2497 720 2540 obtemperandum
754 2498 829 2539 est3
868 2497 951 2541 qui-

219 2555 292 2588 que
327 2554 390 2578 eas
423 2545 525 2588 leges
559 2544 619 2578 vel
652 2554 728 2577 non
762 2544 868 2578 novit
892 2544 952 2578 vel

218 2592 378 2625 licenter
423 2592 577 2636 migrat,
625 2593 757 2635 poetae
800 2591 950 2625 nomine

217 2639 398 2684 indignus
448 2641 514 2672 est.
580 2638 771 2683 Imprimis
827 2641 951 2672 autem

218 2686 370 2720 vitanda
406 2697 522 2730 prava
558 2696 740 2731 generum
779 2686 950 2719 confusio

219 2743 261 2767 ac
302 2733 543 2777 permixtio,“
588 2733 697 2767 cuius
741 2733 950 2777 exemplum

1003 1032 1128 1065 statim
1155 1031 1356 1077 subiungit
1380 1042 1413 1066 v.
1441 1033 1497 1066 89.
1517 1051 1560 1056 -
1586 1032 1741 1076 colores}

1000 1078 1082 1112 Hoc
1123 1078 1349 1113 vocabulum
1398 1080 1660 1124 complectitur
1701 1083 1739 1114 et

1001 1125 1153 1160 dicendi
1179 1136 1300 1171 genus
1327 1126 1479 1169 (stilum
1505 1137 1616 1172 quem
1642 1127 1737 1160 dici-

1001 1183 1105 1216 mus,
1139 1172 1277 1208 Graeci
1309 1170 1378 1207 τὸν
1410 1173 1636 1229 χαρακτῆρα
1668 1173 1738 1207 τοῦ

1001 1216 1132 1264 λόγου,
1157 1217 1289 1267 ἁδρόν,
1307 1217 1453 1261 ισχνόν,
1477 1222 1614 1264 μέσον.
1640 1220 1738 1255 Gen.

1001 1266 1045 1301 N.
1070 1266 1114 1301 A.
1141 1269 1173 1310 7,
1201 1270 1257 1310 14,
1285 1267 1332 1310 1.)
1359 1270 1396 1302 et
1419 1267 1738 1302 versificationem

1003 1314 1140 1359 cuique
1166 1315 1298 1360 generi
1323 1312 1467 1359 aptam,
1493 1315 1603 1350 cuius
1628 1325 1740 1360 prae—

1003 1362 1102 1406 cepti
1127 1361 1258 1397 violati
1275 1361 1425 1397 illustre
1443 1362 1598 1397 dederat
1614 1373 1738 1397 exem·

1001 1410 1107 1454 plum
1157 1409 1408 1453 Chaeremon,
1459 1410 1528 1465 qui
1577 1409 1739 1453 ἐποίησε

1001 1457 1218 1511 Κένταυρον
1266 1454 1407 1501 μικτήν
1449 1454 1654 1504 ῥαψῳδίαν
1694 1455 1739 1500 ἐξ·

1002 1500 1185 1538 ἁπάντων
1231 1504 1306 1538 τῶν
1347 1505 1508 1552 μέτρων.
1558 1504 1736 1548 (Aristot-

1001 1551 1274 1595 Poet.1‚12.)
1312 1551 1394 1586 Hoc
1427 1562 1543 1586 sensu
1577 1563 1612 1586 1.
1639 1553 1740 1586 color

1003 1609 1114 1644 saepe
1151 1601 1312 1643 usurpat
1344 1599 1600 1639 Quintilianus
1637 1610 1672 1633 1.
1705 1610 1737 1633 0.

1003 1648 1036 1689 9,
1062 1649 1104 1689 4,
1131 1648 1194 1680 17·
1186 1672 1194 1680 .
1221 1647 1414 1688 oratiam·
1430 1648 1604 1689 simplicis
1628 1649 1739 1686 atque

1002 1695 1206 1735 inaffectali
1231 1694 1373 1728 coloris.
1424 1693 1499 1728 Ofr.
1524 1703 1557 1727 1.
1585 1695 1664 1727 236.
1690 1711 1734 1716 -

1006 1743 1058 1784 „si
1083 1740 1245 1783 nequeo]
1271 1751 1340 1784 per
1365 1742 1559 1783 naturam3
1588 1741 1735 1780 ‘donoro-

1003 1796 1081 1829 que,
1107 1798 1176 1831 per
1201 1789 1331 1829 artem,
1358 1797 1470 1831 quam
1487 1797 1563 1820 non
1582 1786 1738 1820 didici.“

1003 1833 1130 1867 001111.
1173 1833 1294 1872 011110.
1333 1853 1378 1858 -
1412 1835 1529 1876 poeta
1567 1833 1735 1877 salutor]

1003 1881 1195 1926 „appellor
1231 1882 1343 1925 poeta
1379 1881 1425 1915 ab
1464 1880 1659 1924 omnibus,
1697 1883 1736 1914 et

1001 1938 1070 1973 ego
1103 1930 1181 1963 tam
1213 1927 1463 1962 honorificum
1495 1938 1633 1962 nomen
1657 1938 1736 1962 non

1000 1986 1135 2010 recuso
1144 1974 1183 2009 ‘?“
1204 1994 1247 1999 —
1269 1976 1409 2017 pudens
1429 1974 1559 2018 prave]
1586 1975 1738 2019 „inepte

1000 2022 1169 2067 pudens,
1207 2033 1293 2057 cum
1325 2033 1458 2057 verear
1493 2024 1530 2056 et
1567 2021 1736 2056 dubitem

1000 2070 1127 2104 facere
1153 2080 1216 2113 ea,
1252 2080 1348 2115 quae
1373 2070 1498 2104 facere
1523 2071 1626 2104 recte
1649 2079 1736 2113 pos-

1002 2117 1073 2151 sim
1121 2119 1159 2152 et
1204 2117 1394 2152 debeam.“
1446 2116 1522 2151 Cfr.
1563 2116 1658 2161 Epp.
1701 2117 1733 2159 2,

1002 2167 1058 2208 16,
1085 2166 1149 2198 24:
1172 2165 1293 2206 pudor
1316 2165 1447 2198 malus.
1467 2183 1510 2188 —
1526 2164 1737 2206 privatis--

1002 2212 1238 2255 carminibus]
1267 2222 1463 2254 „sermone
1485 2211 1735 2255 versibusque

1000 2259 1195 2293 hominum
1232 2259 1463 2303 privatorum
1503 2259 1603 2293 vitae
1641 2268 1734 2302 quo-

1000 2307 1185 2348 tidianae,
1220 2307 1369 2351 qualem
1394 2306 1562 2340 imitatur
1587 2315 1734 2339 comoe-

1001 2353 1082 2397 dia,
1121 2354 1237 2398 aptis,
1274 2364 1351 2388 non
1385 2354 1542 2388 heroum
1575 2352 1737 2397 tragico·

1000 2412 1084 2435 rum
1133 2401 1344 2435 actionibus
1393 2411 1437 2435 ac
1490 2400 1732 2434 facinoribus

1001 2448 1145 2488 Quodsi
1183 2450 1257 2482 tam
1290 2449 1462 2493 imperite
1495 2447 1634 2492 aliquis
1671 2456 1736 2491 ge-

1001 2506 1094 2529 nera
1111 2495 1328 2537 confundat,
1345 2497 1560 2537 indiqnatur
1572 2492 1731 2535 lector;“

999 2554 1067 2587 pro
1095 2554 1188 2588 quo,
1222 2545 1265 2576 ut
1297 2543 1408 2576 simul
1443 2541 1653 2586 exemplum
1679 2519 1733 2574 a’f-

1000 2591 1115 2633 ferat,
1165 2600 1295 2624 cenam
1343 2589 1547 2634 Thyestae,
1596 2586 1732 2621 summi

1000 2637 1170 2672 horroris
1196 2637 1330 2682 tragici
1356 2637 1620 2682 argumentum
1647 2634 1731 2677 (cfr.

1001 2685 1069 2719 Od.
1098 2687 1137 2727 1,
1162 2686 1204 2727 6,
1228 2686 1260 2717 8.
1286 2683 1403 2738 Epod.
1430 2685 1471 2725 5,
1497 2685 1553 2717 86.
1556 2682 1587 2726 ),
1612 2681 1731 2727 ponit.

1000 2732 1055 2766 Ea
1078 2742 1166 2766 vero
1192 2734 1325 2765 narrat
1350 2728 1373 2764 ὁ
1398 2727 1514 2775 ἐξάγγ
1517 2729 1621 2772 ελος,
1647 2739 1732 2763 cum
