1774 2930
145 140 230 182 544
804 140 1016 175 HORA'rn

616 243 1107 285 EXCURSUS
1149 246 1192 285 1.

704 331 757 356 An
781 323 826 357 A.
850 323 893 357 P.
919 334 952 357 v.
979 325 1020 358 21
1051 335 1107 370 sq.

235 406 351 447 coepit
377 405 543 448 institui]
575 405 695 440 Docte
721 405 767 440 de
792 406 863 440 hac
889 407 1171 442 constructione
1197 407 1276 453 egit
1299 407 1553 453 Nipperdeius
1578 411 1619 444 in

142 465 303 506 Quaestt.
332 466 478 498 Caesar.
503 475 540 508 p.
569 466 625 498 19.
651 464 711 499 his
736 465 879 499 verbis:

237 523 298 565 „Q
327 525 383 566 12,
411 525 428 557 1
458 523 566 565 (Bell.
584 522 683 566 Afr.)
710 523 871 569 legimus
894 525 1017 566 pulvis
1041 526 1169 566 invem
1196 527 1357 568 conspici
1381 530 1527 569 coeptus
1553 531 1603 562 est
1629 531 1668 563 et

139 584 204 625 82,
231 584 250 616 2
279 591 360 616 cum
384 584 480 616 idem
506 592 529 616 a
551 584 722 624 pluribus
749 585 994 617 animadverti
1019 587 1185 626 coeptum
1212 588 1322 619 esset:
1356 587 1470 630 atque
1494 586 1549 621 ita
1574 586 1666 622 Cae-

139 652 200 675 sar
227 644 264 675 et
287 641 436 675 Hirtius
464 652 611 686 semper
638 641 835 685 dixerunt,
870 642 1004 677 Cicero
1039 633 1192 688 quoque
1217 646 1371 689 praeter
1396 655 1515 679 unum
1539 647 1665 680 locum

139 699 249 734 Tusc.
281 703 319 743 1,
348 703 411 744 13,
438 703 481 735 29
507 702 570 734 sed
596 702 660 742 qui
685 702 846 734 nondum
872 711 933 745 ea,
972 710 1067 742 quae
1099 703 1223 736 multis
1251 706 1336 745 post
1368 705 1478 737 annis
1508 706 1666 739 tractari

137 761 346 802 coepissent,
370 761 521 802 physica
546 761 768 802 didicissent,
794 760 839 794 de
867 771 942 805 quo
968 761 1221 796 dubitandum
1246 761 1408 805 videtur,
1435 763 1507 797 etsi
1533 764 1664 808 optimi

138 818 279 853 codicis
305 819 402 864 regii
428 821 591 852 tractare
617 819 709 852 ferri
735 820 902 864 nequit.“
943 819 1146 863 (Scribitur
1171 832 1274 855 nunc
1300 821 1346 856 de
1371 821 1549 867 Madvigii
1576 829 1664 857 con'-

137 877 284 911 iectura
309 879 466 912 tractari
491 881 619 920 coepta
643 879 755 921 sunl.)
808 878 911 921 „Sed
936 880 1034 914 hanc
1059 879 1215 913 formam
1241 880 1422 915 habemus
1447 880 1509 915 hic
1543 881 1662 924 (Bell.

136 936 231 980 Afr.)
259 939 315 980 27,
350 939 370 971 2
406 947 487 971 cum
520 939 566 971 ab
601 939 824 971 adversariis
852 940 989 980 lapides
1014 940 1108 972 mitti
1133 940 1329 981 coepissent
1355 941 1393 974 et
1417 941 1483 983 82,
1509 943 1530 973 4
1555 942 1663 982 siqna

133 997 176 1029 in
202 998 337 1030 hostem
362 1005 510 1038 coepere
535 998 687 1039 inferri,
721 1000 834 1041 atque
867 998 921 1032 ita
955 998 1191 1042 scripserunt
1215 998 1336 1033 Varro
1368 999 1414 1033 de
1440 1009 1482 1033 re
1507 1002 1602 1034 rust.
1629 1001 1663 1043 3,

139 1058 193 1098 19,
215 1057 269 1089 12.
307 1055 445 1090 Salust.
465 1055 572 1090 Catil.
592 1057 648 1099 12,
672 1056 753 1101 Iug.
772 1059 828 1090 91.
848 1059 905 1099 96,
930 1057 1061 1091 Livius
1081 1060 1117 1090 et
1139 1057 1340 1092 inferiores
1359 1068 1482 1103 saepe.
1522 1058 1663 1093 Contra

135 1115 372 1159 antiquiores
406 1117 636 1158 constanter,
671 1115 772 1159 quod
807 1115 940 1159 sciam,
975 1116 1154 1151 dixerunt
1186 1118 1302 1158 coepit
1335 1118 1434 1160 fieri,
1469 1127 1554 1151 oum
1588 1118 1660 1152 hoe

135 1175 252 1208 verbo
286 1185 363 1208 non
397 1177 439 1208 ut
471 1174 635 1219 passivo,
671 1175 735 1208 sed
771 1178 814 1208 ut
846 1174 1051 1219 deponenti
1078 1177 1296 1210 uterentur:
1330 1175 1393 1210 hic
1419 1176 1548 1211 eadem
1573 1186 1662 1211 con-

136 1233 275 1267 stantia
299 1234 455 1278 ponitur
483 1236 647 1276 coeptum
673 1236 723 1267 est
755 1235 836 1275 fieri
870 1234 949 1276 (69,,
976 1235 1008 1267 3.
1036 1235 1092 1277 78,
1118 1235 1183 1278 4),
1217 1234 1320 1279 quod
1344 1234 1451 1269 Livio
1477 1235 1662 1270 familiare

135 1295 194 1327 est
219 1293 291 1335 (24,
317 1295 373 1327 47.
400 1295 458 1327 49.
485 1295 542 1336 25,
569 1295 625 1326 34.
653 1294 711 1335 27,
738 1295 794 1326 42.
822 1295 879 1335 31,
905 1294 960 1326 23.
988 1294 1045 1336 27,
1074 1293 1166 1336 18).“

586 1483 1076 1525 EXCURSIJS
1122 1486 1202 1525 11.

671 1574 723 1599 AD
749 1565 792 1599 A.
819 1566 860 1599 P.
886 1575 919 1598 v.
947 1567 1016 1600 220
1044 1575 1126 1609 sqq.

226 1646 282 1680 Ex
308 1647 367 1690 iis,
395 1659 492 1692 quae
519 1648 564 1682 de
593 1648 786 1693 Satyricis,
812 1658 908 1692 quas
934 1647 1142 1692 fingebant,
1175 1647 1315 1682 fabulis
1340 1648 1443 1692 apud
1467 1647 1657 1684 Romanos

131 1706 376 1751 disputarunt
399 1706 519 1740 Munk
547 1707 592 1742 de
619 1709 694 1749 fab.
717 1708 900 1741 Atellanis
925 1718 960 1751 p.
988 1709 1032 1740 76
1059 1718 1141 1752 sqq.
1166 1710 1280 1752 atque
1305 1707 1518 1742 accuratius
1544 1708 1656 1742 etiam

132 1765 312 1800 Welcker
341 1767 404 1800 Gr.
431 1767 641 1807 Traqo'dien
665 1778 702 1810 p.
730 1769 818 1800 1361
849 1777 950 1810 sqq.,
982 1767 1053 1800 hoc
1078 1770 1166 1801 ante
1192 1766 1318 1801 omnia
1342 1768 1516 1810 apparet,
1549 1766 1657 1800 nulla

130 1835 300 1869 unquam
326 1824 427 1869 apud
452 1825 641 1859 Romanos
666 1826 785 1859 fuisse
811 1825 979 1859 dramata
1005 1825 1189 1870 Satyrica,
1226 1827 1280 1868 et,
1314 1824 1437 1859 sicubi
1468 1825 1656 1859 recentio-

130 1894 210 1926 res,
245 1884 357 1918 etiam
381 1883 576 1918 Neukirch
609 1886 652 1917 ele
685 1885 821 1925 sabulis
856 1885 988 1924 coeatis
1021 1895 1057 1928 p.
1086 1886 1130 1918 18
1156 1895 1259 1929 sqq.,
1292 1884 1384 1918 talia
1408 1884 1656 1929 investigasse

130 1942 202 1976 sibi
228 1942 300 1977 visi
327 1946 436 1986 sunt,
462 1943 561 1976 hanc
588 1942 807 1987 opinionem
834 1944 951 1976 ortam
980 1953 1062 1977 esse
1088 1954 1134 1977 cx
1159 1954 1215 1986 eo,
1241 1943 1343 1988 quod
1370 1953 1454 1977 cum
1478 1943 1539 1977 his
1566 1953 1657 1977 con—

129 2001 339 2036 fundebant
364 2002 573 2036 Atellanas.

226 2060 336 2095 Clara
360 2062 431 2095 hac
457 2061 502 2095 de
528 2072 569 2095 re
603 2062 751 2095 exstant
783 2061 999 2095 testimonia
1023 2060 1217 2095 Diomedis
1244 2063 1275 2094 3.
1301 2072 1337 2105 p.
1363 2062 1445 2095 480.
1471 2060 1531 2094 Ρ.;
1564 2063 1656 2094 Poe-

128 2122 237 2153 matis
263 2121 460 2154 dramatici
484 2122 544 2154 vel
569 2122 679 2154 activi
703 2128 840 2161 qenera
864 2123 947 2153 sunt
973 2123 1167 2161 quattuor.-
1193 2122 1295 2161 apud
1313 2121 1470 2154 Graecos
1496 2121 1652 2163 tramea,

129 2181 276 2222 comica,
301 2181 475 2222 satyrica,
501 2180 658 2221 mimica,
684 2179 783 2221 apud
807 2180 992 2212 Romanos
1015 2181 1265 2222 praeteaetata,
1299 2179 1526 2220 tabernaria,
1552 2180 1656 2213 Alet-

131 2239 238 2281 tana,
269 2240 451 2280 planipes.
501 2238 605 2272 idem
636 2249 671 2282 p.
698 2240 765 2272 487
792 2237 853 2271 Ρ.;
888 2239 1010 2271 Tertia
1034 2240 1166 2279 species
1191 2240 1240 2271 est
1265 2238 1480 2279 fabularum
1503 2238 1656 2271 Latina-

127 2306 229 2340 rum,
257 2306 351 2339 quae
378 2306 401 2331 a
427 2298 572 2331 civitate
601 2298 775 2330 Oscorum
800 2298 943 2339 Atetta,
976 2299 1017 2330 in
1043 2306 1118 2338 qua
1139 2298 1301 2339 primum
1327 2299 1488 2339 coeptae,
1512 2297 1653 2330 Atella-

126 2365 197 2390 nae
224 2358 341 2390 dictae
365 2359 468 2399 sunt,
503 2357 730 2398 arqumentis
764 2357 938 2397 dictisque
969 2357 1205 2398 iocularibus,
1238 2356 1372 2389 similes
1396 2356 1569 2396 satyricis
1594 2357 1654 2397 sa-

128 2417 220 2448 bulis
248 2417 408 2449 Graecis.
438 2435 480 2439 —-
506 2417 644 2448 Latina
669 2416 845 2448 Atellana
878 2424 902 2448 a
928 2416 1072 2448 Graeca
1104 2415 1272 2456 satyrica
1307 2416 1447 2457 differt,
1482 2416 1579 2455 quod
1610 2415 1655 2447 in

125 2476 293 2516 satyrica
317 2476 395 2518 sere
419 2476 635 2515 Satyrorum
660 2483 839 2516 personae
862 2474 1101 2516 inducuntur,
1138 2476 1202 2507 aut
1228 2475 1261 2506 si
1286 2482 1380 2514 quae
1405 2475 1488 2506 sunt
1514 2474 1653 2506 ridica—

130 2535 186 2566 lae
218 2535 352 2567 similes
376 2535 536 2576 satyris,
570 2534 787 2575 Autolycus,
822 2534 955 2566 Burris
990 2533 1156 2575 (Busiris
1181 2531 1371 2575 Welck.),
1410 2533 1451 2565 in
1475 2532 1649 2564 Atettana

129 2594 242 2626 Oscae
264 2601 455 2635 personae,
481 2595 520 2625 ut
545 2593 704 2627 Maccus.
747 2591 890 2626 Marius
908 2591 1129 2625 Victorinus
1154 2593 1187 2634 2,
1204 2593 1238 2634 4,
1256 2592 1312 2625 25.
1339 2602 1376 2635 p.
1404 2592 1483 2624 110.
1511 2589 1648 2623 Gaisf.:

124 2653 292 2693 Superest
316 2653 540 2693 satyricum,
580 2653 676 2691 quod
707 2652 804 2683 inter
836 2652 1014 2692 tragicum
1048 2653 1080 2684 et
1114 2652 1289 2684 comicum
1320 2650 1456 2690 stylum
1488 2649 1649 2682 medium

128 2714 200 2744 est:
225 2729 240 2736 —
257 2730 271 2736 -
290 2713 387 2751 quod
412 2719 524 2751 qenus
550 2711 666 2761 npstri
690 2711 729 2742 in
754 2711 933 2743 Atellanis
959 2711 1101 2743 habent.
