1774 2930
184 139 272 181 498

306 239 495 294 Sessuri,
528 239 664 283 donec
694 244 842 284 cantor
870 240 961 284 Vos
991 242 1183 299 plaudite
1213 243 1346 299 dicat,

838 139 1046 176 HORATH

1619 247 1715 296 155„

305 310 472 354 Aetatis
503 311 709 367 cuiusque
740 312 918 355 notandi
947 318 1048 355 sunt
1077 313 1158 357 tibi
1187 328 1347 370 mores,

304 383 620 439 Mobilibusque
652 382 779 426 decor
808 385 971 426 naturis
1003 384 1167 427 dandus
1200 388 1244 428 et
1273 387 1410 430 annis.

304 453 502 497 Reddere
535 454 608 510 qui
638 469 764 497 voces
796 455 882 497 iam
914 456 993 498 scit
1023 471 1130 513 puer
1161 461 1204 500 et
1233 457 1342 513 pede
1379 462 1494 501 certo

305 525 458 581 Signat
488 525 685 579 humum,
717 526 848 582 gestit
878 527 1053 583 paribus
1086 528 1299 572 colludere
1330 533 1374 572 et
1403 530 1511 573 iram

306 596 482 652 Colligit
513 611 563 639 ac
592 597 713 653 ponit
742 600 904 641 temere
936 602 979 641 et
1009 602 1199 642 mutatur
1228 600 1275 642 in
1304 599 1445 644 horas.

1620 603 1702 644 160

302 667 525 710 Imberbus
556 668 724 711 iuvenis
754 669 929 712 tandem
960 670 1136 712 custode
1166 675 1330 714 remoto
1485 720 1502 734 .

306 738 473 782 Gaudet
505 740 625 796 equis
658 740 920 796 canibusque
951 744 994 784 et
1025 742 1158 798 aprici
1189 743 1382 798 gramine
1414 744 1574 800 campi,

284 912 361 944 157.
387 912 532 944 naturis
556 911 746 955 BSTEcp,
773 922 902 946 omnes
927 912 1100 947 Pottierii
1126 916 1164 948 et
1187 913 1421 958 Hochederi,
1446 914 1547 949 Lct:
1579 923 1657 949 ma-

233 959 326 991 turis
351 959 397 1001 b,
430 969 530 992 unus
555 958 673 1001 Feae,
706 959 922 1002 Bentleius‚
947 959 1025 994 ΕΜ.
1053 980 1096 985 -
1124 963 1203 995 161.
1230 963 1404 995 Imberbis
1429 963 1503 997 mei
1529 962 1656 1005 noda„

232 1005 262 1038 L
267 1005 383 1039 tFMJ.

184 1165 301 1189 scena
332 1153 566 1198 aperiretur,
604 1164 681 1187 non
719 1154 921 1188 tollebatur

185 1201 226 1235 in
260 1202 378 1236 altum
407 1204 450 1235 ut
482 1211 605 1244 nunc;
640 1200 707 1236 sed
741 1201 812 1235 sub
837 1202 922 1246 pul-

184 1249 265 1294 pita
298 1248 563 1283 demittebatur
595 1248 736 1283 sensim
773 1249 921 1282 involu-

185 1299 264 1330 tum
299 1296 482 1341 cylindro.
530 1295 644 1341 Apul.
676 1296 766 1330 Met.
804 1298 859 1331 10.
884 1308 920 1341 p.

187 1345 267 1378 233.
306 1344 450 1378 Princ.:
492 1344 635 1378 Aulaeo
672 1346 846 1378 subducto
889 1347 922 1377 el

187 1392 399 1433 complicitis
439 1393 588 1433 ripariis
629 1392 774 1425 Paridis
814 1400 922 1425 scena

186 1440 401 1480 disponitur.
450 1439 576 1473 Finito
614 1441 699 1473 actu
734 1439 793 1473 vel
827 1439 922 1473 inte-

184 1497 252 1531 gro
288 1487 505 1531 spectaculo
538 1487 579 1520 in
612 1487 731 1521 altum
764 1486 921 1520 tolleba-

184 1534 281 1567 tur.“
332 1534 425 1568 ΕΒΑ.
460 1534 535 1568 Cfr.
568 1534 662 1578 Epp.
698 1536 737 1576 2,
776 1537 813 1577 1,
842 1535 921 1568 189.

185 1579 293 1626 Virg.
336 1580 403 1615 Ge.
443 1583 483 1624 3,
522 1583 579 1615 25.
617 1581 724 1615 Ovid.
761 1581 850 1615 Met.
889 1583 921 1623 3,

189 1631 251 1662 111
282 1639 365 1673 sqq.
393 1648 436 1652 -—
464 1629 616 1672 cantor]
642 1629 840 1663 Bentleius
874 1629 922 1663 ad

187 1675 338 1710 Terent.
363 1675 481 1710 Andr.
518 1679 631 1710 extr.:
671 1676 797 1719 „Cum
823 1679 921 1710 acto-

185 1734 246 1757 res
273 1734 403 1757 omnes
430 1734 475 1758 ex
501 1734 614 1758 scena
639 1724 804 1766 exirent,
835 1734 922 1758 can-

186 1770 279 1804 toris
305 1774 402 1812 erat,
435 1771 618 1816 depositis
651 1782 697 1805 ex
728 1782 793 1805 ore
819 1771 921 1804 tibiis

185 1819 356 1851 Plaudite
390 1818 603 1852 insonare.“
655 1818 798 1852 Verum
836 1828 920 1851 cum

185 1875 284 1910 quae
322 1867 512 1909 postremo
551 1865 720 1910 loquitur
758 1875 922 1909 persona

187 1912 386 1946 manifesto
434 1912 530 1946 illud
572 1914 739 1946 Plaudite
780 1912 919 1957 populo

186 1960 368 1994 acclamet
401 1959 492 2003 (cfr.
527 1959 604 1993 Cic.
639 1960 716 1993 Cat.
751 1960 837 1993 mai.
867 1961 920 2002 19,

186 2008 243 2041 70.
262 2007 421 2046 Quintil.
440 2009 472 2050 6,
498 2010 529 2050 1,
555 2007 641 2050 52.),
666 2007 809 2041 rectius
827 2006 922 2040 Her-

186 2064 349 2089 mannus
376 2053 536 2099 Opuscc.
563 2054 592 2088 Ι.
610 2066 646 2099 p.
665 2056 752 2088 302:
781 2054 921 2100 „Hora-

186 2102 263 2136 tius
281 2104 408 2146 aperte
428 2105 620 2136 cantorem
645 2104 681 2136 et
697 2101 922 2136 histrionem

188 2149 349 2183 eundem
392 2160 473 2184 esse
517 2149 738 2195 significat.“
767 2167 810 2174 -
842 2151 922 2184 Mo-

188 2198 315 2230 bilibus
332 2216 347 2222 -
365 2197 529 2240 naturis]
570 2196 756 2239 „Naturae
793 2196 921 2230 huma-

187 2254 258 2278 nae
292 2244 493 2279 mutabiles
527 2247 617 2278 sunt
649 2255 718 2289 pro
753 2243 921 2289 singulo-

187 2302 271 2325 rum
290 2292 486 2326 hominum
503 2294 625 2326 aetate
638 2291 922 2336 progrediente3

186 2338 257 2373 hae
292 2339 408 2384 igitur
441 2339 670 2374 mutationes
702 2339 844 2373 sensim
869 2339 922 2373 fa-

189 2388 270 2420 ctae
307 2389 345 2420 et
378 2386 565 2421 notandae
601 2389 637 2420 et
669 2386 804 2420 decore
839 2386 922 2420 imi-

188 2433 324 2467 tandae
367 2437 455 2468 sunt
497 2434 665 2479 poetae.“
715 2434 797 2467 Etsi
839 2444 922 2478 spe-

189 2481 294 2515 ciosa
327 2484 384 2515 est
408 2481 573 2515 Bentleii
607 2481 719 2516 lectio
753 2482 921 2522 maturis,

189 2529 347 2563 maxime
374 2528 460 2562 ideo
486 2529 696 2563 reiicienda
722 2530 796 2570 est,
823 2528 923 2573 quod

188 2576 313 2610 minus
340 2578 481 2610 rectam
504 2574 700 2610 ἀντίθεσιν
725 2575 840 2609 infert
865 2575 922 2609 in-

190 2626 246 2657 ter
280 2634 337 2657 vv.
369 2625 513 2657 mobilis
547 2626 584 2658 et
619 2626 808 2665 maturus,
847 2634 923 2667 qua

187 2671 368 2705 Horatius
394 2682 462 2716 pro
489 2674 592 2705 certo
619 2681 813 2715 nunquam
831 2681 922 2704 usus

190 2721 289 2752 esset
313 2730 381 2763 pro
407 2719 532 2753 verbis
563 2720 803 2760 immaturus,
835 2719 922 2751 viri-

968 1155 1042 1197 dis,
1081 1156 1234 1204 florens,
1270 1154 1443 1201 opposito
1476 1155 1591 1190 verbo
1624 1165 1702 1191 ma-

969 1204 1087 1236 turus.

1019 1251 1218 1283 158-160,
1242 1250 1555 1294 neddere-voces]
1581 1251 1704 1293 „clare

970 1296 1097 1341 loqui,
1124 1297 1233 1341 quasi
1258 1296 1443 1340 reddens,
1467 1297 1506 1331 id
1532 1300 1608 1340 est,
1635 1308 1703 1332 suo

970 1344 1053 1378 loco
1080 1344 1217 1388 partim
1242 1347 1419 1389 repetens
1437 1355 1481 1379 ac
1506 1345 1704 1390 proferens

970 1402 1099 1434 voces,
1135 1403 1229 1436 quas
1262 1403 1284 1426 a
1315 1392 1539 1436 parentibus
1573 1395 1610 1427 et
1633 1403 1703 1427 nu-

970 1439 1064 1473 trice
1090 1440 1238 1482 accepit,
1265 1439 1409 1482 didicit,
1434 1440 1570 1484 partim
1586 1440 1704 1474 inter-

970 1486 1230 1532 rogationibus
1244 1487 1415 1532 apposite
1432 1487 1702 1532 respondeus.“

970 1533 1077 1579 Virg.
1109 1533 1203 1568 Aen.
1240 1536 1279 1576 1,
1313 1536 1406 1568 409:
1438 1543 1548 1568 veras
1574 1536 1704 1569 audire

971 1583 1003 1614 et
1029 1583 1182 1615 reddere
1211 1590 1326 1616 voces.
1354 1601 1397 1605 —
1423 1583 1595 1623 qui-iam
1619 1582 1704 1625 cet]

970 1630 1035 1662 der
1053 1630 1139 1662 eben
1154 1630 1329 1671 sprechen
1350 1630 1458 1672 hami,
1485 1629 1586 1664 idem
1603 1629 1704 1674 quod

972 1676 1188 1719 „simulac.“
1209 1695 1252 1700 —
1278 1678 1406 1718 Sionat
1430 1676 1592 1719 humum]
1619 1686 1704 1718 „ve-

971 1724 1082 1769 stigia
1120 1724 1200 1758 solo
1237 1723 1489 1768 imprimens.“
1518 1742 1561 1747 -
1595 1723 1703 1756 colli-

971 1772 1022 1811 qic
1048 1780 1092 1803 ac
1123 1772 1226 1812 ponit
1259 1770 1414 1813 temere]
1451 1769 1530 1812 „uti
1562 1772 1703 1804 temere

970 1817 1159 1859 irascitur,
1184 1818 1237 1850 ita
1261 1817 1373 1851 facile
1398 1827 1532 1851 rursus
1557 1817 1704 1862 mitiga-

969 1865 1064 1898 tur.“
1093 1866 1198 1897 Iram
1224 1865 1406 1906 collinet-e,
1431 1867 1474 1898 ut
1496 1874 1565 1898 nos
1589 1865 1618 1897 Ζ
1625 1872 1705 1898 orn

969 1913 1133 1953 sasseu.
1160 1931 1203 1935 —
1229 1913 1398 1945 mutatur
1420 1912 1464 1944 in
1485 1911 1619 1954 horas]
1653 1911 1703 1946 ei-

969 1958 1210 2003 gnificatione
1251 1958 1392 1993 formae
1433 1958 1599 2000 mediae,
1642 1958 1704 2000 „in

970 2006 1140 2051 singulas
1172 2006 1286 2040 horas
1319 2005 1418 2040 alius
1443 2005 1525 2048 fit‚“
1561 2008 1603 2040 ut
1628 2005 1703 2040 Sat.
1768 2046 1770 2048 v

971 2056 1004 2097 2,
1018 2056 1051 2095 7,
1067 2055 1129 2087 10:
1148 2055 1295 2087 clavum
1307 2055 1347 2087 ut
1360 2055 1518 2086 mutaret
1530 2054 1571 2086 in
1583 2055 1704 2086 horas.

1020 2103 1218 2135 161-165,
1243 2100 1446 2143 Imberbus]
1464 2100 1568 2135 Haec
1585 2100 1705 2134 forma

970 2148 1006 2182 h.
1034 2148 1058 2182 l.
1083 2150 1267 2192 praestat3
1294 2158 1382 2182 nam
1404 2149 1582 2182 Imberbis
1606 2148 1704 2180 iuve-

970 2197 1027 2229 nis
1053 2196 1243 2241 ingratum
1274 2195 1431 2240 praebet
1459 2205 1593 2229 sonum
1618 2205 1705 2239 pro-

970 2246 1053 2287 pter
1114 2242 1378 2287 repetitionem
1439 2238 1605 2287 syllabae
1660 2243 1703 2275 is.

972 2290 1113 2325 Contra
1161 2300 1283 2334 acque
1331 2290 1523 2335 ingratum
1570 2289 1705 2323 fuisset

970 2340 1125 2382 propter
1159 2337 1347 2381 triplicem
1379 2337 1547 2371 vocalem
1569 2338 1586 2369 i
1609 2335 1703 2380 Epp.

972 2388 1012 2428 2,
1042 2388 1080 2428 1,
1106 2387 1164 2419 85.
1197 2384 1380 2429 Cruquii:
1418 2385 1578 2418 Imberbi
1609 2384 1703 2416 didi·-

971 2442 1051 2467 cere
1084 2443 1152 2477 pro
1187 2433 1370 2466 Imberbes
1403 2433 1438 2465 d.
1465 2450 1508 2455 ——
1535 2430 1702 2473 landem]

971 2476 1701 2570 Jsssszssssszffiffffi.§.izzfflffiapzssssnedl

972 2576 1116 2609 custode
1152 2574 1313 2616 remoto]
1358 2573 1601 2617 „paedagogo
1642 2581 1702 2605 re-

971 2624 1070 2656 moto
1108 2623 1194 2666 post
1231 2623 1415 2665 sumptam
1451 2622 1575 2664 togam
1612 2617 1702 2652 viri-

972 2670 1079 2704 lem.“
1108 2669 1184 2703 cfr.
1212 2667 1285 2702 Sat.
1308 2672 1337 2710 1,
1364 2670 1397 2707 6,
1423 2669 1480 2700 81.
1497 2685 1542 2690 —-
1561 2666 1703 2700 Gaudet

971 2718 1072 2759 equis
1090 2716 1175 2758 cet.]
1201 2715 1352 2750 Terent.
1378 2713 1494 2748 Andr.
1520 2716 1552 2756 1,
1581 2716 1611 2754 1,
1637 2714 1703 2746 28:
