1774 2930
130 133 217 175 186

638 132 848 167 HORATII
864 132 1157 167 ‹SATOEARUM

253 233 383 276 Gnati
413 234 619 288 infelicis,
653 235 737 276 sibi
768 238 861 275 tum
892 234 1058 276 furiosa
1084 234 1286 276 videtur?
1311 272 1330 276 .,

252 304 440 347 Stultum
470 319 540 347 me
571 305 727 358 fateor,
759 305 887 347 liceat
918 305 1150 348 concedere
1180 305 1313 358 veris,
1350 308 1366 340 ss

1495 346 1500 348 ,
1570 304 1656 345 305

251 375 396 432 Atque
427 377 558 419 etiam
588 377 813 430 insanum3
844 380 1011 418 tantum
1032 376 1114 418 hoc
1135 376 1346 429 edissere,
1381 389 1464 431 quo
1483 389 1553 418 me

251 447 490 502 Aegrotare
522 451 647 502 putes
681 447 812 488 animi
842 447 960 488 vitio.

1018 446 1179 503 Accipe
1193 461 1203 488 ε
1235 447 1422 503 primum

252 517 486 571 Aedificas,
519 517 600 559 hoc
633 522 717 570 est,
750 518 901 573 longos
933 518 1133 571 imitaris,
1167 518 1221 560 ab
1251 518 1338 560 imo

251 588 321 631 Ad
353 603 565 631 summum
596 593 711 630 totus
744 588 906 631 moduli
934 589 1167 645 bipedalis,
1200 592 1244 631 et
1271 588 1388 631 idem

253 659 442 716 Corpore
473 661 680 702 maiorem
709 660 824 703 rides
859 660 1074 702 Turbonis
1105 660 1151 701 in
1183 660 1310 702 armis

1571 658 1660 699 310

255 730 462 787 Spiritum
494 736 537 774 et
567 732 806 773 incessum:
841 731 914 787 qui
947 731 1151 773 ridiculus
1183 731 1326 772 minus
1357 730 1462 772 illo?

253 801 324 843 An
355 802 635 858 quodcunque
668 803 770 844 facit
790 802 1037 856 Maecenas,
1071 806 1115 844 te
1148 816 1316 858 quoque
1338 815 1488 843 verum
1521 804 1586 843 est

256 872 442 915 Tantum
480 873 733 916 dissimilem
765 877 808 916 et
838 877 958 915 tanto
992 877 1155 915 certare
1187 873 1428 915 minorem?

254 943 460 986 Absentis
492 959 623 987 ranae
655 945 784 1000 pullis
815 945 940 986 vituli
971 944 1081 1001 pede
1112 945 1274 1000 pressis
1360 931 1362 933 ’

254 1015 374 1056 Unus
406 1015 479 1057 ubi
513 1015 681 1071 effugit,
715 1016 840 1057 matri
873 1015 1093 1068 denarrat,
1126 1019 1174 1057 ut
1204 1016 1357 1071 ingens

899 1087 979 1128 Illa
1009 1100 1184 1142 rogare:

254 1085 391 1128 Belua
424 1091 627 1142 cognatos
661 1087 836 1129 eliserit.

1575 1013 1661 1054 315

257 1156 517 1205 Quantane‘?
547 1172 651 1199 num
681 1162 868 1211 tantum,
904 1157 1080 1199 sufflans
1115 1156 1189 1210 se,¹
1213 1170 1370 1216 magna
1400 1155 1583 1198 fuisset?

233 1289 312 1321 304.
350 1289 440 1321 Nati

463 1298 500 1331 p.
537 1306 580 1311 -—
617 1289 696 1320 313.
736 1289 850 1321 Tamo
877 1288 1087 1320 dissimilem
1114 1286 1212 1331 bScp

1223 1312 1233 1329 ,
1266 1285 1439 1320 Pottierii
1474 1294 1615 1327 omnes,

184 1333 304 1368 LCtF.
344 1335 517 1376 (Tantum
542 1336 752 1368 dissimilem
776 1334 974 1368 Bentleius
992 1345 1012 1367 e
1032 1333 1122 1368 eod.
1147 1333 1325 1368 Blandin.
1350 1333 1615 1377 antiquissimo

187 1384 223 1415 et
249 1382 425 1415 Tonsauo
460 1382 545 1415 coll.
589 1381 663 1416 Sat.
690 1384 731 1425 2,
757 1384 798 1424 5,
823 1384 879 1416 92.

929 1381 1024 1426 Epp.
1052 1384 1092 1423 1,
1119 1383 1183 1423 10,
1209 1382 1257 1423 3.)
1285 1400 1327 1404 -
1361 1382 1441 1414 317.
1467 1381 1616 1413 landem

186 1428 297 1473 bScp,
324 1430 493 1474 quinque
519 1429 704 1472 Pottierii,
731 1429 820 1463 LtF.
847 1448 889 1453 -—
915 1438 953 1462 se
978 1430 1123 1470 inflans,
1147 1430 1198 1462 sic
1222 1437 1360 1470 maana
1385 1427 1474 1464 LtF.

137 1548 185 1553 --
209 1531 378 1563 manibus
393 1548 407 1554 -
420 1530 567 1573 portal]
617 1530 719 1564 Haec
763 1530 876 1564 lectio

141 1578 399 1618 „atrocitatem
449 1577 744 1621 foeditatemque
786 1578 878 1612 faci-

139 1624 243 1658 noris
269 1624 427 1658 mirifice
446 1628 603 1669 auget·
611 1624 708 1658 -Sic
725 1625 877 1669 Euripi-

138 1671 204 1705 des
222 1671 361 1705 Bacch.
380 1683 410 1705 v.
430 1674 511 1705 967.
539 1672 584 1705 de
611 1673 682 1706 hac
708 1672 792 1716 ipsa
817 1683 877 1705 re·

140 1715 356 1773 Φερόμενος
381 1715 592 1763 ἥξεις--ἐν
626 1721 770 1766 χερσὶ
794 1731 878 1762 μη-

139 1762 262 1820 πρός.
289 1786 339 1791 --
364 1766 466 1800 Illud
494 1769 638 1800 demens
665 1777 741 1800 non
767 1767 878 1800 modo

140 1813 303 1847 otiosum
338 1814 399 1847 hic
434 1817 510 1855 est,
550 1814 616 1847 sed
651 1814 878 1847 sententiam

138 1861 252 1904 plane
279 1864 412 1894 onerat
438 1864 476 1894 et
500 1864 646 1905 gravat,
672 1861 785 1894 immo
811 1872 879 1904 pu-

139 1907 254 1942 tidam
282 1907 406 1942 reddit
424 1911 461 1942 et
477 1908 701 1941 inficetam.“
730 1908 876 1941 BENTL.

188 2004 357 2036 305-311.
382 2002 493 2045 veris]
521 2004 564 2035 ut
590 2012 706 2046 supra.
729 2013 762 2035 v.
789 2004 878 2036 223:

139 2051 309 2092 cruentis,
336 2061 370 2083 v.
389 2051 476 2083 244:
501 2058 876 2091 pravorum-amore

141 2096 216 2131 Sat.
243 2099 275 2139 2,
302 2099 335 2139 8,
361 2099 425 2130 83:
451 2099 542 2139 fiolis
567 2106 703 2130 rerum.
730 2117 773 2121 —
803 2098 880 2130 lon-

140 2144 228 2187 qos]
273 2146 581 2186 lanqleibiqe.
632 2144 742 2179 Voss.
795 2144 880 2187 „Di-

139 2191 236 2225 vites
263 2192 474 2226 aemulatus
501 2192 540 2225 in
566 2192 700 2226 villula
724 2195 790 2225 tua
815 2191 879 2226 do-

140 2249 241 2272 mum
259 2239 319 2273 vel
345 2239 516 2283 porticus
535 2249 640 2272 nunc
666 2240 791 2283 ipsum
818 2250 879 2273 ex-

141 2287 274 2326 struis,
313 2287 351 2320 id
387 2287 489 2331 quod
528 2287 672 2320 curtas<
697 2290 784 2321 tuae
822 2287 877 2320 rei

139 2343 272 2377 parum
301 2334 496 2376 convenit,
535 2344 606 2367 nec
631 2334 758 2368 minus
785 2334 877 2367 ridi-

140 2381 266 2414 culum
294 2384 361 2422 est,
389 2392 501 2425 quam
528 2381 560 2414 si
588 2384 640 2423 tu,
667 2392 785 2426 prope
810 2392 879 2425 pu—

139 2427 265 2470 milio,
299 2428 432 2472 longos
460 2431 558 2462 statu
584 2431 698 2473 atque
725 2428 879 2462 incessu

140 2475 281 2508 imitari
309 2475 438 2509 velis.“
460 2495 502 2499 —
522 2477 663 2509 moduli
689 2476 878 2518 bipedalis]

140 2533 209 2567 per
235 2523 372 2556 iocum.
407 2523 575 2563 Corporis
603 2524 729 2563 exiam*
754 2534 793 2556 se
818 2534 880 2556 vo-

142 2572 202 2603 cat
223 2569 318 2614 Epp.
348 2573 378 2611 1,
404 2572 459 2611 20,
487 2572 542 2602 24.
564 2589 606 2593 -—
635 2571 776 2611 „Turbo
803 2570 880 2615 gla-

141 2617 264 2651 diator
282 2616 356 2651 fuit
373 2617 509 2661 exiguo
525 2627 695 2661 corpore,
715 2617 783 2650 sed
798 2617 879 2651 ani-

141 2674 268 2698 mosus
286 2667 446 2709 pugna.“
467 2663 675 2697 PORPn.--
686 2663 879 2707 Spiritum]

142 2713 291 2745 Feuer
315 2714 374 2745 im
398 2711 582 2745 Anllilz
611 2711 739 2754 potius
765 2722 879 2756 quam

927 1532 956 1562 Α
967 1532 978 1562 ι
991 1531 1013 1562 h
1025 1538 1088 1563 em
1104 1529 1212 1563 Voss.
1229 1547 1272 1553 —
1287 1530 1446 1570 Corpore
1470 1526 1664 1570 maiorem]

930 1578 1130 1619 „maiorem
1155 1587 1269 1621 quam
1287 1575 1491 1610 convenire
1515 1574 1664 1608 videtur

927 1625 1069 1658 homini
1098 1627 1171 1658 tam
1198 1623 1376 1667 pusillo.“

977 1696 1062 1727 312-
1067 1696 1146 1728 316.
1160 1701 1289 1727 verum
1304 1693 1367 1736 esl]
1379 1692 1565 1726 Consti-ue
1579 1702 1663 1726 cum

927 1741 1120 1775 Bentleio:
1163 1743 1308 1774 rectum
1347 1742 1385 1774 et
1426 1740 1568 1774 iustum
1606 1741 1664 1773 est

927 1789 1051 1822 faeere
1085 1791 1121 1822 te
1149 1799 1301 1833 quoque
1336 1791 1411 1821 tam
1443 1786 1664 1821 dissimilem
1732 1788 1737 1789 ⁷

929 1839 965 1869 et
983 1838 1085 1869 tanto
1103 1836 1289 1869 minorem
1302 1846 1336 1869 v.
1351 1833 1570 1869 inferiorem
1587 1842 1664 1867 cer-

929 1885 1009 1916 tare
1035 1883 1060 1916 i.
1087 1894 1118 1916 e.
1145 1883 1185 1916 in
1213 1882 1391 1916 certando
1419 1892 1503 1915 cum
1519 1881 1664 1915 Maece-

928 1930 1063 1964 natc?“
1093 1929 1154 1963 Sic
1173 1929 1240 1963 Sil.
1257 1929 1340 1963 Ital.
1360 1931 1394 1971 5,
1420 1930 1485 1964 ⁷7:
1510 1930 1580 1961 heu
1605 1929 1663 1969 sa-

929 1979 974 2010 lis
991 1979 1116 2019 superi
1133 1980 1289 2011 certasse
1306 1977 1487 2010 minores!
1506 1995 1548 1999 —-
1567 1977 1663 2008 Tan-

929 2028 1006 2058 tum
1055 2024 1285 2067 dissimilem]
1342 2024 1503 2069 Volgata
1550 2023 1664 2057 lectio

930 2075 1033 2106 lanio
1059 2073 1269 2106 dissimilem
1287 2074 1370 2106 orta
1395 2082 1440 2105 ex
1465 2080 1544 2115 seq.
1563 2070 1664 2104 lanto

929 2119 1127 2154 Latinitati
1153 2121 1351 2165 repugnat.
1371 2138 1413 2142 —-—
1439 2127 1557 2152 ranae
1578 2118 1664 2159 pul-

932 2167 996 2210 lis]
1032 2166 1107 2201 cfr.
1133 2167 1264 2201 Babri’
1298 2167 1371 2200 fab.
1398 2167 1455 2199 28.
1502 2163 1664 2199 Phaedr.

932 2217 963 2256 1,
982 2216 1038 2248 24.
1056 2234 1098 2238 —-
1114 2213 1308 2257 denarrat]
1324 2213 1478 2256 „ordine
1497 2214 1535 2246 et
1550 2211 1663 2256 plene

929 2261 1332 2296 narrat.“Habet'1am
1346 2258 1496 2294 Terent.
1514 2259 1663 2292 Phorm.

929 2312 970 2351 5,
997 2311 1038 2351 7,
1065 2311 1129 2342 51:
1171 2310 1272 2342 Haec
1298 2309 1389 2341 adeo
1416 2316 1480 2348 eoo
1506 2307 1565 2339 illi.
1587 2307 1663 2339 iam

929 2357 1148 2390 denarrabo.

978 2429 1144 2461 317-319.
1188 2428 1382 2467 Quanloene
1391 2424 1422 2468 1³]
1448 2424 1533 2458 Vid.
1558 2423 1606 2458 ad
1630 2435 1663 2457 v.

930 2477 1010 2508 295.
1038 2492 1082 2499 -
1108 2471 1460 2515 lamum--maona]
1478 2480 1532 2506 ,so
1555 2473 1664 2505 soler

929 2530 1082 2563 qross,
1119 2521 1218 2554 idem
1252 2520 1332 2554 fere
1358 2530 1403 2553 ac
1427 2523 1502 2553 lam
1526 2526 1664 2559 maana

931 2570 1001 2610 (so
1027 2568 1201 2611 aro-ss),
1240 2571 1282 2600 ut
1315 2578 1348 2600 v.
1382 2569 1469 2600 313:
1507 2567 1664 2598 Tantum

930 2617 1151 2650 dissimilem.
1171 2633 1213 2639 —
1237 2616 1392 2656 sumam
1416 2612 1469 2655 so]
1494 2612 1662 2646 Verbum

929 2665 1082 2705 sufflare
1119 2663 1190 2696 hac
1223 2662 1264 2696 in
1298 2672 1341 2695 re
1374 2660 1663 2695 usitatissimum

931 2715 1022 2745 erat.
1049 2710 1171 2744 Plaut.
1198 2708 1312 2743 Stich.
1338 2711 1372 2750 5,
1397 2710 1431 2750 4,
1457 2709 1521 2741 42:
1545 2708 1663 2749 Sumen
