1774 2930
635 164 729 199 LIB.
752 163 802 198 11.
848 161 1001 197 EPIST.
1024 161 1054 195 L

1511 157 1595 199 431

205 269 318 313 Cum
346 271 462 312 recte
490 269 675 309 tractent
705 264 798 318 alii,
828 262 1003 306 laudare
1030 260 1242 316 maligne:

205 340 284 383 me
313 353 392 396 per
421 341 642 381 extentum
672 335 816 378 funem
845 333 952 375 mihi
980 346 1108 388 posse
1137 330 1306 373 videtur

1510 328 1598 369 210

206 411 275 454 he
303 413 452 466 poeta,
481 421 625 451 meum
656 406 729 462 qui
758 408 908 462 pectus
938 403 1124 445 inaniter
1154 401 1292 457 angit,

206 481 367 534 Irritat,
398 479 574 532 mulcet,
605 477 725 519 falsis
754 475 986 519 terroribus
1017 473 1184 529 implet,

207 551 265 594 Ut
294 565 464 607 magus,
496 554 540 592 et
572 548 698 591 modo
728 561 798 589 me
828 546 1004 598 Thebis,
1035 543 1161 586 modo
1191 542 1311 599 ponit
1342 540 1539 584 Athenis.

207 622 370 666 Verum
401 635 480 677 age
513 624 556 662 et
585 619 672 672 his,
705 618 778 674 qui
809 631 857 660 se
887 616 1036 658 lectori
1067 614 1239 657 credere
1270 613 1433 655 malunt

210 692 348 741 Quam
379 691 630 748 spectatoris
659 688 831 732 fastidia
861 687 973 730 ferre
1003 685 1197 742 superbi,

1515 681 1600 723 215

211 763 368 806 Curam
397 762 527 805 redde
556 761 750 814 brevem,
782 759 820 800 si
848 771 1002 800 munus
1034 756 1234 812 Apolline
1264 754 1440 810 dignum

187 907 267 939 216.
293 905 428 938 Curam
450 903 616 944 impende
640 912 661 935 e
688 899 777 934 Cod.
803 899 897 933 0011.
923 898 1026 932 Trin.
1050 897 1258 931 Bentleius.

92 1028 217 1074 posito
243 1038 289 1062 ex
317 1029 394 1061 toto
427 1024 661 1060 satisfecerit.
666 1024 684 1042 ‘⁶
734 1023 823 1056 Rm-

93 1083 181 1109 DEI..
206 1093 250 1098 —
273 1073 455 1115 recusem]
495 1072 648 1117 propria
681 1070 823 1125 signifi-

93 1122 240 1157 catione
282 1120 399 1163 (sich
439 1120 684 1159 εενᾶιιὺοπ,
724 1119 823 1151 wei-

92 1169 241 1212 oern).
289 1167 357 1202 Est
378 1167 512 1212 igitur:
552 1166 724 1209 „nolim,“
760 1164 824 1198 ad·

93 1216 173 1250 dita
207 1219 330 1249 tamen
368 1225 503 1257 eausa3
544 1224 639 1255 non,
680 1215 723 1246 ut
758 1212 823 1246 alii

93 1263 243 1296 volunt:
269 1273 369 1304 „non
394 1261 568 1305 possim.“
597 1279 639 1284 —-
669 1261 825 1293 laudare

91 1308 276 1352 muliane]
319 1310 500 1353 „propter
540 1307 670 1341 neseio
712 1317 824 1350 quam

93 1355 340 1390 invidentiam
370 1365 483 1399 parce
508 1364 551 1388 ac
576 1353 712 1398 frigide
746 1354 826 1386 lau-

93 1404 198 1446 dare,
222 1405 261 1437 et
283 1403 336 1436 ita
360 1401 525 1446 quidem,
550 1404 603 1443 ut,
628 1411 725 1445 quae
743 1400 826 1434 laus

95 1451 288 1492 videatur,
311 1460 354 1483 re
378 1459 468 1482 vera
491 1449 540 1482 sit
565 1447 714 1481 occulta
738 1447 825 1480 irri-

93 1498 163 1532 sio.
169 1498 186 1516 “
215 1515 258 1521 —-
284 1495 371 1539 Ille]
394 1495 451 1529 Ex
474 1495 729 1529 recentiorum
754 1494 826 1527 lin-

93 1555 254 1590 guarum
277 1542 407 1576 indole
433 1543 488 1576 sic
512 1541 747 1587 pergendum
772 1541 826 1574 fo-

92 1594 169 1625 ret:
188 1591 360 1632 hocsciio,
367 1591 567 1631 sichabetm
577 1589 826 1622 “tummim--

92 1639 221 1672 vider-i.
270 1637 347 1671 cfr.
386 1636 697 1679 Sat.2‚1‚80.
749 1635 826 1669 Cio.

92 1685 268 1719 adFam.
305 1685 348 1726 5,
386 1685 448 1726 12,
485 1685 526 1717 9:
566 1685 616 1716 Ac
652 1692 696 1715 ne
731 1684 827 1724 [orie

91 1733 239 1774 mirere,
264 1739 354 1764 cur-
362 1739 412 1764 -a
437 1733 471 1764 ie
494 1731 533 1762 id
557 1732 747 1771 tantopere
760 1738 825 1770 pe·

93 1781 234 1813 ianm.-
270 1779 341 1811 illa
374 1786 440 1811 nos
481 1778 659 1819 cupiditas
698 1785 826 1810 uccen-

95 1828 161 1860 dit.
187 1845 231 1850 —
261 1833 331 1867 per
368 1827 552 1859 extentum
586 1826 711 1866 sunem
748 1823 824 1866 Ire]

94 1871 339 1907 Proverbium
362 1871 409 1905 de
434 1872 584 1916 incepto
610 1870 755 1904 difficili
779 1881 823 1904 ac

32 1923 45 1934 ‘'
94 1921 319 1973 periculoso.
366 1918 515 1952 Arrian.
547 1918 732 1973 Epict.3,
769 1919 824 1960 12,

96 1969 139 2000 2·
164 1961 362 1999 Δύσκολόν
387 1965 468 1998 ἐστι
491 1966 557 1997 καὶ
573 1962 618 1998 τὸ
635 1965 698 1997 ἐπὶ
714 1975 825 2004 σχοι-

97 2014 183 2046 νίου
230 2016 456 2066 περιπατεῖν·
504 2013 570 2044 καὶ
610 2010 656 2044 οὗ
702 2008 826 2053 μόνον

71 2056 306 2099 ⁷(Monalos,
341 2055 438 2090 ἀλλὰ
473 2059 539 2090 καὶ
576 2057 826 2090 ἐπικινδυνον.

101 2106 192 2148 „Ille
223 2116 303 2139 rem
339 2105 441 2139 faetu
476 2115 658 2148 perquam
696 2103 827 2137 diffiei-

96 2153 173 2186 lem
189 2155 382 2196 praestare
407 2162 531 2195 neque
554 2151 615 2184 vel
639 2151 828 2184 tantillum

97 2200 275 2233 aberrare
300 2199 347 2233 ab
371 2198 464 2232 artis
488 2198 636 2243 regula,
661 2208 827 2232 summus

96 2246 216 2291 igitur
251 2248 363 2290 poem
397 2255 480 2279 esse
515 2245 607 2278 mihi
643 2244 826 2278 videtur.“

100 2292 286 2338 „Exponit
326 2292 483 2334 deinde,
523 2291 614 2336 qnid
655 2292 828 2325 scenicus

97 2342 211 2385 poeta
244 2341 285 2373 in
320 2339 556 2374 audientium
590 2339 733 2372 animos
767 2349 828 2372 va-

98 2387 207 2421 leat.“
232 2387 421 2421 Daunus.
449 2405 492 2410 —
522 2385 704 2428 inaniter]
739 2386 829 2430 quja

98 2433 227 2468 fictum
259 2437 317 2468 est
351 2436 622 2479 argumentum.
655 2451 701 2456 ——
735 2434 830 2466 Irri-

99 2481 176 2524 iai]
216 2480 488 2523 „vehementes
520 2480 637 2515 animi
673 2479 828 2513 affectus

99 2528 254 2562 movet.“
289 2547 332 2552 -
368 2530 410 2561 Ut
441 2527 584 2570 manus]
622 2526 694 2570 „Ut
729 2527 829 2571 magi

102 2575 260 2619 exempli
285 2585 398 2610 eausa
421 2575 564 2609 umbris
582 2585 627 2608 ex
644 2573 741 2607 Orco
767 2584 829 2607 ex-

102 2621 241 2664 citatis,
267 2619 517 2656 'cadaveribus
542 2622 590 2656 ad
614 2623 762 2665 tempus
787 2621 828 2654 in

101 2667 214 2702 vitam
249 2670 433 2703 revocatis
469 2668 707 2704 consultores
742 2678 828 2712 per-

102 2715 377 2750 terret'aciunt.¹⁶
404 2735 447 2740 -
474 2717 599 2750 Thebis
610 2733 626 2740 -
636 2734 651 2740 -
664 2714 827 2757 Athenis]

872 1022 1010 1066 quibus
1035 1021 1075 1054 in
1100 1020 1260 1054 urbibus
1285 1020 1458 1064 plerique
1482 1017 1604 1061 μῦθοι

871 1068 1062 1151 ἓθῗὲξὶῒοὶε
1088 1067 1238 1102 tractati
1265 1066 1390 1101 sedem
1415 1076 1521 1100 suam
1539 1066 1603 1100 ha-

920 1211 1090 1244 214-218.
1118 1210 1248 1242 Verum
1271 1217 1339 1250 αρε
1365 1210 1398 1240 et
1424 1207 1516 1251 cet.]
1543 1207 1603 1242 Sic

873 1257 951 1291 Cic.
978 1257 1024 1290 de
1048 1255 1093 1290 N.
1117 1255 1162 1289 D.
1191 1258 1230 1297 1,
1263 1257 1328 1297 30,
1362 1257 1427 1288 84:
1467 1255 1545 1296 Aqe
1571 1257 1605 1288 ei

875 1306 928 1337 his
964 1304 1149 1338 vocabulis
1185 1304 1268 1336 deos
1306 1311 1380 1335 esse
1411 1303 1602 1344 faciamus,

874 1353 1002 1392 quibus
1035 1360 1059 1384 a
1090 1351 1190 1383 nobis
1221 1350 1469 1382 mmmmm.
1497 1368 1540 1373 —
1566 1359 1604 1384 se

876 1399 1002 1432 lecton·
1027 1397 1195 1440 eredere]
1223 1396 1397 1438 ..lectoris
1421 1396 1604 1430 iudicium

874 1447 1102 1489 exspectare,
1127 1421 1240 1488 qumi..
1244 1444 1468 1488 plerumque
1485 1443 1604 1489 magis

873 1493 1064 1537 integrum
1108 1494 1145 1525 et
1194 1490 1472 1525 consideratum
1522 1501 1605 1525 esse

874 1540 970 1574 solet
994 1549 1106 1583 quam
1131 1538 1263 1572 turbae
1287 1538 1328 1571 in
1354 1538 1498 1571 theatro
1517 1548 1606 1572 con-

873 1587 1083 1631 gregataef‘
1123 1605 1166 1609 —
1209 1594 1261 1627 ep.
1310 1586 1462 1626 fastidia
1505 1586 1605 1627 serre

873 1633 1034 1676 superbi]
1058 1633 1163 1678 Virg.
1180 1632 1260 1667 Ecl.
1286 1634 1409 1674 2,14:
1435 1633 1605 1673 Amaryl-

877 1682 992 1714 lidis·
1007 1681 1197 1722 -superba
1234 1680 1316 1721 pati
1354 1680 1518 1720 fastidia.
1560 1698 1604 1703 —

872 1727 1004 1770 redde]
1038 1729 1202 1760 Reddere
1227 1737 1305 1760 ιιοιι
1338 1729 1395 1760 est
1427 1725 1527 1760 idem
1561 1736 1606 1760 ac

872 1777 1076 1817 restituere,
1101 1774 1148 1808 ab
1173 1774 1248 1807 alio
1274 1773 1375 1817 quod
1400 1773 1605 1817 acceperis,

874 1832 943 1856 nec
981 1823 1072 1855 dare
1109 1820 1350 1865 simpliciter,
1389 1820 1455 1854 sed
1494 1820 1605 1862 „dare

872 1879 935 1911 ea,
970 1879 1067 1913 quae
1090 1871 1155 1902 aut
1177 1870 1331 1912 propter
1357 1868 1603 1912 qualemcun-

873 1927 946 1960 que
972 1927 1123 1950 causam
1152 1915 1338 1949 debentur
1362 1915 1430 1956 iis,
1467 1914 1606 1959 quibus

874 1963 1036 2005 dantur,
1078 1966 1142 1997 aut
1182 1962 1229 1996 ad
1271 1973 1335 1996 eos
1377 1973 1605 2006 quocunque

874 2009 984 2044 modo
1001 2010 1226 2054 pertinent,“
1252 2010 1358 2043 velut
1380 2011 1534 2043 reddere
1550 2010 1606 2043 dis

873 2059 1017 2098 votum,
1056 2057 1208 2089 reddere
1250 2057 1363 2089 alicui
1405 2057 1606 2096 epistolam.

876 2102 960 2143 (Od.
978 2104 1010 2144 2,
1029 2105 1062 2144 7,
1089 2105 1152 2136 17:
1178 2103 1379 2143 obliaatam
1394 2104 1504 2136 redde
1522 2104 1608 2136 Iovi

875 2149 1034 2191 dapem.)
1059 2149 1104 2183 H.
1123 2150 1148 2182 l.
1172 2149 1446 2183 modestissime
1471 2149 1608 2184 suadet

874 2196 1065 2241 Augusto,
1100 2199 1142 2229 ut
1172 2206 1241 2240 pro
1266 2197 1464 2240 peritarum
1496 2197 1607 2231 meri-

875 2244 923 2277 tis
961 2243 1018 2286 (v.
1058 2243 1180 2285 118.),
1217 2243 1328 2277 etiam
1364 2254 1433 2288 pro
1469 2243 1606 2287 studio,

876 2301 951 2334 quo
987 2290 1108 2334 ipsius
1144 2301 1206 2324 res
1243 2293 1366 2335 gestas
1401 2290 1606 2334 celebrent,

875 2339 1021 2379 reddat,
1055 2337 1095 2371 id
1120 2340 1195 2380 est,
1226 2337 1390 2371 vicissim
1414 2338 1607 2382 impendat

876 2384 924 2418 iis
956 2394 1085 2418 curam
1117 2384 1282 2429 aliquam
1315 2384 1466 2418 brevem
1499 2385 1606 2418 dum-

877 2434 976 2465 taxat
998 2434 1152 2476 propter
1182 2431 1299 2465 multa
1324 2431 1407 2466 eius
1441 2432 1605 2477 negotia.

876 2478 1006 2512 Lectio
1030 2480 1197 2520 impende
1221 2482 1345 2512 autem
1377 2489 1523 2512 merum
1549 2482 1607 2513 est

876 2526 1070 2570 glossema.
1105 2545 1148 2549 —
1179 2534 1311 2559 munus
1346 2527 1514 2567 Apolline
1551 2527 1605 2559 di-

876 2572 1001 2615 gnum]
1027 2572 1096 2607 Od.
1113 2576 1144 2615 1,
1170 2575 1224 2610 31,
1254 2576 1284 2607 1.
1309 2572 1403 2627 Epp.
1431 2575 1462 2613 1,
1489 2574 1522 2614 3,
1549 2574 1605 2607 17.

875 2619 948 2653 Dio
974 2619 1076 2654 Cass.
1109 2599 1173 2661 5'3,
1209 2623 1246 2653 1:
1284 2617 1328 2653 τὸ
1359 2618 1606 2653 Ἀπολλώνιον

876 2663 920 2700 τό
945 2677 984 2700 τε
1009 2667 1050 2700 ἐν
1080 2667 1131 2721 τῷ
1163 2645 1342 2712 Παλατίῳ
1372 2668 1438 2699 καὶ
1472 2664 1515 2699 τὸ
1546 2677 1606 2699 τε-

875 2715 1044 2757 μένισμα
1090 2712 1135 2747 τὸ
1185 2714 1269 2760 περὶ
1317 2711 1412 2747 αὐτὸ
1459 2710 1526 2756 τάς
1566 2725 1605 2747 τε
