1774 2930
139 155 225 196 340

611 154 819 191 HORATII
842 155 1190 192 EPISOEOLARUM

255 255 454 312 Augusto
484 255 637 299 reddes
670 256 841 312 signata
868 257 1106 312 volumina,
1136 258 1259 313 Vini,

257 326 303 369 Si
334 327 521 382 validus,
553 327 590 369 si
621 327 761 371 laetus
793 328 895 382 erit,

927 328 964 370 si
995 328 1180 385 denique
1209 335 1358 386 poscet
1370 345 1381 384 ;

253 395 321 441 Ne
347 398 492 441 studio
524 398 660 441 nostri
690 413 843 455 pecces
875 400 1104 457 odiumque
1134 401 1292 443 libellis

257 468 439 512 Sedulus
471 470 677 527 importes
708 484 840 527 opera
868 470 1124 515 vehemente
1153 472 1364 515 minister.
1629 475 1655 515 5

256 539 302 582 Si
332 544 376 583 te
409 540 519 583 forte
548 555 672 584 meae
703 542 846 597 gravis
877 546 974 585 uret
1007 543 1175 585 sarcina
1205 542 1398 597 chartae,

254 610 441 654 Abiicito
471 612 635 668 potiuS,
669 626 797 669 quam
828 627 911 669 quo
943 613 1134 669 perferre
1162 613 1324 656 iuberis

255 681 449 725 Clitellas
482 682 598 726 ferus
629 684 844 740 impingas
875 683 1122 740 Asinaeque
1152 688 1380 741 paternum

256 752 506 810 Cognomen
538 758 681 797 vertas
712 755 757 796 in
788 755 923 796 risum
954 759 998 798 et
1028 755 1174 798 fabula
1202 756 1294 798 fias.

254 824 431 867 Viribus
462 826 596 868 uteris
628 840 706 882 per
737 826 888 879 clivos,

921 827 1116 881 flumina,
1147 827 1283 869 lamas
1296 841 1306 881 3
1601 828 1656 870 10

230 959 303 994 ΕΡ.
336 959 438 995 XIII.
472 963 505 996 2.
542 963 648 996 Vinm'
680 961 858 1007 bSEcdp,
892 961 1016 996 Loto.
1051 963 1094 1004 (c
1128 965 1252 996 tamen
1285 963 1326 996 in
1359 963 1607 1008 inscriptione

187 1009 350 1052 Vinium3
374 1019 445 1043 nec
470 1020 560 1043 sane
588 1010 709 1043 Vinnii
733 1010 976 1054 reperiuntur
1001 1009 1101 1054 apud
1128 1009 1353 1053 Gruterum,
1377 1010 1608 1052 Fabrettum,

183 1055 291 1099 alios,
316 1067 464 1101 semper
491 1057 610 1100 Vinii.)

184 1169 257 1202 2-5.
290 1166 691 1214 sianala110bsignata
723 1168 871 1203 Horatii

136 1215 270 1258 anulo,
316 1219 358 1249 ut
398 1216 555 1251 decebat
594 1216 685 1250 talia
726 1217 871 1261 potenti

135 1261 272 1297 fautori
314 1263 482 1297 mittere:
526 1263 704 1308 „integra
743 1263 872 1308 igitur,

138 1312 183 1344 ut
199 1310 390 1355 accepisti,
416 1314 454 1345 et
477 1321 500 1345 a
516 1311 622 1345 nullo
642 1310 716 1345 alio
742 1313 873 1355 aperta

135 1356 306 1403 Augusto
324 1358 377 1392 ita
389 1358 537 1401 reddes,
553 1358 586 1392 si
600 1357 747 1392 validus
761 1358 869 1392 erit.“

137 1423 181 1428 —
206 1406 418 1449 volumina]
445 1406 542 1440 Satis
575 1405 773 1450 probabile
803 1410 871 1448 est,

135 1454 285 1496 politam
311 1452 416 1497 loqui
442 1453 488 1487 de
514 1454 634 1487 tribus
654 1453 871 1487 Car-minum

136 1499 245 1534 libris
271 1503 363 1534 tunc
388 1500 513 1546 ipsum
539 1500 662 1535 editis.
682 1520 725 1524 -—
743 1502 781 1534 si
805 1510 870 1534 va-

138 1547 253 1591 lidus]
282 1547 357 1591 „Eo
390 1551 558 1592 tempore
593 1559 704 1592 saepe
738 1559 870 1593 aegro-

136 1595 240 1629 tabat
278 1595 492 1640 Augustus,
540 1606 616 1629 non
666 1596 788 1629 solum
829 1595 870 1629 in

136 1641 345 1687 Hispania,
383 1643 449 1678 sed
486 1643 597 1677 etiam
622 1642 763 1681 Romae
789 1654 871 1687 gra-

135 1690 287 1724 vissimo
304 1690 435 1724 morbo
454 1690 683 1735 correptus.“
708 1690 870 1723 FRANKE

137 1736 160 1770 l.
187 1737 211 1770 1.
240 1756 283 1760 ——
307 1738 446 1781 pecces]
477 1737 538 1780 „in
565 1738 713 1781 culpam
741 1748 784 1771 ac
810 1748 869 1771 re-

134 1784 425 1828 prehensionem
450 1784 629 1819 incidas.“
655 1803 704 1808 —
726 1785 869 1827 odium]

137 1833 374 1874 „Unwillen“,
399 1834 442 1865 ut
465 1843 499 1865 v.
526 1833 641 1865 odisse
666 1830 868 1875 aliquoties

134 1877 314 1913 Horatius
360 1880 522 1923 usurpat
567 1889 637 1923 pro
685 1887 866 1920 spernere,

134 1927 231 1959 nicht
258 1926 375 1959 leiden
400 1927 552 1959 konnen.
597 1924 664 1967 „Si
690 1926 785 1959 forte
813 1925 867 1959 of-

134 1972 266 2007 fendes
289 1972 521 2019 Augustum,
554 1972 637 2006 fieri
669 1975 794 2017 potest
826 1976 868 2007 ut

133 2020 445 2066 indignabundus
478 2020 638 2065 accipiat
671 2031 754 2054 mea
786 2031 867 2054 car-

134 2068 272 2102 mina.“
299 2087 344 2092 —
368 2069 521 2102 Sedulus
551 2067 636 2110 cet]
672 2067 866 2109 „minister

135 2115 250 2150 nimio
265 2115 390 2150 studio
408 2115 681 2160 importunus.“
701 2114 776 2148 Cfr.
791 2114 866 2148 Sat.

135 2164 168 2205 2,
194 2165 227 2205 5,
253 2164 309 2197 89.
335 2162 429 2207 Epp.
455 2165 487 2205 2,
515 2165 547 2204 1,
572 2164 660 2196 26οε
684 2163 867 2196 sedulitas

135 2212 256 2243 aulem
272 2212 393 2253 stulte,
417 2219 522 2251 quem
538 2211 669 2252 dinan,
686 2212 804 2252 urqel.
822 2229 865 2233 —

134 2257 320 2300 importes]
346 2258 569 2302 plerumque
596 2257 641 2291 de
667 2257 783 2291 rebus
809 2257 868 2290 in-

135 2305 356 2347 commodis,
406 2308 449 2338 ut
490 2304 725 2350 „importare
767 2305 867 2339 cala-

134 2352 319 2395 mitatem,
352 2352 513 2394 luctum,
545 2351 777 2396 periculum,
802 2363 866 2396 pe-

133 2399 261 2433 stem.“

181 2448 254 2480 6-9.
279 2446 382 2489 uret]
409 2446 456 2480 de
482 2457 596 2480 onere
621 2446 797 2489 molesto,
825 2449 867 2480 ut

134 2491 241 2527 Ovid.
266 2492 372 2527 Rem.
396 2494 478 2526 Am.
509 2494 597 2527 235:
631 2495 789 2535 Aspicis,
826 2495 866 2526 uc

131 2549 276 2582 pressos
299 2543 412 2574 urant
435 2542 524 2582 iuaa
539 2542 662 2582 prima
686 2542 863 2574 iuvencos.

135 2586 210 2622 cfr.
235 2587 331 2632 Epp.
358 2590 389 2630 1,
416 2590 471 2631 10,
497 2590 553 2621 43.
605 2587 677 2621 Sed
702 2589 774 2622 hoc
798 2599 866 2632 per

134 2635 279 2679 iocum;
311 2645 388 2669 non
422 2634 523 2669 enim
553 2645 594 2668 re
627 2646 716 2669 vera
741 2635 865 2680 gravis

135 2693 218 2717 esse
259 2684 406 2727 poterat
446 2681 663 2716 libellorum
703 2684 863 2725 sarcina,

135 2740 209 2774 quo
246 2731 329 2775 ipso
365 2740 445 2764 voc.
481 2732 728 2774 praeparatur
769 2730 864 2764 alter

921 1169 1029 1203 iocus
1068 1180 1100 1202 v.
1140 1171 1172 1203 8.
1210 1188 1253 1194 -
1291 1170 1469 1213 Abiicilo]
1505 1169 1658 1204 Festive

922 1216 1130 1261 significat,
1156 1227 1196 1251 se
1222 1217 1370 1251 nullum
1394 1217 1476 1251 fere
1502 1217 1655 1262 scriptis

921 1265 1002 1298 suis
1035 1264 1200 1308 pretium
1238 1267 1415 1299 statuere.
1467 1264 1655 1306 „Abiicito

919 1311 1046 1355 potius
1063 1312 1103 1345 in
1122 1311 1204 1356 ipso
1223 1310 1383 1346 itinere“
1411 1311 1536 1357 (fingit
1553 1311 1655 1346 enim

921 1358 967 1392 ob
1009 1359 1163 1402 propria
1204 1369 1356 1403 quoque
1397 1359 1549 1405 negotia
1588 1358 1655 1393 Vi-

921 1406 1026 1439 nium
1064 1405 1219 1440 Romam
1259 1405 1452 1450 proficisci
1494 1409 1532 1440 et
1572 1409 1654 1440 tan-

920 1456 1000 1486 tum
1026 1453 1141 1487 officii
1167 1463 1282 1488 causa
1314 1453 1481 1488 carmina
1503 1453 1572 1487 illa
1596 1464 1656 1488 se·

921 1510 1006 1534 cum
1030 1501 1226 1545 portare),
1257 1511 1394 1545 „quam
1418 1503 1462 1534 nt
1486 1511 1531 1535 eo
1556 1501 1654 1543 loco,

919 1559 1043 1592 usque
1081 1548 1127 1582 ad
1162 1558 1274 1592 quem
1306 1548 1477 1593 perferre
1509 1548 1655 1582 iuberis

920 1596 1118 1637 sarcinam,
1143 1597 1259 1638 serus,
1286 1596 1414 1630 oneris
1438 1595 1514 1630 iam
1538 1596 1657 1640 impa-

919 1643 1031 1685 tiens,
1059 1643 1247 1684 efferatus,
1273 1646 1316 1677 ut
1333 1642 1489 1687 iniquae
1515 1642 1653 1676 mentis

919 1690 1072 1732 asellus,
1098 1700 1183 1724 cum
1207 1690 1244 1723 vi
1269 1693 1306 1724 et
1330 1690 1449 1724 multo
1476 1699 1560 1723 oum
1578 1689 1654 1723 fra-

918 1748 1010 1782 gore
1035 1737 1194 1771 deiicias
1226 1737 1331 1770 humi
1356 1736 1501 1770 alicubi
1526 1736 1587 1770 vel
1611 1737 1651 1770 in

918 1784 1057 1817 atrium
1094 1783 1230 1818 Palatii
1267 1784 1426 1817 clitellas
1461 1784 1554 1817 muli
1591 1783 1652 1818 vel

918 1831 1016 1864 asini
1050 1831 1108 1864 tui
1142 1830 1471 1874 (Saumsallel)‚
1510 1830 1652 1875 quibus

917 1878 1065 1912 sarcina
1089 1878 1236 1923 illigata
1260 1880 1317 1911 est
1337 1880 1452 1923 atque
1469 1878 1559 1911 inde
1577 1878 1652 1912 sol-

915 1924 1049 1959 venda.
1076 1925 1219 1964 Quodsi
1244 1928 1318 1959 tam
1342 1926 1510 1959 rusticus
1536 1935 1651 1968 esses,

917 1983 1028 2017 quam
1071 1972 1260 2017 significo,
1307 1973 1443 2007 merito
1483 1972 1651 2006 Asellam

916 2023 952 2053 te
986 2020 1131 2062 vocari,
1171 2021 1237 2064 qui
1269 2020 1341 2054 hoc
1373 2019 1563 2061 viderent,
1598 2019 1652 2053 ri·-

916 2066 1050 2101 dentes
1085 2067 1290 2101 dicerent.“
1319 2086 1362 2091 —-
1391 2066 1554 2110 Asinae]
1588 2066 1652 2100 Sic

915 2114 1066 2148 videtur
1100 2115 1239 2149 dixisse
1273 2125 1341 2159 pro
1374 2115 1538 2157 Asella03
1571 2124 1649 2148 non

917 2162 1016 2195 enim
1051 2161 1235 2196 credibile
1268 2164 1326 2195 est
1357 2161 1476 2206 patris
1511 2171 1649 2206 cogno-

916 2220 1001 2243 men
1027 2210 1173 2251 Asinae,
1200 2212 1242 2243 ut
1267 2209 1411 2251 volunt,
1436 2207 1510 2242 ioci
1536 2218 1651 2242 causa

915 2268 938 2291 a
975 2256 1119 2290 vicanis
1157 2257 1239 2290 eius
1274 2257 1315 2290 in
1347 2256 1497 2290 Asellae
1534 2254 1648 2289 defle-

915 2315 1002 2337 xum
1029 2314 1124 2338 esse.
1151 2303 1261 2343 Quod
1283 2306 1481 2345 palernum
1505 2306 1564 2337 est
1588 2312 1650 2336 co-

916 2361 1090 2396 gnomen,
1114 2354 1297 2384 monstrat
1322 2350 1395 2385 iam
1420 2352 1565 2395 patrem
1589 2349 1648 2383 in-

916 2409 1082 2444 genuum
1099 2398 1284 2432 rusticum
1300 2397 1510 2432 Romanum
1527 2397 1648 2431 fuisse

916 2456 986 2479 nec
1010 2455 1099 2479 vero
1125 2455 1333 2490 cognomen
1351 2445 1428 2479 filio
1454 2447 1647 2479 contume-

915 2493 988 2527 liae
1014 2503 1126 2527 causa
1151 2492 1324 2526 inditum.
1373 2492 1559 2526 Memento
1585 2501 1648 2524 co-

914 2540 1134 2585 gnominum
1151 2541 1310 2579 Bestiae,
1337 2540 1524 2580 oviculae,
1539 2539 1646 2572 Soro-

914 2589 986 2630 fae,
1018 2584 1135 2620 Verris
1160 2598 1203 2620 ac
1229 2587 1420 2620 similium.
1439 2604 1480 2609 --
1500 2584 1646 2628 sabula]

916 2634 991 2668 Cfr.
1017 2634 1136 2678 Epod.
1164 2637 1226 2676 11,
1251 2635 1293 2667 8:
1325 2633 1470 2666 Fabula
1503 2633 1646 2673 quanta

913 2684 989 2724 sui!
1036 2682 1165 2715 luven.
1206 2682 1269 2723 10,
1308 2681 1400 2714 16⁷:
1443 2681 1486 2712 Ul
1518 2680 1646 2721 pueris

911 2730 1059 2771 placeas
1084 2731 1118 2762 et
1141 2728 1358 2762 declamatio
1382 2728 1461 2769 nas.
