1774 2930
662 164 755 199 LIB.
778 165 809 200 1.
857 164 1009 200 EPIST.
1033 165 1171 201 xvm.

1585 169 1672 211 379

273 265 490 307 Arcanum
520 278 661 321 neque
690 269 739 307 tu
770 266 1028 309 scrutaberis
1059 266 1175 308 illius
1205 281 1415 323 unquam,

274 335 643 392 Commissumque
673 340 795 391 teges
828 340 871 380 et
901 337 1000 378 vino
1033 340 1170 379 tortus
1202 342 1246 380 et
1277 338 1363 392 ira,

271 405 362 448 Nec
392 410 466 448 tua
494 406 687 448 laudabis
719 407 859 449 studia
891 411 964 450 aut
995 407 1137 450 aliena
1166 408 1422 464 reprendes,

271 475 381 530 Nec,
414 490 510 518 cum
539 477 687 519 venari
717 477 832 520 volet
863 477 956 530 ille,
988 480 1188 533 poemata
1218 493 1397 535 panges.

1612 481 1671 522 40

273 545 423 589 Gratia
453 547 514 589 sic
545 547 723 590 fratrum
753 548 1038 603 geminorum,
1070 548 1326 604 Amphionis
1359 554 1489 606 atque

271 616 420 666 Zethi,
451 617 656 671 dissiluit,
688 617 824 660 donee
854 622 1058 674 suspecta
1087 633 1238 662 severo

272 685 488 729 Conticuit
518 688 622 744 lyra.
668 678 889 731 Fraternis
922 689 1105 732 cessisse
1135 694 1309 745 putatur

268 757 459 799 Moribus
490 758 731 814 Amphion:
764 764 812 801 tu
844 759 947 802 cede
977 761 1164 816 potentis
1198 761 1322 803 amici

247 881 303 914 37.
329 881 442 914 ullius
458 880 594 926 bScdp,
619 881 739 916 LCtF.
765 883 880 924 (illius
897 882 939 927 E,
965 882 1138 917 Pottierii
1157 883 1244 926 duo,
1270 884 1479 927 Bentleius,
1496 884 1619 928 MJO.)

152 977 241 1012 vid.
268 978 343 1013 Sat.
369 981 403 1022 2,
428 982 461 1022 6,
486 982 543 1014 44.
568 999 612 1005 ——
638 982 780 1015 olitoris
806 986 888 1023 aqel
936 983 1036 1023 uitur
1060 984 1101 1015 in
1125 992 1208 1016 cera
1233 985 1329 1017 docti
1352 993 1524 1018 mucrone
1547 985 1667 1028 (stilo)

152 1025 236 1068 cet-J
251 1028 553 1068 „mercennarius
568 1028 640 1062 erit
653 1028 799 1063 olitoris
808 1029 885 1063 sive

152 1082 199 1106 ex
223 1073 432 1116 posteriore
449 1074 654 1109 Latinitate
679 1075 884 1118 hortulani,

151 1119 217 1163 qui
251 1122 357 1154 extra
389 1119 530 1155 Urbem
567 1122 718 1156 hortum
756 1123 884 1157 colens

149 1165 252 1199 hunc
302 1166 541 1202 decoctorem
589 1169 757 1213 quotidie
799 1181 882 1204 cum

151 1212 318 1248 oleribus
336 1214 376 1248 in
390 1214 515 1249 forum
529 1216 720 1250 olitorium
733 1217 880 1251 mittit.“

198 1285 254 1317 37.
289 1285 345 1317 38.
378 1286 565 1319 Arcanum
598 1287 680 1329 cet]
706 1287 775 1321 His
801 1298 882 1321 ver·

149 1329 222 1372 bis,
247 1332 475 1366 enumeratis
500 1333 614 1375 vitiis,
641 1345 738 1378 quae
757 1333 880 1368 Lollio

149 1376 302 1411 vitanda
326 1378 414 1421 sint,
440 1379 474 1412 ei
502 1380 738 1414 commendat
762 1381 880 1415 bonas

149 1426 268 1466 artes,
316 1425 454 1469 quibus
495 1427 550 1459 uti
594 1427 747 1471 debeat3
794 1431 880 1462 ante

150 1470 279 1504 omnia
303 1469 485 1517 integram
512 1473 621 1513 fidem
638 1474 678 1507 in
696 1475 879 1509 fautorem

149 1519 187 1551 et
210 1517 409 1552 honest-um
428 1519 652 1564 obsequium
679 1522 879 1556 observan-

148 1563 316 1609 tiamque
334 1565 374 1599 in
393 1567 566 1609 eundem,
590 1569 708 1602 multo
727 1569 878 1613 quidem

147 1610 334 1646 diversam
359 1624 381 1646 a
406 1613 472 1646 vili
494 1614 560 1648 illa
585 1614 802 1650 adulatione
821 1627 877 1650 vv.

147 1659 265 1692 10-14.
296 1677 340 1682 -—
373 1660 497 1703 illius]
532 1663 657 1702 „nqis
690 1663 756 1704 (ut
787 1663 877 1698 alibi

144 1704 230 1748 ait),
254 1704 413 1740 fautoris
437 1707 527 1740 tui.“
555 1707 662 1742 Oonf.
687 1720 720 1742 V.
746 1711 803 1743 40.
831 1730 873 1734 —-

143 1753 227 1785 vino
259 1754 397 1796 tortus]
426 1754 466 1787 A.
491 1754 532 1787 P.
559 1757 647 1788 434:
682 1758 797 1798 Reqes
823 1759 877 1790 di-

144 1801 279 1832 camur
314 1802 437 1834 multis
472 1810 607 1843 umere
644 1804 792 1836 cucullis
829 1806 874 1838 El

145 1847 369 1887 torquere
408 1856 548 1891 mero,
590 1858 696 1890 quem
729 1859 875 1892 perspe-

142 1893 237 1926 wisse
264 1893 442 1928 laborant.
463 1914 505 1919 —-
530 1897 606 1939 ira]
636 1896 696 1939 „Si
724 1898 873 1942 quando

143 1941 180 1973 te
206 1939 415 1985 obiurgarit
446 1945 628 1985 patronus
658 1947 723 1978 aut
746 1945 873 1979 minus

143 1986 263 2020 amice
289 1989 325 2020 te
352 1989 537 2031 tractarit,
571 1991 648 2023 noli
674 1994 873 2035 propterea

143 2032 247 2066 velut
279 2034 437 2068 ultionis
471 2045 585 2069 cansa
613 2037 698 2071 aliis
724 2038 872 2073 effutire

70 2089 74 2091 ’
143 2087 280 2113 arcana
304 2079 349 2113 ab
376 2091 419 2114 eo
445 2081 512 2115 tibi
540 2084 789 2117 concredita.“

189 2150 246 2182 39.
272 2151 330 2183 40.
356 2152 429 2184 Nec
453 2154 517 2184 lua
542 2152 626 2195 cet]
654 2152 755 2195 „Hoc
780 2165 873 2198 quo-

143 2206 217 2240 que
242 2196 339 2230 solet
369 2197 558 2232 offendere
583 2201 755 2243 potentes
781 2202 871 2234 ami-

142 2253 218 2284 cos,
235 2243 267 2276 si
285 2246 415 2278 nostra
431 2244 620 2279 dumtaxat
633 2247 757 2280 studia
775 2247 872 2290 (ἑπι-

141 2287 380 2333 mdc-umam)
423 2291 627 2327 laudabilia
663 2304 744 2327 esse
783 2304 870 2328 con-

142 2336 352 2378 tendimus,
377 2338 520 2381 aliena,
553 2340 702 2383 patroni
727 2343 871 2384 praeci-

138 2394 226 2427 pue,
251 2384 377 2418 studia
400 2385 650 2420 detrectamus
675 2398 718 2421 ac
744 2399 870 2432 repre-

137 2430 372 2465 hendimus.“
394 2451 435 2457 —-
452 2436 625 2474 poemata
646 2435 798 2478 pauvres]
823 2436 868 2470 A.

138 2476 180 2511 P.
197 2480 286 2511 416:
312 2480 391 2519 Euo
415 2481 513 2513 mira
535 2483 708 2522 poemata
729 2490 867 2523 panno.

139 2523 201 2558 sic
226 2524 338 2559 etiam
370 2526 410 2559 in
435 2537 548 2571 prosa
577 2528 759 2562 oratione.
809 2529 867 2563 Ci-

138 2580 224 2605 cero
250 2572 298 2606 ad
321 2572 422 2607 Fam.
452 2577 513 2615 16,
542 2577 596 2617 18,
622 2578 662 2609 3:
693 2576 751 2608 An
773 2585 867 2616 pan-

137 2619 191 2658 eis
208 2616 349 2660 aliiluid
363 2621 609 2662 Sophocleum.
629 2621 743 2666 Tropi
761 2623 866 2668 origo

139 2666 305 2700 cernitur
319 2666 359 2699 in
374 2666 604 2703 Columellae
622 2669 688 2702 illo
705 2671 760 2709 10,
778 2671 843 2704 251
857 2681 865 2704 ε

138 2718 200 2744 eeu
234 2713 356 2747 littera
390 2716 563 2755 proxima
595 2717 739 2757 primae
771 2719 866 2750 Pan-

934 1031 1109 1070 maaiscri.

981 1079 1117 1110 41-44.
1153 1078 1285 1111 Gracia
1309 1079 1360 1111 sic
1393 1080 1555 1120 fratrum
1581 1078 1666 1122 cet]

935 1122 1117 1167 „Propter
1127 1124 1286 1158 similem
1300 1124 1513 1159 studiorum
1523 1126 1667 1160 discre-

932 1171 1099 1213 pantiam
1126 1174 1248 1205 ortum
1278 1176 1336 1206 est
1360 1173 1564 1217 aliquando
1590 1173 1667 1208 dis-

933 1217 1072 1251 cidium
1099 1218 1199 1252 inter
1224 1218 1323 1253 Iovis
1349 1222 1386 1253 et
1409 1221 1597 1265 Antiopae
1623 1221 1665 1254 fi-

930 1264 1020 1305 lios,
1054 1265 1321 1309 Amphionem,
1359 1267 1420 1300 cui
1452 1266 1667 1303 Mercurius

930 1310 1048 1354 lyram
1066 1312 1170 1346 illam
1188 1323 1382 1346 murorum
1397 1313 1664 1348 Thebanorum

931 1358 1175 1393 conditricem
1201 1359 1404 1394 donaverat
1429 1360 1520 1403 (od.
1547 1364 1580 1403 3,
1609 1365 1665 1405 11,

931 1405 1000 1446 1.)‚
1038 1408 1076 1439 et
1108 1405 1283 1449 Zethum,
1321 1411 1509 1451 pastorem
1549 1412 1662 1454 atque

928 1452 1151 1496 agricolam,
1185 1454 1277 1487 artis
1307 1455 1472 1489 musicae
1498 1459 1663 1490 contem·

927 1502 1072 1541 ptorem
1091 1503 1128 1533 et
1146 1501 1300 1535 omnino
1315 1502 1504 1536 hominem
1518 1505 1662 1537 durum.

929 1545 1122 1590 (Propert.
1155 1549 1197 1589 4,
1237 1550 1299 1590 14,
1333 1547 1434 1592 29.)“
1484 1549 1660 1584 Attamen

926 1591 1064 1627 fratres
1089 1594 1188 1627 inter
1215 1605 1255 1628 se
1281 1596 1320 1628 in
1354 1596 1513 1640 gratiam
1538 1598 1661 1632 redie-

926 1643 1028 1681 runt,
1055 1641 1279 1676 conciliante
1306 1653 1370 1676 eos
1395 1646 1513 1678 matre
1530 1645 1662 1679 Antio-

925 1696 984 1729 pa.
1011 1706 1055 1710 —
1081 1688 1253 1731 dissiluit]
1282 1690 1478 1731 „celeriter
1502 1691 1662 1726 discissa

925 1734 1015 1767 est.“
1045 1753 1088 1758 —
1114 1738 1280 1776 suspecta
1311 1738 1458 1780 severo!
1498 1739 1660 1782 „invisa,

925 1791 1035 1824 quam
1062 1781 1192 1815 oderat
1215 1783 1326 1817 homo
1352 1794 1507 1819 severus
1533 1789 1571 1819 et
1594 1786 1661 1819 tri·

923 1828 1011 1869 stis,
1045 1831 1175 1872 utpote
1203 1840 1301 1873 quae
1327 1831 1518 1875 ignaviae,
1552 1833 1659 1866 volu-

922 1875 1035 1917 ptatis
1077 1876 1298 1919 damnosae,
1346 1878 1657 1923 intemperantiae

922 1921 1214 1956 instrumentum
1253 1926 1386 1958 esset.“
1438 1926 1544 1959 Zethi
1580 1930 1659 1960 tru-

923 1968 1128 2003 culentiam
1147 1970 1244 2004 bene
1262 1973 1450 2015 expressit
1465 1973 1656 2009 Pacuvius

921 2014 991 2048 hoc
1018 2017 1225 2051 versiculo:
1252 2019 1578 2061 Minitabililerque
1602 2022 1657 2054 in-

922 2069 1074 2102 crepare
1088 2065 1195 2106 dictis
1218 2067 1335 2098 saevis
1352 2067 1500 2109 incipi13
1527 2071 1564 2101 et
1580 2067 1657 2101 Eu-

920 2108 1656 2204 aestate&32325512323&

921 2211 1057 2247 φορον,
1079 2199 1219 2249 Ἀργόν,
1236 2204 1426 2247 φίλοινον,
1449 2203 1656 2254 χρημάτων

919 2245 1104 2292 ἀτημελῆ.
1152 2250 1255 2284 Idem
1287 2251 1354 2294 (N.
1386 2254 1478 2296 25.):
1510 2255 1655 2289 τοιαῦτ’

919 2289 1032 2337 ἄειδε,
1049 2298 1114 2328 καὶ
1131 2294 1256 2339 δόξεις
1270 2304 1439 2345 φρονεῖν,
1457 2299 1654 2343 Σκάπτων,

917 2339 1023 2386 ἀρῶν
1037 2342 1120 2387 γῆν,
1137 2347 1324 2387 ποιμνίων
1337 2347 1560 2388 ἐπιστατῶν,
1571 2345 1653 2383 ’Ἄλ-

918 2387 999 2431 λοις
1025 2388 1071 2422 τὰ
1095 2389 1237 2441 κομιὶυὰ
1261 2393 1364 2426 ταῦτ’
1394 2393 1511 2437 ἀφεὶς
1536 2399 1654 2437 σοφί-

917 2446 1057 2477 σματα,
1081 2435 1142 2480 Ἐξ
1164 2441 1220 2472 (όν
1237 2445 1407 2474 κενοῖσιν
1426 2441 1654 2487 ἐγκατοική-

917 2493 998 2524 σεις
1021 2481 1167 2527 δόμοις.
1194 2486 1317 2520 Schol.
1343 2488 1391 2522 ad
1416 2489 1510 2523 Plat.
1539 2490 1653 2535 Gorg.

915 2541 951 2574 p.
966 2533 1047 2564 486.
1063 2531 1120 2574 (N.
1135 2534 1228 2575 26.):
1247 2531 1377 2581 Ζῆθός
1391 2547 1491 2578 φησι
1506 2537 1555 2581 τῷ
1567 2535 1653 2579 Ἀμ-

916 2579 1036 2618 φίονι,
1053 2580 1228 2625 μουσικῷ
1242 2576 1336 2620 ὄντι,
1350 2579 1484 2623 Ῥῖψον
1501 2582 1569 2626 τὴν
1584 2581 1652 2616 λύ-

915 2635 997 2670 ραν,
1024 2627 1194 2673 κέχρησο
1214 2627 1252 2660 δὲ
1278 2623 1424 2670 ὅπλοις.
1443 2648 1486 2653 —
1506 2632 1650 2664 cessisse

910 2672 1083 2717 putatur]
1102 2675 1247 2716 „cessit,
1275 2677 1316 2707 ut
1334 2676 1486 2709 tradunt
1502 2679 1648 2721 poetae,

915 2718 1053 2763 quibus
1061 2730 1131 2754 nos
1142 2721 1648 2768 accredimus-“—Moribu8]
