1774 2930
665 158 761 193 Lm.
782 158 814 193 I.
862 157 1015 193 RPIST.
1039 157 1104 192 VI.
1559 159 1644 200 303

247 258 401 316 Digni,
430 260 657 316 remigium
687 260 891 301 vitiosum
919 259 1157 302 Ithacensis
1186 259 1351 312 Ulixei,

250 329 331 373 Oui
361 330 502 386 potior
530 331 676 387 patria
698 329 780 372 fuit
810 330 1035 373 interdicta
1064 330 1275 386 voluptas.

249 400 317 454 Si,
347 401 626 443 Mimnermus
655 402 719 443 uti
750 405 915 454 censet,
948 402 1041 444 sine
1071 415 1215 444 amore
1243 402 1433 457 iocisque
1588 402 1645 443 65

247 471 321 514 Nil
350 475 417 515 est
446 471 697 526 iucundum,
729 473 849 514 vivas
880 472 925 514 in
955 486 1100 514 amore
1129 472 1334 528 iocisque.

249 542 380 596 Vive,
411 543 522 586 vale.
583 542 629 584 Si
661 542 763 599 quid
792 543 950 585 novisti
980 543 1136 585 rectius
1166 543 1279 595 istis,

250 612 468 656 Candidus
499 614 693 670 imperti3
726 614 764 655 si
793 628 899 666 non,
931 613 999 655 his
1030 618 1151 656 utere
1180 627 1360 656 mecum.

228 744 284 776 63.
325 743 444 777 Ulixei
467 743 543 785 Ed,
580 743 797 785 Bentleius‚
834 742 923 785 ΜΟ,
961 746 1004 776 ut
1026 743 1121 788 Epp.
1148 746 1187 785 1,
1220 745 1261 784 7,
1293 745 1370 778 4o.:
1413 744 1540 784 Ulyoeei
1563 754 1599 787 p,

182 790 280 823 misci
302 789 386 832 bSc,
416 791 551 831 Ulyssei
575 789 696 824 LctF.

132 898 222 929 sunt
251 896 538 940 municipesque
571 896 671 930 facti.
720 896 769 929 At
799 907 864 940 po·
914 906 1100 930 summum
1134 898 1273 931 bonum
1306 897 1554 932 indolentiam
1582 897 1647 939 ait,

132 943 326 986 steaquam
359 945 447 976 sunt
478 943 562 977 ausi
591 942 772 977 Romanis
804 954 864 977 re·
914 954 1027 988 quam
1069 943 1206 978 Graeci
1246 942 1487 988 ἀναλγησίαν
1528 944 1647 978 nomi-

131 989 287 1032 bellare,
312 990 367 1024 eis
392 989 549 1024 devictis
573 990 786 1035 iterumque
812 991 863 1024 ci·
913 993 1040 1024 nant.“
1073 990 1336 1025 PORPHYRIOB
1353 1003 1400 1026 ex
1416 991 1484 1026 Hs.
1501 990 1647 1026 Monac.

130 1036 246 1070 vitate
291 1035 440 1071 donatis
488 1037 550 1071 ius
599 1037 864 1083 suffragiorum
914 1037 1047 1080 (Error
1073 1041 1131 1072 est
1154 1038 1195 1072 in
1220 1042 1399 1083 tempore.
1445 1038 1522 1073 Cfr.
1548 1037 1648 1073 Ono-

131 1081 345 1127 ademptnm
374 1086 451 1126 eat,
483 1094 698 1129 censusque
732 1095 864 1118 eorum
912 1088 1018 1119 mast.
1030 1085 1106 1119 Cic.
1116 1085 1201 1119 inV.
1211 1087 1485 1129 Hieronymus.)
1500 1086 1647 1131 Fragm.

131 1130 172 1163 in
198 1131 345 1165 tabulas
362 1131 473 1165 relati
499 1142 521 1166 a
546 1134 759 1166 ceterorum
777 1142 864 1165 cen·
914 1131 1144 1166 Schneidew.
1162 1132 1247 1167 Del.
1262 1144 1299 1178 p.
1319 1135 1383 1167 12:
1411 1135 1476 1175 Τίς
1491 1132 1531 1166 δὲ
1548 1132 1646 1176 βίος,

132 1176 238 1211 sibus
263 1179 396 1212 remoti
422 1179 544 1212 sunt.“
595 1178 669 1212 Sed
698 1182 865 1223 praestat
914 1181 950 1212 τί
973 1178 1013 1212 δὲ
1040 1177 1199 1226 τερπνὸν
1214 1177 1305 1228 ἄτερ
1323 1182 1497 1233 εχρυσέης
1511 1178 1648 1228 Ἀφρο-

133 1223 247 1258 Gellii
272 1225 484 1269 explicatio.
529 1225 607 1259 cfr.
632 1226 864 1260 Pseudasco-
913 1226 1042 1269 ὄίτης;
1077 1227 1284 1271 Τεθναὶην,
1318 1224 1385 1261 ὅτε
1416 1239 1486 1271 μοι
1510 1229 1648 1271 μηκέτι

132 1271 237 1304 nium
270 1271 312 1305 in
335 1272 461 1305 Divin.
494 1283 530 1316 p.
567 1275 644 1306 103.
680 1273 736 1306 ed.
769 1273 864 1307 Bait.
914 1274 1032 1306 ταῦτα
1062 1274 1192 1316 μέλοι,
1231 1274 1451 1321 Κρυπταδίη
1485 1272 1650 1319 φιλότης

134 1335 180 1340 -
202 1319 415 1361 νεηιίσίιιπι]
447 1321 731 1360 Ruderaesindel
755 1320 863 1354 Voss.
913 1322 979 1353 καὶ
1019 1321 1175 1363 μείλιχα
1214 1321 1318 1368 δῶρα
1356 1324 1422 1355 καὶ
1462 1319 1566 1365 εὐνή.
1604 1342 1647 1346 -

134 1362 185 1397 Ut
202 1365 240 1397 la
256 1365 451 1406 chiourmc.
478 1367 515 1398 la
532 1368 684 1408 cim-ma,
711 1377 864 1408 „omnes
918 1369 1009 1409 Vive,
1034 1368 1131 1411 vale]
1159 1367 1277 1403 Solita
1299 1369 1474 1411 formula,
1503 1373 1545 1403 ut
1571 1369 1647 1404 Sat.

134 1411 242 1444 navis
273 1412 467 1457 remiges.“
519 1412 640 1446 Simili
674 1423 864 1457 compara·
913 1416 1030 1459 2,>5‚
1066 1417 1151 1449 110:
1184 1417 1261 1449 vive
1292 1417 1459 1457 valeque.
1486 1435 1529 1440 —
1555 1417 1648 1460 istis]

135 1457 239 1491 tione
270 1468 363 1492 usus
392 1462 449 1493 est
472 1458 564 1504 Epp.
593 1463 632 1502 1,
666 1463 706 1502 2,
740 1463 784 1494 23
811 1471 866 1505 sq.
915 1459 983 1495 hic*
1014 1473 1168 1507 quoque
1204 1463 1278 1496 vim
1315 1474 1422 1497 suam
1457 1463 1647 1498 secundae

137 1523 181 1528 —
197 1505 379 1548 vilicum]
406 1516 610 1550 „nequam‚
646 1508 823 1541 ln'iderlich
831 1508 865 1547 ,·“
915 1519 1100 1552 personae
1118 1510 1386 1544 inservientem
1405 1514 1545 1546 servat:
1567 1512 1648 1553 „his

132 1553 333 1585 veram-ben
357 1552 468 1587 Voss.
482 1572 526 1576 —
543 1555 742 1587 interdicta
763 1557 867 1588 volu-
916 1566 1013 1600 quae
1029 1558 1071 1589 tu
1087 1566 1190 1590 nunc
1207 1556 1332 1601 ipsum
1348 1558 1479 1603 legis.“
1499 1577 1542 1582 —
1561 1567 1648 1592 cuu-

130 1598 240 1641 plas]
273 1598 320 1632 ab
344 1599 475 1642 Ulixe,
511 1610 596 1634 cum
623 1600 721 1635 Solis
752 1602 866 1637 boves
914 1603 1035 1646 didus]
1050 1603 1236 1649 „simplici
1253 1615 1297 1638 ac
1314 1605 1463 1639 sincero
1477 1606 1646 1647 animo;“

133 1644 383 1679 immolarent.
433 1646 565 1692 Odyss.
589 1659 630 1690 μ,
657 1650 737 1682 297.
914 1651 957 1683 ut
972 1649 1090 1694 Epist.
1117 1653 1149 1693 1,
1174 1653 1208 1693 4,
1236 1654 1268 1685 1.
1304 1651 1491 1686 Isocrates
1517 1653 1566 1686 ad
1583 1652 1648 1687 Ni-

181 1693 303 1726 65-68.
320 1694 586 1737 Menneu-ms}
597 1695 865 1739 Colophonius,
915 1697 1011 1731 cocl.
1027 1697 1061 1740 ξ.
1079 1699 1143 1731 38:
1169 1698 1262 1744 Χρῶ
1285 1703 1367 1741 τοῖς
1390 1701 1607 1745 εἰρημένοις
1623 1696 1651 1743 ἢ

132 1741 244 1783 poeta
260 1739 461 1785 elegiacus‚
488 1742 553 1785 qui
572 1741 722 1776 Solonis
743 1746 863 1777 aetate
913 1740 1016 1787 ζήτει
1039 1744 1177 1784 βελτίω
1203 1743 1360 1779 τούτων.
1396 1746 1521 1780 Plaut.
1538 1747 1648 1791 Epid.

133 1785 272 1820 floruit.
339 1787 611 1829 „Mimnermus
660 1790 864 1835 elegiarum
914 1793 946 1833 2,
974 1793 1007 1834 2,
1033 1793 1097 1825 80:
1132 1795 1259 1835 Immo,
1285 1795 1318 1826 si
1339 1795 1510 1837 placebit,
1533 1796 1649 1828 utitor

133 1833 295 1878 scriptor
311 1834 396 1877 fnit,
413 1835 480 1879 qui
497 1835 537 1869 in
556 1836 717 1881 quadam
735 1838 865 1883 ecloga
914 1840 1131 1879 Consilium;
1154 1841 1188 1872 n·
1212 1849 1286 1874 non
1307 1842 1484 1882 placebis,
1510 1843 1650 1883 reperi-

133 1878 353 1926 Hieronymi
410 1884 548 1916 sectam
597 1884 862 1919 commendans
913 1888 986 1919 tole
1009 1888 1156 1920 rectius.

634 2074 1141 2117 EXCIJRSUS.

230 2154 346 2189 Missa
380 2158 437 2189 est
472 2156 644 2200 Epistola
681 2158 728 2192 ad
763 2158 976 2193 Numicium
1019 2162 1226 2204 quendam,
1266 2164 1455 2198 hominem
1490 2176 1649 2210 prorsus

135 2201 324 2246 ignotum,
356 2202 403 2236 de
429 2203 538 2237 euius
570 2203 697 2238 indole
722 2215 766 2239 ac
790 2207 960 2241 moribus
986 2207 1049 2241 vix
1074 2209 1280 2254 quidquam
1312 2220 1359 2244 ex
1391 2211 1474 2255 ipsa
1506 2212 1649 2255 elicias,

136 2249 208 2282 etsi
241 2249 317 2282 tam
348 2250 468 2284 multa
497 2251 537 2283 in
563 2261 609 2284 ea
632 2252 751 2285 oculis
783 2253 869 2297 plus
904 2263 1014 2298 quam
1047 2255 1191 2300 lynceis
1214 2257 1310 2291 vidit
1332 2257 1575 2302 widaldus,
1607 2263 1650 2294 ut

134 2295 256 2329 facete
280 2295 419 2330 dixerit
441 2296 592 2339 Iacobs,
623 2297 787 2333 Numicii
819 2300 983 2345 effigiem
1007 2301 1053 2335 ab
1078 2303 1150 2336 hoc
1174 2314 1389 2348 expressam
1420 2306 1650 2342 simillimam

135 2352 220 2376 esse
251 2342 360 2377 Demi
392 2344 682 2379 Atheniensium
715 2357 738 2379 a
761 2346 960 2382 Parrhasio
996 2349 1106 2392 picti,
1146 2350 1187 2383 in
1225 2362 1300 2396 quo
1337 2355 1492 2388 auctore
1522 2354 1648 2389 Plinio

135 2388 198 2431 (H.
222 2389 265 2423 N.
291 2392 356 2432 35,
391 2393 453 2433 10,
486 2392 558 2434 36.)
592 2393 728 2427 artifex
760 2394 909 2428 volebat
938 2397 1063 2429 onmia
1089 2399 1235 2438 par-iter
1258 2401 1458 2434 ostendere.
1506 2401 1649 2436 Verum

135 2438 176 2469 et
197 2436 420 2472 Wielandus
444 2440 483 2472 et
506 2440 571 2483 qui
598 2450 683 2473 eum
717 2441 839 2474 secuti
863 2444 954 2476 sunt
977 2453 1022 2477 eo
1046 2444 1205 2479 man'me
1229 2445 1379 2491 decepti
1409 2458 1492 2483 esse
1520 2449 1650 2483 viden-

136 2485 219 2525 tur,
251 2484 352 2528 quod
386 2485 766 2532 interrogatiunculas
798 2488 885 2523 illas
908 2489 1072 2524 minutas
1104 2495 1142 2525 et
1173 2492 1412 2537 imperativos
1438 2495 1649 2530 Stoicorum

135 2527 234 2563 viam
266 2541 310 2565 ac
342 2532 526 2567 rationem
559 2534 767 2568 referentes
792 2535 839 2569 ad
864 2537 987 2580 ipsum
1009 2536 1223 2573 Numicium
1253 2541 1412 2586 eiusque
1445 2554 1568 2577 mores
1594 2546 1649 2577 te-

134 2586 238 2611 mere
261 2579 503 2613 rettulerunt.
542 2580 586 2614 Id
612 2592 731 2615 unum
754 2582 915 2617 fortasse
938 2585 1155 2629 perspicere
1179 2587 1281 2630 licet,
1305 2588 1491 2631 Numicio,
1519 2590 1647 2624 iuveni

136 2622 238 2658 bona
267 2625 396 2660 indole
428 2627 598 2671 praedito
633 2629 824 2673 (alioquin
850 2631 948 2664 enim
972 2631 1151 2667 Horatius
1175 2644 1260 2668 eum
1286 2635 1326 2668 in
1352 2636 1537 2669 sodalium
1562 2647 1648 2672 suo—

138 2680 223 2704 rum
254 2682 452 2707 numerum
477 2685 554 2708 non
580 2676 824 2719 recepisset),
858 2678 1058 2712 consilium
1091 2679 1191 2723 dari,
1224 2684 1266 2715 nt
1290 2685 1434 2716 certum
1460 2684 1648 2727 quoddam

135 2725 321 2752 summum
354 2720 426 2754 sibi
455 2721 593 2756 bonum
626 2725 783 2765 statuat,
815 2724 918 2768 quod
951 2725 1088 2761 deinde
1124 2731 1341 2762 constanter
1374 2732 1499 2764 teneat
1522 2742 1647 2776 neque
