1774 2930
176 152 264 195 330

648 161 856 197 HORATII
880 164 1229 204 EPISTOLARUM

294 255 407 303 Quid
438 260 645 303 concinna
675 261 840 317 Samos,
874 266 976 321 quid
1008 267 1159 313 Croesi
1191 273 1326 328 regia,
1357 274 1519 331 Sardis,

291 325 474 384 Smyrna
504 331 606 386 quid
637 337 681 374 et
713 333 965 391 Colophon?
995 339 1158 384 Maiora
1189 343 1409 389 minorave
1439 336 1567 402 fama,

290 396 510 442 Cunctane
541 415 644 457 prae
677 403 840 462 Campo
873 412 916 450 et
948 408 1153 454 Tiberino
1183 414 1360 459 flumine
1392 418 1598 462 sordent?

286 468 357 510 An
389 471 506 513 venit
535 472 581 514 in
612 479 758 517 votum
790 477 990 522 Attalicis
1023 496 1078 524 ex
1107 484 1286 528 urbibus
1317 501 1425 542 una,
1666 494 1692 534 5

286 540 355 580 An
386 540 610 585 Lebedum
641 545 790 589 laudas
824 549 922 591 odio
953 553 1084 595 maris
1116 558 1244 611 atque
1275 558 1474 601 viarum?

285 609 398 663 Seis,
430 611 631 656 Lebedus
665 618 766 672 qnid
799 620 877 674 sit3
912 621 1061 665 Gabiis
1095 625 1305 670 desertior
1335 633 1464 686 atque

261 715 330 749 ΕΡ.
381 716 445 752 ΧΙ,
496 721 528 752 3.
578 723 768 757 minorave
803 725 935 760 bSch

209 761 356 796 LtFMO
383 769 420 798 et
445 766 654 803 Bentleius.

159 856 298 890 minem
324 859 441 893 amice
474 861 520 895 ad
553 863 821 907 sapientiorem
849 869 900 902 vi—

159 905 218 936 tae
245 915 355 938 usum
382 908 602 943 exhortatur
629 915 666 944 et
691 912 731 945 in
759 913 896 948 Urbem

157 949 203 982 ad
230 961 319 986 suos
346 960 516 998 revocat,
549 957 662 992 simul
688 959 896 996 lectoribus

157 996 396 1043 significans,
443 1003 594 1038 sibimet
630 1006 703 1050 ipsi
741 1012 895 1053 propter

155 1044 322 1079 animum
340 1059 503 1092 aequum
522 1051 665 1096 ubique
684 1053 780 1089 bene
800 1067 894 1090 esse.

204 1118 272 1149 1-6.
301 1119 396 1159 Quid
421 1122 484 1153 cibi
510 1123 595 1166 oet]
622 1122 772 1159 Terent.
796 1126 892 1161 Eun.

152 1162 186 1206 2,
205 1164 238 1205 2,
257 1166 321 1198 42:
346 1167 416 1200 Sed
440 1170 529 1208 quid
550 1172 695 1204 videtur
721 1175 802 1207 Hoc
827 1177 892 1208 libi

150 1213 399 1252 mancipium?
415 1214 579 1250 formula
594 1221 780 1254 sermonis
800 1233 892 1265 quo-

150 1257 282 1291 tidiani
309 1260 426 1296 mixta
451 1273 496 1296 ex
521 1264 580 1298 his
598 1265 746 1301 duabus
773 1268 889 1311 injer-

148 1306 435 1348 rogationibus:
472 1311 601 1352 „Quid
636 1313 704 1348 tibi
741 1315 889 1351 videtur

148 1350 220 1385 hac
246 1353 291 1387 de
318 1356 416 1389 re?“
451 1361 510 1390 et:
555 1360 714 1399 „Qualis
742 1363 810 1397 tibi
836 1365 888 1397 vi-

146 1397 256 1433 detur
274 1402 367 1436 hae'e
384 1405 472 1438 res?
485 1406 501 1422 ‘⁴
531 1405 592 1440 Sic
609 1408 721 1442 etiam
740 1410 886 1445 Graeci.

144 1445 252 1481 Plato
281 1448 469 1485 Charmid.
495 1463 530 1496 p.
560 1456 638 1488 154.
667 1455 723 1489 D:
764 1460 798 1491 τί
823 1470 887 1492 σοι

145 1495 324 1533 φαίνεται
350 1495 373 1530 ὁ
400 1502 627 1543 νεανίσκος,·
654 1523 696 1527 -
724 1508 884 1547 notaque

142 1541 286 1586 Lesbos]
325 1545 410 1579 aliis
444 1552 598 1591 propter
631 1550 811 1585 Alcaeum
848 1558 884 1587 et

142 1586 392 1634 Sapphonem,
411 1594 496 1628 aliis
510 1599 665 1640 propter
679 1599 777 1633 vina.
806 1600 880 1634 Cfr.

141 1634 244 1681 Virg.
272 1638 365 1672 Aen.
394 1642 425 1682 2,
452 1643 514 1675 21:
542 1645 711 1688 Tenedos,
739 1649 883 1681 notissi-

138 1690 200 1715 ma
225 1685 329 1725 sama
355 1689 497 1722 Insula.
532 1690 649 1725 Tacit.
668 1692 766 1727 Anu.
787 1697 820 1737 6,
838 1698 881 1729 3:

137 1730 261 1773 Lesbo,
292 1734 415 1768 insula
440 1738 555 1770 nobili
581 1742 613 1771 el
639 1749 805 1774 amoena.
835 1761 876 1766 —

138 1780 316 1813 concinna
340 1783 482 1825 Samos]
515 1784 723 1821 Menander
750 1789 878 1823 rhetor

136 1823 181 1858 de
199 1825 291 1859 Enc.
310 1839 344 1871 p.
365 1830 419 1862 75.
458 1830 503 1863 H.
522 1831 621 1865 inter
640 1838 772 1877 portus
798 1836 876 1869 lau-

134 1870 201 1905 des
228 1882 494 1910 commemorat
516 1880 700 1922 μέγεθος,
735 1878 876 1925 κάλλος

133 1920 200 1951 καὶ
226 1918 512 1968 εὐρυθμίαν.
539 1926 607 1960 Est
631 1928 747 1973 igitur
775 1930 874 1971 „ele-

131 1976 245 2010 gans,
287 1973 446 2005 venusta
489 1974 749 2018 (schmuclc)
788 1988 874 2021 pro-

130 2016 215 2057 pter
239 2016 462 2061 aedificia“,
499 2020 688 2065 imprimis
712 2023 871 2060 Iunonis

130 2060 272 2096 aedem.
320 2064 481 2110 Propter
507 2067 579 2102 loci
607 2071 870 2106 amoenitatem

129 2104 152 2140 ὁ
170 2106 392 2155 Αὔγουστος
414 2109 454 2156 ἔς
476 2125 516 2148 τε
539 2113 609 2159 τήν
627 2114 760 2160 Σάμον
778 2121 871 2165 ἐπᾳ-

127 2155 246 2199 anssec
273 2159 325 2200 (a.
346 2171 381 2193 u.
402 2171 433 2194 o.
453 2163 547 2205 734.)
575 2161 775 2198 κάνταῦθα
799 2167 869 2200 αὐ-

126 2202 190 2245 θις
214 2206 406 2248 ἐχείμασε·
435 2211 500 2242 καὶ
530 2211 692 2255 ἐκείνοις
717 2213 868 2248 ἐλευθε-

125 2252 212 2296 ρίαν
244 2253 391 2295 μισθὸν
424 2256 494 2300 τῆς
526 2257 726 2304 διατριβῆς
757 2260 867 2295 ἀντέ-

124 2297 221 2331 δωκε
240 2302 305 2333 καὶ
321 2298 420 2335 ἄλλα
443 2304 514 2337 οὐκ
538 2304 651 2350 ὀλίγα
676 2306 867 2356 71:900&ch-

124 2357 253 2389 κησεν.
283 2348 355 2383 Dio
383 2350 484 2385 Cass.
512 2354 569 2393 54,
597 2357 628 2387 9.
657 2374 700 2379 —-
724 2357 864 2401 Sardis]

121 2393 235 2437 plur.,
261 2392 429 2443 Σάρδεις.
465 2398 598 2434 Strabo
627 2404 681 2435 13.
708 2413 743 2447 p.
771 2406 862 2438 625:

120 2441 164 2472 αἱ
186 2438 344 2488 Σάρδεις
375 2443 485 2487 πόλις
516 2446 598 2480 ἐστὶ
627 2448 789 2494 μεγάλη·
808 2471 827 2476 -
845 2472 863 2477 -

119 2486 319 2527 βασίλειον
357 2491 389 2523 δ’
428 2490 571 2539 ὑπῆρξε
610 2497 683 2529 τῶν
716 2497 860 2532 Λυδῶν.

121 2554 165 2559 -
201 2538 383 2582 Smyrna]
434 2540 466 2572 A
508 2541 677 2578 Luciano
720 2545 858 2591 Imagg.

119 2584 150 2616 2.
172 2587 327 2619 vocatur
350 2583 375 2629 ἡ
395 2586 579 2632 καλλίστη
599 2590 671 2624 τῶν
686 2590 860 2627 Ἰωνικῶν

118 2627 276 2665 πόλεων.
303 2652 347 2656 -
385 2635 592 2679 Colophon]
634 2638 768 2674 Strabo
804 2643 857 2674 14.

116 2688 151 2722 p.
171 2680 263 2713 642:
291 2677 316 2723 ἦ
334 2681 540 2724 Κολοτρών,
566 2681 676 2727 πόλις
697 2686 857 2731 Ἰωνική,

116 2727 179 2758 καὶ
208 2724 252 2759 τὸ
279 2726 353 2774 πρὸ
378 2727 498 2772 αὐτῆς
522 2727 642 2773 ἄλσος
668 2734 737 2766 τοῦ
754 2734 857 2768 Κλα-

939 739 979 773 p,
1015 729 1086 764 Os:
1119 733 1312 768 minorane
1344 735 1419 770 duo
1449 736 1640 782 Pottierii,

949 872 1035 916 ρίου
1071 869 1303 918 Ἀπόλλωνος
1339 877 1417 910 κτλ.
1456 898 1498 902 ——
1536 882 1687 916 Maiora

947 919 1150 964 minorave]
1178 921 1407 968 „Cunetane,
1440 926 1519 961 sive
1544 929 1688 964 maiora

947 968 1036 999 sunt
1060 966 1159 1002 fama
1184 970 1262 1003 sive
1287 972 1451 1016 minora,
1481 977 1683 1009 sordent?“

945 1010 1074 1047 Lectio
1100 1017 1291 1051 minorane
1321 1019 1368 1053 iis
1400 1019 1580 1064 debetur,
1617 1024 1684 1068 qui

944 1060 1059 1093 verba
1082 1064 1232 1097 Maiora
1265 1073 1311 1098 m.
1338 1068 1441 1108 sama
1466 1079 1534 1112 per
1560 1081 1599 1104 se
1626 1071 1684 1104 in-

943 1109 1236 1153 terrogationem
1286 1112 1438 1148 efficere
1486 1117 1681 1160 putabant.

944 1171 985 1176 —
1009 1157 1131 1199 prae]
1176 1158 1436 1206 „Plerumque
1479 1162 1536 1205 id,
1579 1165 1681 1208 quod

941 1205 1126 1246 praestat,
1164 1205 1383 1251 designatur
1416 1210 1487 1243 hac
1520 1221 1679 1256 praepo·

941 1248 1098 1293 sitione,
1131 1254 1355 1296 praesertim
1387 1257 1570 1301 appositis
1595 1269 1679 1293 ver-

940 1294 998 1329 bis
1025 1298 1260 1343 negligendi,
1287 1303 1575 1347 contemnendi,
1610 1307 1679 1340 mi-

939 1343 1044 1377 noris
1069 1345 1270 1381 faciendi-‘⁶
1297 1348 1413 1383 HAND
1432 1351 1541 1386 Turs.
1557 1352 1623 1387 IV.
1641 1365 1677 1398 p.

938 1391 1018 1424 524.
1044 1391 1167 1426 Plaut.
1194 1394 1303 1429 Cure.
1335 1399 1365 1438 1,
1392 1399 1424 1440 2,
1450 1400 1490 1433 5:
1516 1402 1677 1434 omnium

936 1441 1164 1479 unquentum
1196 1444 1287 1476 odor
1317 1453 1410 1485 prae
1444 1448 1506 1480 luo
1538 1451 1676 1482 nautea

936 1487 997 1518 est.
1027 1505 1069 1509 —
1095 1489 1258 1532 sordent]
1286 1491 1544 1536 „displicent.“
1597 1494 1674 1530 Cfr.

934 1530 1068 1578 Virgil.
1095 1534 1175 1569 Ecl.
1194 1538 1226 1579 2,
1244 1540 1308 1572 44:
1333 1540 1480 1573 sordent
1505 1543 1572 1575 tibi
1593 1551 1674 1576 mu-

933 1587 1025 1613 nera
1050 1585 1188 1616 nostra.
1226 1574 1484 1627 „Videnturne
1510 1589 1580 1622 tibi
1607 1589 1672 1624 de-

933 1626 1128 1670 spicienda
1145 1641 1236 1674 prae
1249 1634 1372 1674 reqiae
1386 1633 1525 1669 Romae
1544 1637 1670 1680 splen-

930 1672 1021 1708 dore
1031 1675 1048 1708 ?
1060 1676 1077 1693 ⁴⁵
1091 1696 1138 1700 -
1152 1679 1334 1722 Attalicis]
1362 1705 1378 1723 „
1390 1681 1450 1714 An
1476 1682 1668 1718 domicilio

929 1720 996 1754 tibi
1032 1722 1200 1767 deligere
1233 1727 1349 1760 mavis
1383 1738 1495 1762 unam
1526 1740 1572 1763 ex
1606 1742 1669 1764 ur-

928 1767 1039 1802 bibus
1065 1772 1172 1815 regni
1198 1772 1288 1806 olim
1312 1773 1544 1818 Attalorum‚
1575 1777 1667 1813 Per·

926 1825 1086 1858 gamum,
1115 1818 1271 1861 Tralles,
1298 1819 1532 1866 Thyatiram,
1558 1824 1665 1870 Myn-

926 1861 1069 1895 dum?“
1106 1884 1147 1888 —
1181 1867 1382 1911 Lebedum]
1425 1881 1538 1904 unam
1579 1871 1664 1906 XII.

922 1907 1052 1943 Ioniae
1096 1912 1260 1946 urbium.
1320 1914 1433 1950 Teste
1477 1917 1663 1954 Strabone

925 1958 979 1989 14.
997 1968 1032 2001 p.
1052 1960 1144 1992 643:
1176 1962 1436 2002 „scenicorum
1461 1965 1660 2010 artificum,

923 2004 988 2047 qui
1022 2004 1062 2038 in
1093 2005 1202 2041 Ionia
1233 2011 1342 2044 erant
1367 2010 1413 2044 ad
1438 2011 1661 2058 Hellespon·

922 2051 1000 2084 tum
1027 2063 1168 2098 usque,
1203 2059 1412 2092 conventus
1438 2058 1491 2093 ibi
1518 2063 1598 2096 erat
1623 2065 1660 2096 et

921 2097 1172 2144 domicilium3
1210 2102 1341 2148 ibique
1374 2102 1587 2188 πανήγιὲις
1623 2112 1660 2143 et

918 2146 1180 2183 anniversaria
1213 2152 1420 2186 certamina
1451 2154 1491 2188 in
1549 2156 1656 2190 acohi

918 2193 1101 2229 honorem
1125 2197 1413 2243 agitabantur;“
1442 2211 1572 2236 verum
1598 2214 1658 2237 re-

917 2239 1022 2285 liquo
1049 2243 1139 2276 anni
1169 2246 1337 2290 tempore
1362 2258 1481 2293 prope
1505 2249 1656 2284 deserta

916 2292 1016 2331 erat,
1054 2292 1096 2323 ut
1134 2295 1281 2326 constat
1317 2304 1363 2328 ex
1399 2295 1435 2328 h.
1469 2296 1494 2329 1.
1532 2299 1571 2330 et
1608 2309 1654 2332 ex

914 2334 1104 2371 Pausania
1131 2341 1170 2380 1,
1196 2342 1237 2381 9,
1263 2341 1314 2382 7.,
1353 2352 1428 2386 quo
1460 2345 1555 2378 teste
1579 2343 1652 2379 Le-

914 2382 1050 2417 bedum
1101 2388 1138 2418 ot
1180 2384 1435 2431 Colophonem
1481 2389 1652 2436 Lysima-
1702 2431 1710 2440 ι

914 2430 1007 2464 chus
1046 2434 1232 2467 everterat
1269 2434 1492 2482 incolasque
1525 2438 1649 2484 Ephe-

912 2487 994 2511 sum
1010 2479 1420 2517 transduxerat—odio
1433 2486 1548 2518 maris
1561 2485 1648 2529 cet-J

912 2523 979 2558 Od.
999 2527 1031 2567 2,
1050 2527 1083 2568 6,
1103 2528 1141 2559 7:
1170 2528 1264 2561 lasso
1288 2531 1404 2564 maris
1430 2534 1464 2565 et
1487 2533 1645 2566 viarum.

958 2598 1095 2630 7--10,
1144 2599 1238 2640 sca,
1272 2601 1430 2634 Lebedus
1464 2603 1552 2642 quia
1583 2603 1646 2646 sit]

906 2642 1095 2678 Bullatius
1112 2644 1229 2689 igitur
1248 2649 1296 2688 et,
1323 2650 1366 2680 ut
1381 2648 1542 2690 videtur,
1568 2649 1644 2684 Ho-

906 2691 1028 2724 ratius
1047 2691 1118 2725 sub
1134 2691 1253 2726 Bruto
1271 2693 1478 2729 militantes
1504 2707 1536 2729 a.
1554 2708 1592 2730 u.
1611 2707 1642 2731 o.

907 2739 985 2770 712.
1010 2738 1062 2772 ibi
1088 2738 1249 2773 fuerant.
1266 2759 1307 2764 —
1324 2741 1461 2786 Gabiis]
1486 2743 1640 2789 Dionys.
