1774 2930
140 142 227 183 384

611 142 819 178 HORATII
843 142 1194 180 EPISTOLABUM

261 242 520 300 Tuterisque
553 248 628 285 tuo
659 243 863 287 fidentem
892 245 1134 300 praesidio3
1167 247 1242 303 qui

256 312 400 357 Dente
432 314 660 357 Theonino
692 328 789 357 cum
820 315 1165 371 circumroditur,
1198 318 1351 374 ecquid

258 384 327 426 Ad
358 388 402 428 te
432 389 531 441 post
560 386 688 442 paulo
719 389 903 428 ventura
932 387 1124 443 pericula
1154 389 1323 431 sentis?

256 454 367 497 Nam
398 459 473 498 tua
502 470 572 498 res
604 457 763 512 agitur,
795 458 938 513 paries
971 472 1067 500 cum
1097 460 1319 515 proximus
1351 460 1490 515 ardet,

257 525 316 568 Et
346 527 544 582 neglecta
575 528 715 571 solent
744 527 944 571 incendia
974 543 1143 573 sumere
1174 531 1303 573 vires.

1613 533 1670 574 85

255 596 407 639 Dulcis
438 598 676 654 inexpertis
709 599 875 641 cultura
905 601 1093 656 potentis
1124 601 1274 644 amici:

256 667 476 724 Expertus
507 670 674 712 metuit.
724 669 811 723 Tu,
845 670 946 712 dum
977 674 1051 714 tua
1081 671 1203 714 navis
1234 672 1281 714 in
1311 673 1398 715 alto
1429 678 1513 726 est,

234 800 290 831 81.
316 799 469 841 tidenter
493 799 593 834 idem
620 810 640 833 e
666 799 812 834 Barthii
840 799 995 843 Codice,
1025 803 1068 834 ut
1091 801 1257 844 videtur,
1287 812 1447 846 prorsus
1469 802 1621 846 ficticio,

186 845 310 889 qualis
337 848 394 879 est
419 846 531 880 etiam
557 846 719 881 'Valartii
747 846 992 882 Sorbonicus.
1012 867 1054 871 ——
1075 850 1132 882 87.
1157 851 1290 883 metuet
1314 848 1358 891 E,
1384 849 1501 884 Godd.
1526 850 1620 885 Tor-

186 892 300 926 rentii
327 895 364 927 et
389 896 532 938 septem
559 894 750 937 Pottierii‚
777 898 916 928 metuat
943 894 1058 930 Codd.
1084 896 1243 941 aliquot.
1294 896 1359 940 (Ut
1383 908 1466 941 nos,
1490 897 1620 941 bScd.)

138 992 290 1027 stilibus
324 993 476 1027 dicitur.
504 1013 546 1017 -
573 995 760 1038 fidentem]
802 994 880 1037 „Ut

136 1040 203 1074 ille
230 1040 298 1074 tibi
323 1041 477 1085 penitus
503 1044 726 1086 perspectus
752 1044 810 1076 est
835 1052 879 1076 ac

135 1088 332 1132 probatus,
358 1088 413 1122 sic
439 1099 570 1122 rursus
598 1099 745 1123 omnem
771 1100 878 1123 suam

136 1134 313 1169 fiduciam
338 1135 379 1168 in
397 1138 433 1170 te
451 1136 614 1180 reponit,
640 1138 678 1170 et
694 1147 763 1180 pro
781 1137 877 1170 falso

136 1182 259 1216 amico
292 1182 427 1217 merito
454 1185 490 1217 te
516 1183 688 1226 habebit,
723 1184 755 1217 si
791 1194 877 1217 eum

137 1240 212 1264 non
231 1229 460 1272 defenderis,
487 1230 554 1265 sed
578 1230 827 1265 deserueris.‘¹·

185 1302 340 1334 81—85.
377 1302 440 1342 qui
463 1303 581 1334 Deme
608 1301 701 1344 cet.]
742 1301 877 1345 „Quid‚

137 1347 240 1392 quod
259 1348 372 1382 etiam
390 1349 546 1393 propria
568 1349 712 1383 utilitas
730 1349 802 1383 hoc
820 1360 878 1383 re-

137 1395 274 1440 quirit,
308 1398 350 1429 ut
374 1396 505 1430 inania
535 1396 695 1430 crimina
719 1396 759 1429 in
786 1397 878 1430 ami-

136 1452 221 1476 oum
250 1443 422 1477 coniecta
446 1443 615 1478 refutes?
651 1443 745 1477 Nam
770 1444 877 1478 mali-

136 1501 233 1535 gnus
262 1490 493 1533 criminator,
520 1491 670 1525 iamiam
694 1490 875 1525 audacior

135 1537 259 1572 factus
285 1540 322 1571 et
345 1537 570 1582 praevidens
588 1541 625 1572 te
643 1538 811 1572 vicissim
828 1539 875 1573 ab

136 1585 269 1627 amieo,
288 1596 400 1629 quem
417 1585 632 1630 prodidisti,
650 1585 875 1620 destitutum

135 1632 197 1675 iri,
224 1643 311 1666 mox
336 1635 373 1666 te
396 1643 550 1677 quoque
569 1633 664 1667 clam
682 1633 876 1680 adorietur

136 1682 172 1713 et
189 1679 373 1714 maledico
392 1680 505 1714 dente
524 1681 687 1724 carpet.“
705 1700 748 1704 —
763 1682 875 1714 Theo-

135 1727 236 1770 nino]
270 1727 443 1770 „Theon,
477 1727 702 1770 libertinus,
736 1728 874 1762 dicaci-

134 1774 222 1807 tatis
255 1774 508 1808 amaritudine
540 1777 690 1819 praeter
727 1778 873 1809 ceteros

132 1821 186 1854 ita
202 1824 406 1865 patronum
428 1832 539 1855 suum
558 1823 805 1865 exasperavit,
832 1825 875 1855 ut

134 1867 243 1902 domo
276 1869 357 1902 eius
391 1871 692 1902 summoveretur
717 1872 756 1902 et
780 1879 873 1913 qua-

134 1916 324 1949 ternario“
354 1915 407 1958 (id
433 1918 508 1958 est,
542 1915 768 1960 quadrante)
797 1916 872 1958 „le-

133 1965 219 2008 gato
245 1962 442 1997 iuberetur
468 1966 608 1996 restem
634 1963 708 1997 sibi
726 1963 872 2007 palum-

135 2021 207 2054 que
234 2021 371 2044 emere.
416 2010 489 2044 Per
515 2011 618 2044 hunc
644 2021 733 2055 ergo
759 2010 874 2044 male-

133 2057 211 2091 dici
237 2060 275 2091 et
301 2057 534 2092 detractores
565 2057 870 2102 intelliguntur.“

135 2104 264 2138 Comi.
279 2104 401 2143 (Πῖσα.
417 2124 459 2128 -
475 2105 776 2149 circumroditur]
795 2104 872 2139 Cfr.

133 2151 210 2186 Sat.
239 2155 269 2194 1,
296 2155 329 2195 4,
356 2154 412 2186 81.
449 2152 558 2197 (Epp.
585 2154 618 2195 2,
646 2154 676 2195 1,
705 2154 772 2186 150
798 2153 871 2197 sq.)

134 2198 211 2233 Cic.
237 2210 306 2244 pro
332 2199 451 2234 Balbo
478 2201 544 2242 26,
569 2201 635 2234 57:
679 2201 783 2234 More
810 2201 873 2233 ho-

133 2248 274 2280 minum
311 2248 489 2290 invident,
528 2248 568 2280 in
604 2248 776 2280 conviviis
813 2255 873 2280 ro-

132 2295 234 2336 dunt,
259 2295 300 2327 in
325 2295 471 2328 circulis
496 2295 682 2335 vellicant,
709 2303 782 2327 non
806 2295 872 2327 illo

132 2341 301 2383 inimico,
343 2343 406 2375 sed
442 2343 508 2375 hoc
547 2342 726 2375 ‘maledico
768 2342 871 2375 dente

134 2391 302 2429 carpunt.
331 2407 374 2412 —
401 2391 468 2422 tua
499 2397 558 2421 res
592 2389 730 2431 aqitur]
769 2388 872 2431 „Lo-

135 2435 236 2469 cutio
261 2435 371 2469 fluxit
396 2446 416 2469 e
441 2434 608 2478 iudiciis,
634 2435 711 2477 ubi,
742 2446 872 2480 quam-

134 2482 199 2516 diu
225 2492 286 2516 res
313 2482 438 2527 agitur
463 2483 523 2516 vel
550 2482 598 2516 lis
624 2482 782 2526 pendet,
807 2493 872 2527 pe-

134 2530 297 2563 riculum
315 2532 383 2572 est,
410 2539 457 2563 ne
476 2530 561 2574 quis
587 2539 701 2563 causa
726 2529 869 2564 cadat.“

133 2576 342 2611 Rufinum.
394 2576 470 2611 Cic.
496 2587 566 2621 pro
602 2576 779 2615 Quinctio
815 2579 871 2620 16,

134 2626 199 2658 53:
226 2626 258 2658 si
282 2625 489 2666 dupondius
514 2626 599 2657 tuus
625 2627 810 2665 afferetur.
826 2643 869 2648 -

130 2673 255 2713 paries
294 2671 387 2714 cet.]
425 2670 682 2716 proverbium.
733 2671 870 2706 Salust.

133 2718 280 2764 Fragm.
306 2730 343 2764 p.
375 2720 456 2753 228.
507 2717 610 2753 Gerl.
643 2718 751 2752 min.:
789 2720 871 2753 Non

929 999 970 1028 cu
993 997 1081 1038 scis,
1115 998 1147 1029 si
1172 1005 1266 1037 quas
1292 999 1392 1031 aedis
1415 999 1510 1039 ionis
1534 1000 1668 1032 acriter

928 1044 1039 1085 cepit,
1088 1044 1188 1077 haud
1229 1045 1340 1086 facile
1380 1047 1464 1078 sum
1505 1047 1666 1089 detensa,

928 1091 1017 1130 quin
1043 1092 1076 1123 et
1102 1092 1365 1146 comburantur
1385 1095 1599 1134 proxuma?

975 1162 1096 1195 86-88.
1123 1160 1342 1196 Sententiae
1360 1163 1415 1196 sic
1433 1165 1666 1197 connectun-

926 1210 1008 1241 tur:
1046 1208 1212 1252 primum
1250 1211 1337 1254 post
1371 1209 1526 1244 brevem
1561 1210 1666 1244 illam

926 1254 1202 1299 digressionem
1215 1266 1273 1290 vv.
1283 1257 1405 1290 81-85.
1419 1258 1483 1298 qui
1498 1258 1616 1291 Dente
1625 1275 1641 1282 -
1650 1275 1668 1284 ·

925 1302 1019 1335 vires
1058 1302 1248 1337 sententia
1283 1303 1454 1349 generali
1488 1305 1668 1338 Dulcis--

925 1350 1053 1382 meluit
1078 1349 1177 1384 viam
1203 1350 1274 1384 sibi
1304 1351 1429 1385 munit
1452 1351 1501 1386 ad
1525 1362 1665 1386 novum

925 1399 1190 1441 praeceptum:
1239 1399 1317 1441 Tu,
1358 1400 1446 1432 dum
1486 1401 1554 1433 tua
1594 1401 1665 1434 cet.

927 1442 1048 1489 „Ergo
1074 1445 1141 1478 ubi
1168 1447 1344 1489 expertus
1362 1445 1436 1480 eris
1462 1446 1549 1480 talis
1573 1446 1666 1480 ami·

926 1491 1037 1525 citiae
1074 1491 1358 1535 difficultatem,
1399 1503 1547 1538 semper
1586 1504 1663 1528 me-

925 1542 1022 1581 tues,
1047 1549 1096 1573 ne
1121 1539 1182 1574 vel
1205 1542 1364 1584 propter
1389 1539 1492 1574 leves
1517 1550 1664 1583 causas,

925 1588 1068 1620 mutato
1107 1586 1314 1631 aliquando
1351 1587 1510 1622 fautoris
1547 1587 1588 1621 in
1626 1590 1665 1622 te

925 1633 1072 1676 animo,
1097 1633 1348 1669 discindatur.
1396 1634 1548 1680 Itaque,
1573 1634 1662 1668 dum

925 1680 1024 1715 bono
1053 1691 1139 1714 cum
1173 1691 1354 1716 successu
1379 1692 1424 1716 ea
1447 1681 1587 1723 uteris,
1620 1681 1661 1714 iu

924 1738 968 1761 eo
996 1730 1150 1762 strenue
1176 1728 1348 1771 elabora,
1374 1739 1422 1762 ne
1449 1727 1574 1762 subito
1601 1738 1660 1762 re-

922 1775 980 1819 gis
998 1775 1054 1807 tui
1071 1774 1194 1819 gratia
1210 1774 1373 1809 excidas.
1406 1774 1662 1810 Aeeommoda

922 1821 1040 1865 igitur
1058 1822 1225 1855 animum
1242 1821 1477 1867 affectusque
1503 1825 1588 1856 tuos
1613 1822 1660 1858 ad

922 1867 1027 1902 illius
1053 1868 1209 1902 affectus
1234 1879 1278 1903 ac
1303 1868 1449 1912 studia3
1482 1879 1569 1903 nam
1593 1880 1660 1914 po-

921 1917 1046 1949 tentes
1071 1915 1144 1950 hoc
1175 1915 1281 1950 velut
1312 1926 1382 1950 suo
1414 1916 1500 1951 iure
1532 1918 1661 1961 postu-

922 1962 1014 2005 lant,
1041 1965 1083 1996 ut
1108 1962 1268 1998 clientes
1293 1963 1426 1998 eadem
1451 1965 1661 2008 sequantur
1725 1976 1737 1986 ν

922 2009 1130 2054 eodemque
1162 2010 1275 2044 modo
1309 2010 1466 2045 animati
1499 2010 1577 2045 sint
1607 2013 1664 2046 at-

922 2067 998 2101 que
1029 2057 1116 2101 ipsi.
1165 2056 1299 2102 Itaque
1323 2059 1438 2092 Deme
1461 2058 1659 2100 supercilio

921 2104 1088 2138 nubem.“
1127 2124 1171 2128 —
1209 2106 1338 2138 Dulcis
1372 2104 1459 2148 cet.]
1501 2105 1660 2150 Compa-

922 2154 1009 2185 rant
1039 2151 1199 2186 Pindari
1232 2151 1416 2198 Fragmm.
1440 2163 1478 2197 p.
1509 2154 1590 2187 216.
1617 2152 1660 2186 Β.

921 2199 1032 2233 min.:
1057 2196 1180 2231 Γλυκὺ
1205 2197 1238 2231 δ’
1262 2198 1457 2247 ἀπείροισι
1478 2196 1663 2243 πόλεμος·

921 2247 1210 2293 πεπειραμένων
1232 2245 1274 2280 δέ
1298 2257 1356 2289 τις
1373 2245 1519 2294 Ταρβεῖ
1539 2256 1662 2294 προσ-

920 2289 1033 2327 ιόντα.
1080 2305 1141 2327 νιν
1187 2291 1328 2341 καρδίᾳ
1378 2293 1580 2341 περισσῶς.
1614 2313 1658 2318 -

921 2340 1084 2383 cultura]
1104 2340 1307 2384 „studium,
1329 2341 1432 2386 quod
1449 2341 1491 2375 in
1508 2342 1659 2375 colendo

920 2388 1133 2432 potentiore
1170 2388 1291 2422 amico
1327 2388 1503 2433 ponitur,
1545 2398 1658 2433 quem

920 2445 1065 2469 summo
1108 2435 1290 2479 obsequio
1332 2445 1376 2470 ac
1412 2434 1658 2471 veneratione

919 2493 1196 2526 prosequamur
1207 2492 1364 2517 necesse
1374 2484 1432 2517 est
1440 2482 1472 2526 ;“
1488 2492 1565 2527 qua
1573 2483 1657 2526 qui-

920 2529 1004 2563 dem
1031 2529 1308 2574 significatione
1333 2540 1366 2564 v.
1393 2531 1541 2563 cultura
1557 2527 1658 2562 vide·

920 2580 982 2611 tur
1006 2570 1112 2619 ἅπαξ
1128 2573 1349 2621 λεγόμενον,
1373 2576 1450 2611 nisi
1467 2575 1570 2620 quod
1584 2574 1657 2610 La-

921 2623 1085 2659 ctantius
1119 2626 1161 2667 5,
1196 2625 1228 2658 7.
1262 2625 1322 2657 dei
1355 2624 1456 2657 πηίου·
1485 2623 1590 2664 piam
1623 2625 1657 2656 el

919 2672 1131 2712 relioiosam
1163 2671 1349 2704 culturam
1380 2669 1488 2704 dixit.
1514 2688 1558 2694 —
1591 2672 1657 2703 cua

919 2719 1023 2752 navis
1039 2719 1080 2751 in
1097 2719 1172 2751 allo
1191 2717 1256 2760 est]
1281 2717 1384 2752 Alibi
1408 2727 1500 2752 sane
1525 2716 1655 2751 eadem
