1786 2912
669 141 792 195 rm.
814 140 846 175 1.
893 140 997 175 su.
1020 139 1068 176 v.

1578 141 1633 182 6⁷

234 245 382 288 Paene
409 258 575 287 macros
604 243 709 286 arsit
739 242 841 285 dum
870 241 1017 285 turdos
1047 245 1193 284 versat
1222 241 1267 283 in
1298 242 1413 297 igni;

234 315 348 358 Nam
376 318 487 371 rega
514 329 592 371 per
620 318 812 356 veterem
840 312 1007 369 dilapso
1036 313 1209 355 flamma
1238 312 1423 355 culinam

236 386 428 429 Volcano
457 399 671 428 summum
701 384 958 440 properabat
988 383 1179 426 lambere
1208 387 1383 426 tectum.

238 456 458 499 Convivas
488 456 636 498 avidos
668 469 818 498 cenam
847 468 1090 510 servosque»
1105 454 1307 497 timentes

1581 453 1636 494 75

244 527 358 569 Tum
388 541 541 583 rapere
574 530 702 582 atque
732 539 879 568 omnes
910 524 1176 580 restinguere
1205 524 1317 567 velle
1346 523 1528 567 videres.

238 597 393 654 Incipit
423 612 480 640 ex
510 597 583 638 illo
615 602 781 639 montes
811 595 971 652 Apulia
999 599 1123 637 notos

240 667 469 711 Ostentare
499 667 626 720 mihi,
658 681 765 723 quos
795 669 927 708 torret
956 665 1168 707 Atabulus
1201 670 1244 707 et
1274 679 1381 721 quos

1461 623 1650 669 εηόἱ,

1475 670 1708 726 &matt

961 715 1127 733 N-——o-

238 739 467 795 Nunquam
498 751 764 794 erepsemua,
796 737 879 778 nisi
910 749 989 778 nos
1018 736 1160 778 vicina
1191 735 1350 778 Trivici

240 809 358 852 Villa
384 809 638 865 recepisset,
668 807 892 849 lacrimoso
922 820 1009 848 non
1041 807 1135 849 sine
1165 806 1301 860 fumo,

1580 806 1638 848 80

238 879 357 922 Udos
387 893 483 921 cum
512 879 625 920 foliis
657 892 797 920 ramos
827 881 979 919 urente
1010 877 1189 919 camino.

237 949 325 992 Hic
354 964 435 1005 ego
466 949 714 992 mendacem
747 948 1025 990 stultissimus
1056 962 1193 1004 usque
1223 949 1411 1004 puellam

238 1019 310 1062 Ad
338 1020 523 1063 mediam
553 1023 722 1063 noctem
755 1023 981 1075 exspecto:
1014 1033 1187 1061 somnus
1219 1024 1364 1062 tamen
1395 1018 1535 1062 aufert

118 1157 249 1189 atrae:
298 1157 438 1197 Hospes
471 1164 591 1205 paene
615 1156 727 1197 areil,
770 1156 857 1188 dum

120 1205 248 1236 versat
268 1204 395 1236 turdos
408 1211 553 1236 macros
568 1202 608 1235 ἰὴ
622 1203 712 1243 ἰωή.
740 1201 856 1243 „Cum

122 1251 279 1294 propter
302 1250 422 1295 ipsam
438 1249 594 1283 nimiam
618 1249 857 1283 sedulitatem

121 1295 249 1330 minus
286 1299 420 1330 cantus
462 1299 562 1330 esset
597 1306 717 1340 caupo
761 1296 857 1338 (hoc

124 1343 227 1376 enim
251 1343 439 1388 signifieat
461 1354 495 1376 v,
520 1345 663 1385 hospes,
697 1345 739 1376 ut
763 1353 796 1375 v.
823 1344 856 1376 2.

126 1391 322 1431 botulfum
369 1393 427 1423 est
473 1391 689 1434 caupona),
737 1399 858 1433 paene

122 1435 283 1470 flammis
301 1438 498 1480 correptus
517 1439 586 1478 est,
611 1436 700 1470 dum
725 1435 858 1469 turdos

124 1484 165 1516 et
193 1493 259 1517 eos
291 1483 464 1528 quidem,
500 1483 541 1516 id
574 1483 676 1527 quod
709 1483 858 1516 rideba-

124 1539 231 1572 nus,
275 1539 423 1564 macros
462 1530 617 1564 veribus
659 1529 857 1564 transfixos

122 1576 259 1610 asad!
307 1576 384 1610 Alii
413 1577 522 1619 (coll.
557 1577 652 1611 Aen.
690 1579 732 1619 2,
769 1579 856 1610 311:

122 1623 202 1656 (aa
251 1625 445 1666 promimus
499 1625 605 1657 ardel
664 1625 856 1665 Ucaleaon.

122 1669 253 1704 Inven.
285 1673 327 1712 3,
359 1671 447 1704 201:
492 1671 652 1712 *Ultimus
688 1672 856 1713 ardebit.)

112 1706 284 1761 ffiospitis
307 1717 459 1751 domum
479 1728 558 1752 non
583 1719 706 1762 ipsum
731 1718 858 1762 hospi—

124 1765 200 1797 tem
230 1774 352 1809 paene
376 1765 515 1798 arsisse
547 1767 683 1809 putant
714 1765 858 1810 signifi-

122 1811 216 1844 cari.
263 1810 406 1845 Verum
446 1811 582 1845 durius
622 1812 775 1845 videtur
817 1812 857 1845 in

125 1868 203 1891 uno
227 1857 434 1903 eodemque
459 1869 571 1893 versu
601 1860 770 1892 sedulam
794 1861 856 1892 ho-

122 1906 253 1946 spelm
276 1907 314 1939 et
338 1905 384 1939 de
409 1906 494 1950 ipso
512 1916 682 1950 caupone
710 1906 856 1948 (turdos

125 1951 316 1994 versante)
342 1955 381 1986 et
404 1953 452 1986 de
477 1963 648 1997 caupona
672 1953 857 1998 accipere.

126 2015 172 2022 -—
196 1999 460 2042 dnn-versat]
495 1999 555 2033 Ad
590 2003 729 2034 constr.
762 2004 857 2044 part.

124 2045 214 2078 dun
237 2055 323 2079 cnm
352 2047 545 2090 praesenti
576 2047 645 2080 cfr.
669 2047 859 2081 Heindor—

78 2089 218 2124 ‘flam
241 2092 288 2126 ad
311 2093 349 2126 h.
375 2093 399 2126 l.
423 2093 504 2126 Liv.
530 2095 595 2135 38,
622 2096 661 2127 1:
699 2096 796 2127 Dum
819 2096 860 2127 in

128 2137 218 2171 Asia
242 2139 378 2171 bellum
402 2141 559 2181 qen’lur,
592 2149 637 2172 ne
660 2142 701 2173 θη
723 2142 859 2174 Aetolis

128 2185 276 2225 quiam
290 2187 434 2226 quietae
454 2195 514 2219 res
537 2188 696 2227 fueram.
714 2206 759 2211 —
779 2189 860 2220 Vol-

128 2231 236 2274 cano]
261 2231 422 2271 Quintil.
447 2234 481 2275 8,
506 2235 540 2274 6,
564 2234 628 2266 24:
664 2235 861 2267 Volcanum

123 2285 196 2319 pro
226 2279 312 2319 iane
342 2280 447 2321 volqo
480 2281 661 2313 audimus.
694 2300 737 2304 -—
771 2282 862 2314 Tam

127 2333 262 2366 rapere
297 2325 383 2368 cet.]
420 2325 542 2360 Scena
581 2326 725 2361 iocosa:
775 2338 861 2361 nam

126 2372 291 2415 primum
316 2372 416 2406 avidi
441 2373 620 2408 convivae
646 2385 690 2408 ex
714 2375 862 2409 flamma

128 2418 326 2462 rapiebant
362 2430 512 2462 cenam,
545 2421 711 2466 itemque
750 2423 860 2464 servi,

128 2465 216 2510 qui,
252 2466 285 2500 si
314 2469 391 2501 tota
416 2477 510 2501 cena
534 2467 623 2512 igne
647 2469 862 2503 absumere-

54 2546 57 2547 .
128 2514 206 2554 tur,
230 2513 432 2555 timebant,
456 2525 505 2548 ne
531 2515 578 2548 ab
603 2516 704 2549 heris
729 2516 861 2550 verbe-

127 2562 324 2602 rarentur3
364 2571 441 2605 quo
480 2561 579 2595 facto
621 2572 789 2606 cenaqne
819 2564 860 2596 in

130 2607 212 2639 tuto
244 2607 371 2650 posita
394 2618 522 2642 omnes
547 2612 586 2642 et
613 2609 751 2654 hospes
775 2621 861 2644 cum

130 2652 212 2686 suis
236 2656 274 2686 et
298 2655 476 2688 convivae
509 2656 719 2700 horumque
750 2658 860 2701 pueri

130 2698 255 2743 ignem
293 2701 530 2746 restinguere
567 2707 785 2747 coeperunt.
817 2724 859 2728 —

904 1155 1069 1198 videres]
1113 1154 1263 1195 „videre
1297 1154 1454 1196 licebat,
1494 1155 1526 1188 si
1560 1154 1640 1200 pla·-

906 1202 1081 1235 auisset!

952 1250 1072 1282 'Vl-83.
1097 1249 1213 1291 noles]
1231 1249 1371 1293 quippe
1389 1249 1546 1293 patrios,
1571 1249 1640 1282 im-

904 1295 1038 1340 primis
1062 1295 1260 1329 vulturem
1285 1306 1402 1340 prope
1420 1294 1639 1329 Venusiam.

907 1362 950 1366 -—
969 1343 1161 1386 Atabulus]
1186 1342 1330 1376 Seneca
1347 1343 1390 1382 Q.
1405 1340 1490 1376 Nat.
1515 1345 1549 1383 5,
1576 1345 1639 1377 17:

905 1391 1085 1422 Atabulus
1116 1391 1289 1431 Apuliam
1325 1391 1495 1431 infeslal,
1534 1391 1641 1423 Cala·

907 1438 1024 1469 briam
1049 1438 1180 1478 lapus.
1230 1436 1307 1470 Cfr.
1323 1436 1423 1470 Plin.
1448 1436 1496 1470 H.
1512 1436 1558 1470 N.
1585 1439 1640 1479 17,

907 1482 1081 1517 §uz-*Est
1112 1487 1246 1517 ventus
1270 1495 1318 1517 ex
1342 1483 1499 1518 Oriente
1531 1484 1641 1526 flans,

907 1541 1019 1575 quem
1051 1530 1167 1575 Apuli
1200 1530 1313 1564 hodie
1337 1532 1461 1564 Altino
1493 1534 1640 1565 vocant.

906 1596 951 1601 -
970 1577 1188 1620 crememus]
1204 1578 1325 1612 forma
1343 1578 1530 1612 sermonis
1547 1590 1641 1623 quo·

905 1624 1042 1658 tidiani
1075 1636 1146 1669 pro
1180 1626 1452 1667 erepsissemas,
1483 1628 1527 1658 ut
1558 1635 1641 1658 sur-

904 1680 994 1705 rexe
1018 1671 1095 1705 Sat.
1123 1675 1161 1714 1,
1195 1675 1236 1714 9,
1271 1674 1347 1713 73.,
1384 1673 1514 1705 divisse
1538 1674 1582 1715 2,
1607 1675 1640 1715 3,

907 1721 1007 1759 169„
1033 1721 1146 1752 euasti
1170 1721 1212 1761 2,
1238 1721 1279 1761 7,
1304 1722 1382 1762 68.,
1411 1721 1510 1753 vizel
1535 1720 1640 1766 Virg.

905 1765 999 1799 Aen.
1028 1769 1091 1806 11,
1119 1769 1198 1800 118.
1246 1768 1408 1808 erepere
1432 1770 1559 1801 autem
1582 1779 1640 1812 pr.

908 1814 1131 1846 erklimmen.
1181 1813 1640 1859 cfr.Salust.1ug.60:

904 1861 1014 1893 scalis
1055 1862 1190 1902 cyr-essi
1230 1862 1373 1895 milites.
1409 1881 1451 1885 —
1491 1862 1641 1905 Tru-id]

908 1907 1059 1951 „oppidi
1092 1908 1134 1940 in
1172 1907 1246 1942 fine
1281 1908 1525 1953 Campaniae,
1563 1921 1640 1953 quo

905 1955 1083 1988 vehicula
1094 1954 1223 1989 iuncta
1232 1956 1412 1989 accedere
1426 1960 1641 2001 nequeunt3

906 2011 995 2046 ergo
1012 2001 1194 2036 Horatius
1218 2002 1266 2036 ad
1291 2003 1418 2036 villam
1444 2003 1640 2037 devertit!

906 2048 1057 2082 ACROK.
1103 2049 1148 2082 In
1174 2060 1287 2094 prosa
1311 2051 1500 2084 oratione:
1542 2051 1640 2091 „nisi

907 2095 948 2128 in
967 2095 1166 2129 Trivieano
1180 2098 1546 2140 pernoctassemus.“
1574 2097 1643 2132 Oe-

908 2145 1030 2175 terum
1045 2143 1236 2176 Trivicum
1261 2154 1450 2188 nusquam
1474 2148 1642 2188 praeter-

909 2199 1022 2232 quam
1048 2190 1085 2223 h.
1111 2190 1135 2222 l.
1161 2194 1408 2233 memoratur3
1434 2202 1482 2224 ex
1504 2191 1640 2226 Roma-

908 2236 1014 2268 nellii
1041 2236 1220 2280 opinione
1245 2240 1304 2271 est
1327 2228 1434 2272 locus
1459 2249 1563 2272 nunc
1586 2240 1642 2272 &⁴-

907 2284 983 2315 vila
1020 2283 1230 2327 appellatus
1265 2287 1303 2318 et
1338 2296 1457 2330 prope
1492 2286 1643 2320 hodier-

908 2340 999 2362 num
1025 2332 1166 2365 Tre'm'co
1192 2331 1299 2365 situs.
1324 2350 1372 2356 --
1398 2333 1618 2366 lacrimoso-

908 2376 1024 2419 sumo]
1041 2378 1108 2421 qui
1125 2387 1210 2411 cum
1223 2382 1379 2423 propter
1396 2383 1546 2413 ventum
1565 2391 1641 2414 non

909 2426 1013 2457 recta
1042 2434 1111 2468 per
1141 2425 1343 2459 fumarium
1368 2427 1471 2460 exire
1505 2431 1643 2471 posset,

909 2470 1094 2515 imprimis
1103 2471 1260 2506 Horatio
1274 2473 1449 2517 lippienti
1459 2475 1643 2508 molestus

910 2520 1001 2551 erat.
1035 2517 1139 2552 Idem
1162 2519 1258 2552 fumi
1283 2521 1475 2564 epitheton
1500 2522 1644 2565 placuit

910 2563 1043 2598 Ovidio
1058 2564 1205 2599 Metam.
1234 2568 1295 2608 10,
1321 2570 1354 2600 6.
1373 2587 1416 2591 —-
1434 2569 1644 2601 mendacem

942 2613 1139 2652 -puellam
1171 2615 1229 2646 Aa
1252 2623 1299 2647 m.
1317 2623 1352 2647 n.
1371 2614 1550 2657 exspecto]
1580 2614 1643 2648 Sic

907 2658 1154 2713 Asclepiades
1170 2661 1324 2694 Anthol.
1342 2661 1420 2694 Pal.
1447 2661 1475 2693 ῐ.
1493 2673 1528 2705 p.
1556 2663 1644 2695 125:

907 2702 1066 2748 Ὡαολό
1055 2708 1142 2750 2'77‘5'
1182 2703 1289 2750 ἥξειν
1330 2709 1382 2749 εἰς
1421 2705 1539 2741 νύκτα
1575 2720 1646 2751 μοι
