1774 2930
682 159 776 195 ΔΒΒ
799 157 1023 194 Pom'ch.

1523 155 1610 197 50⁷

216 263 420 310 Rusticus
447 262 615 305 urbano
645 259 861 313 confusus,
890 257 1029 314 turpis
1058 256 1240 299 honesto
1255 255 1277 297 Ρ

218 334 291 377 Sic
318 334 488 391 priscae
518 336 767 387 motumque
797 333 842 373 et
869 328 1083 371 luxuriem
1113 326 1276 370 addidit
1305 326 1386 368 arti

219 405 399 448 Tibicen
428 403 647 459 traxitque
675 415 812 457 vagus
840 413 920 456 per
948 399 1116 455 pulpita
1143 401 1330 450 vestem,

1524 396 1613 437 215

217 475 292 518 Sic
321 475 449 518 etiam
480 473 636 516 fidibus
667 486 794 515 voces
825 483 998 513 crevere
1028 469 1207 522 severis,

215 545 277 589 Et
304 546 404 588 tulit
433 545 650 600 eloquium
680 542 898 584 insolitum
927 539 1127 582 facundia
1154 552 1376 595 praeceps,

216 617 482 672 Utiliumque
514 629 647 670 sagax
676 626 819 656 rerum
850 615 893 654 et
923 611 1068 652 divina
1097 610 1230 651 futuri

217 687 440 742 Sortilegis
472 700 557 727 non
588 684 822 740 discrepuit
852 682 1064 724 sententia
1094 679 1291 736 Delphis.

100 843 160 874 ret
194 839 348 874 indocta
383 836 653 881 (ἀπαίδευτος)
693 836 761 869 illa
797 839 834 869 et

99 887 286 931 permixta
330 897 377 920 ex
420 885 592 920 omnibus
640 883 833 918 hominum

101 934 304 978 generibus
351 932 566 967 multitudo.
571 932 588 950 “
646 930 722 964 ctr.
765 929 833 963 Od.

102 982 144 1023 3,
170 982 233 1022 17,
259 983 327 1015 181
375 979 647 1060 θυιι21απι1ιιὲε
683 985 834 1019 operum

100 1028 239 1062 solutis.
289 1026 364 1062 Sat.
396 1027 492 1068 2,2
502 1051 512 1068 ,
544 1027 634 1059 119:
682 1033 833 1066 operum

100 1082 228 1110 mo.
286 1074 382 1118 Epp.
406 1076 512 1116 2,.1,
540 1074 629 1106 140:
672 1072 832 1104 levantes

100 1121 262 1162 conpore
309 1122 399 1162 testo
447 1122 585 1161 corpus
633 1122 666 1151 et
714 1120 833 1159 ipsum

100 1169 273 1201 mum.
322 1166 368 1201 V.
395 1168 486 1200 liber
519 1176 603 1200 cum
634 1165 749 1210 genit.
775 1168 833 1199 est

101 1214 333 1248 constructio
380 1214 459 1248 fere
506 1213 667 1258 poetica.
727 1211 832 1257 Virg.

100 1259 196 1295 Aen.
222 1263 285 1303 10,
311 1263 401 1294 154:
434 1262 550 1294 libera
573 1262 661 1301 sati,
685 1259 751 1293 alii
774 1260 833 1300 sa-

102 1308 166 1350 lis,
206 1307 273 1341 sed
312 1307 407 1341 illud
447 1307 571 1340 firmat
605 1306 834 1349 Arusianus3

102 1353 280 1389 Lucanus
304 1356 340 1396 6,
361 1355 452 1388 301:
480 1355 594 1387 libera
619 1355 737 1394 legum
763 1354 835 1386 Ro-

101 1409 182 1444 ma3
207 1400 325 1435 Silius
344 1403 379 1444 5,
395 1403 482 1435 212:
510 1404 631 1442 erepto
653 1401 837 1433 metuendi

101 1409 220 1482 lice'm
243 1449 347 1482 caelo
377 1446 608 1491 (iuventus).
635 1466 678 1471 —
705 1447 835 1490 turpis]

103 1494 278 1551 „infimae
302 1495 414 1529 sortis
441 1495 645 1529 hominess

149 1543 230 1576 214.
256 1544 335 1576 215.
360 1542 511 1584 molum]
536 1543 700 1584 κίνησιν,
724 1542 834 1575 Leb-

101 1589 407 1630 hasliakeil.
476 1588 671 1634 Significat
717 1588 834 1633 igitur

102 1645 282 1670 numeros
317 1636 523 1681 modosque
561 1635 760 1669 celeriores
798 1637 836 1668 et

102 1682 339 1717 saltationem
388 1683 447 1717 his
498 1682 834 1717 accommodatam:

103 1739 150 1764 ex
179 1733 286 1773 parte
318 1730 431 1764 etiam
463 1730 510 1764 de
541 1730 742 1764 tibicinum
772 1740 835 1774 ge-

102 1776 340 1811 sticulatione
376 1777 636 1822 accipiendum
671 1777 835 1815 videtur,

102 1827 147 1858 ut
185 1823 365 1869 colligere
404 1825 494 1858 licet
533 1835 579 1858 ex
618 1823 834 1857 Aristotelis

101 1870 185 1905 loco
221 1881 307 1905 mox
339 1871 539 1906 afferendo.
566 1890 609 1894 —
637 1870 833 1912 luxuriem]

102 1916 202 1950 Plin.
227 1917 274 1950 H.
296 1917 342 1951 N.
367 1921 431 1959 16,
457 1920 519 1960 36,
544 1920 614 1952 66:
642 1920 835 1959 postquam

103 1964 261 1996 varietas
293 1967 438 1997 accessa
472 1968 505 1997 et
535 1968 662 1997 cantus
694 1973 835 2005 quoque

109 2009 330 2043 luxuria
362 2014 432 2044 cet.
481 2010 582 2044 Haec
616 2021 705 2044 sane
738 2011 837 2044 refe-

68 2080 71 2083 ·
106 2058 244 2089 runtur
269 2057 379 2090 etiam
404 2057 451 2090 ad
474 2056 729 2091 Romanorum
754 2068 835 2089 mu-

107 2102 221 2136 sicam
246 2104 443 2138 scenicam.
470 2103 546 2136 Cfr.
565 2103 642 2137 Cic.
660 2103 705 2136 de
721 2103 835 2147 Legg.

107 2150 149 2191 2,
176 2151 238 2192 15,
261 2152 329 2184 39:
366 2151 443 2183 Illa
468 2151 612 2191 quidem
645 2150 837 2192 (theatra),

107 2204 202 2237 quae
240 2197 402 2230 solebant
442 2199 626 2237 quondam
666 2198 838 2238 compleri

105 2244 296 2277 severitate
318 2245 478 2277 iucunda
498 2245 658 2277 Liuianis
683 2246 716 2277 et
740 2246 838 2278 Nae-

106 2291 225 2323 vianis
258 2292 391 2333 modis,
428 2299 524 2324 nunc
554 2294 595 2324 ut
628 2292 753 2324 eadem
777 2300 838 2324 ex-

106 2338 265 2380 uuam,
298 2341 338 2370 ul
369 2339 524 2371 cervices
549 2339 742 2378 oculosque
772 2347 839 2379 pa-

107 2385 199 2417 ruer
246 2393 327 2418 oum
376 2386 566 2418 modorum
625 2386 838 2426 flexionibus

109 2432 300 2471 torquent!
326 2451 368 2455 —
393 2432 531 2474 vacus]
576 2432 714 2472 „modo
751 2431 839 2466 dex-

109 2480 288 2520 trorsum,
312 2479 422 2513 modo
446 2479 733 2521 sinistrorsum,
752 2479 838 2512 cho-

108 2535 192 2559 rum
216 2526 481 2569 praecedens.“
500 2545 543 2549 —
563 2525 710 2568 vestem]
737 2536 838 2571 „syr-

107 2582 169 2606 ma
206 2573 425 2617 tragicum.“
484 2572 557 2606 cfr.
594 2572 689 2617 Epp.
727 2574 767 2613 2,
807 2575 838 2615 1,

109 2620 190 2653 207.
238 2619 301 2654 Sic
332 2619 524 2654 Lucienus
556 2619 660 2664 Nigr.
689 2623 743 2653 11.
776 2620 839 2653 de-

109 2665 209 2700 ridet
246 2667 469 2709 histriones,
515 2670 640 2701 cetera
679 2668 839 2711 ineptos,

111 2713 292 2759 χρυσίδας
314 2712 615 2757 ἠμφιεσμένους.

929 835 997 868 216
1012 852 1055 857 —
1070 835 1150 867 219.
1187 831 1332 875 nawa]
1362 833 1459 874 ,διὀ,
1483 830 1615 865 eadem

881 881 1121 921 necessitate,
1163 881 1293 921 fidibus
1332 879 1439 924 prius
1478 879 1616 911 severis
1676 895 1688 910 ι

881 931 919 962 et
954 926 1180 962 habentibus
1204 937 1355 972 gravem
1381 936 1515 960 sonum
1540 933 1617 958 cre·

879 984 965 1009 vere
979 983 1083 1007 voces
1098 975 1253 1018 propter
1270 974 1501 1018 gravitatem,
1525 973 1619 1017 quia

881 1021 1121 1056 semitonium
1147 1024 1206 1055 est
1229 1021 1434 1062 inventum,
1458 1023 1503 1053 ut
1525 1030 1615 1053 acu-

881 1073 940 1103 tae
970 1079 1082 1103 voces
1115 1068 1293 1113 gravibus
1325 1067 1614 1102 consonarent!

882 1115 1025 1150 Scn01..
1074 1115 1224 1149 Codicis
1265 1115 1411 1149 Monac.
1459 1114 1616 1148 Aristot-

879 1163 1005 1197 Probl.
1033 1164 1087 1202 19,
1113 1165 1180 1195 49:
1214 1159 1238 1205 ἦ
1264 1159 1493 1214 ὖποὸωριστὶ
1518 1155 1618 1204 ἦθος

880 1206 959 1250 ἔχει
994 1209 1278 1255 μεγαὶοπρεπὲς
1313 1211 1378 1242 καὶ
1415 1219 1618 1251 στασιμον,

881 1256 941 1290 διὸ
973 1258 1038 1289 καὶ
1070 1253 1410 1312 κιθαρῳδικωτσίτη
1434 1256 1517 1290 εστὶ
1542 1255 1617 1289 τῶν

880 1301 1087 1350 ἆραονιῶν·
1114 1304 1231 1337 ταῦτα
1254 1303 1286 1335 ὸ’
1308 1298 1430 1347 ἄιιφω
1454 1300 1495 1346 (ἦ
1521 1299 1619 1336 ὑπο-

882 1351 1051 1405 δωριστὶ
1059 1353 1125 1384 καὶ
1150 1348 1175 1394 ἦ
1202 1348 1491 1405 ὑποφρυγιστὶ)
1513 1350 1617 1397 χορῷ

886 1398 952 1431 αὲν
976 1394 1215 1455 ᾄνάομοστα,
1248 1402 1330 1440 τοῖς
1352 1398 1392 1431 δὲ
1417 1395 1495 1430 απὸ
1520 1408 1619 1440 σκη-

883 1445 952 1489 νῆς
1000 1442 1213 1492 οἰκειότερα
1259 1445 1338 1478 κτλ.
1380 1464 1426 1470 —
1464 1446 1618 1487 sever-is,

884 1503 963 1526 voc.
987 1493 1211 1537 plerumque
1238 1493 1285 1526 de
1307 1493 1483 1546 personis
1507 1503 1621 1533 usus·-

881 1543 1028 1584 parum,
1061 1540 1122 1574 hic
1155 1540 1202 1573 de
1226 1542 1307 1574 arte
1332 1540 1490 1573 musica.
1540 1538 1617 1573 Cfr.

882 1598 915 1620 v.
941 1589 1020 1620 107.
1046 1586 1114 1621 Od.
1141 1589 1174 1629 2,
1202 1589 1232 1627 1,
1257 1590 1298 1621 9:
1330 1595 1479 1620 severae
1504 1588 1618 1621 Musa

882 1635 1103 1675 traqoediae.
1119 1653 1161 1657 —
1176 1635 1260 1667 tulit
1285 1633 1482 1676 eloquium]
1509 1633 1616 1674 „Quo

882 1682 1133 1715 aemularetur
1173 1681 1355 1715 musicam
1397 1681 1619 1715 concitatio-

882 1739 982 1769 rem,
1012 1729 1138 1772 poesis
1169 1729 1321 1762 chol-ica
1352 1729 1436 1772 ipsa
1465 1738 1620 1772 quoque

883 1776 1104 1809 concitatior
1139 1776 1239 1809 facta
1272 1778 1330 1809 est
1366 1778 1403 1809 et
1439 1776 1542 1816 tulit,
1578 1774 1620 1809 id

883 1825 957 1865 est,
983 1823 1123 1856 creavit
1148 1822 1220 1856 sibi
1246 1822 1344 1864 (Sat.
1362 1824 1395 1864 2,
1412 1824 1446 1865 2,
1463 1822 1536 1864 93.)
1561 1825 1619 1855 at-

883 1880 958 1914 que
982 1871 1183 1913 assumpsit
1213 1870 1464 1904 elocutionem
1492 1879 1515 1902 a
1539 1869 1621 1902 vol-

882 1916 963 1961 gari
990 1917 1264 1950 consuetudine
1290 1917 1402 1961 longe
1424 1919 1618 1958 remotam,

882 1963 983 1997 unde
1016 1963 1206 1997 difficilior
1240 1974 1387 2008 semper
1420 1964 1617 1997 intellectu

884 2012 921 2043 et
957 2011 1195 2044 oraculorum
1238 2011 1373 2044 similis
1413 2011 1512 2044 facta
1548 2014 1619 2051 est,

883 2058 1018 2099 partim
1051 2057 1198 2090 nobiles
1231 2068 1439 2101 gravesque
1463 2054 1622 2100 γνώμας

883 2103 1092 2146 proferens,
1116 2103 1264 2146 partim,
1290 2104 1400 2148 quasi
1424 2105 1506 2148 ipse
1532 2105 1622 2138 cho·

885 2160 950 2182 rus
983 2150 1102 2183 futuri
1135 2161 1275 2195 gnarus
1314 2153 1431 2193 esset,
1470 2152 1620 2186 occulte

886 2196 1102 2241 significans
1117 2222 1126 2239 ‚
1182 2208 1294 2241 quem
1341 2198 1470 2231 fabula
1518 2201 1623 2232 essct

886 2244 1024 2276 exitum
1047 2244 1240 2286 habitura,
1274 2244 1337 2278 cui
1370 2255 1619 2288 personarum

886 2300 1005 2332 mors,
1042 2291 1104 2324 cui
1136 2292 1291 2325 victoria
1323 2292 1399 2326 fato
1432 2292 1621 2327 destinata

886 2339 1018 2371 esset!
1046 2357 1089 2361 —
1114 2339 1291 2379 facundia
1322 2340 1518 2383 praeceps]
1556 2340 1620 2374 Sic

887 2384 997 2418 etiam
1046 2384 1192 2419 Graeci.
1256 2386 1365 2419 Phot.
1406 2386 1495 2420 Cod.
1545 2383 1619 2421 81:

887 2433 1023 2476 τροπαὶ
1046 2429 1259 2475 ἀπότομοι,

886 2480 981 2512 res.“

1294 2434 1420 2477 „tropi
1443 2433 1622 2467 audacio-

1024 2479 1100 2513 Cic.
1125 2490 1195 2523 pro
1221 2479 1321 2514 Cael.
1342 2483 1395 2522 15,
1413 2483 1477 2515 35:
1502 2484 1625 2514 mente

885 2527 1004 2559 nescio
1028 2535 1104 2567 qua
1128 2529 1306 2566 effrenata
1336 2530 1445 2568 alque
1475 2529 1622 2568 praeci»

883 2573 963 2613 pici.
1013 2573 1171 2613 Quintil.
1199 2575 1261 2615 12,
1289 2577 1351 2615 10,
1376 2577 1444 2607 ’ῖ3;
1477 2575 1623 2607 dicendi

887 2628 1009 2662 aeuus,
1035 2622 1401 2662 quom-praecipitia
1421 2630 1490 2662 pro
1506 2622 1622 2654 sabli-

885 2667 1003 2700 mibus
1029 2669 1146 2700 habet.
1173 2686 1216 2691 —
1240 2669 1429 2709 Son-litenis
1452 2686 1468 2692 -
1493 2686 1509 2693 -
1533 2669 1621 2702 Del·
1645 2677 1650 2680 ·

884 2713 981 2756 phis]
1005 2714 1176 2748 Priscum
1193 2725 1334 2749 morem
1350 2714 1520 2749 Italicum
1545 2715 1622 2758 (rc-
