1774 2930
147 144 229 186 188

646 148 854 184 HORATH
881 150 1167 187 SATOEARUM

261 245 430 290 Ponere
462 248 587 304 signa
618 250 741 292 novis
772 253 1029 309 praeceptis,
1063 255 1207 311 qualia
1237 256 1410 300 vincant

238 375 340 410 SAT.
365 376 430 411 IV.
464 380 496 412 2.
527 380 677 413 vincunt
705 379 798 425 bSp,

826 384 1005 426 quattuor
1030 383 1224 428 Pottierii,
1249 386 1339 420 item
1365 397 1403 430 c,
1429 397 1618 432 superscr.

190 431 219 464 e,
246 423 284 457 id
310 426 383 466 est,
408 426 552 459 vincent
579 426 642 469 (ut
669 427 759 462 Ood.
787 427 921 463 Bland.
948 430 1148 475 antiquiss.
1175 434 1212 467 et
1237 433 1302 467 alii
1328 436 1506 479 quattuor
1530 435 1618 470 Pot-

190 470 327 514 tierii),
353 473 433 506 tum
459 472 544 507 CtF.

139 601 226 625 cum
260 590 439 636 Epicurei
472 592 512 625 in
539 593 730 638 voluptate
764 606 880 640 pone-

140 642 237 680 rent,
263 641 334 675 hoc
353 642 420 682 est,
446 638 487 672 in
513 640 624 684 gulae
651 644 688 675 et
709 644 877 687 corporis

140 685 312 731 libidine,
339 706 354 712 -
367 707 382 713 -
395 689 504 734 rogat
521 686 669 722 Catium
687 689 879 733 Horatius,

138 737 184 768 ut
208 735 280 769 sibi
306 736 407 769 dicat
425 745 539 770 cenae
557 736 747 780 parandae
766 741 804 772 et
821 750 879 773 or-

139 780 330 817 dinandae
347 783 568 828 magistrum
586 783 744 829 eiusque
770 797 878 830 prae-

140 831 283 874 cepta.“
343 830 440 865 Sane
481 829 628 864 Catium
666 831 878 876 Insubrem,

137 876 386 921 Epicureum,
425 881 467 912 ut
500 878 722 922 scriptorem
757 891 878 925 nuper

139 924 339 959 admodum
382 929 573 959 mortuum
612 932 879 963 commemorat

139 970 274 1008 Cicero
299 972 392 1018 Epp.
419 973 465 1007 ad
491 972 593 1006 Fam.
621 976 675 1016 15,
697 977 751 1017 16,
772 979 802 1009 1.
830 977 877 1019 (a.

139 1030 176 1053 u.
201 1030 232 1053 c.
259 1019 353 1064 709.)
382 1021 449 1054 cfr.
475 1020 634 1061 Quintil.
663 1024 717 1064 10,
738 1026 768 1065 1,
789 1025 878 1057 124:

138 1068 185 1100 In
207 1069 397 1109 Epicureis
425 1069 511 1102 levis
537 1070 692 1111 quidem,
717 1072 781 1103 sed
805 1079 877 1104 non

136 1115 357 1150 iniucundus
379 1117 502 1149 tamen
525 1118 656 1149 auctor
673 1119 724 1150 est
741 1119 876 1152 Catius.

138 1160 211 1195 Sed
231 1163 386 1198 difficile
405 1166 461 1197 est
478 1162 687 1206 intellectu,
715 1174 782 1198 cur
799 1165 876 1200 Ho-

135 1209 269 1253 ratius,
295 1211 328 1245 si
354 1221 395 1246 re
412 1221 502 1244 vera
519 1211 720 1245 consilium
745 1212 877 1247 habuit

137 1255 346 1301 Epicureos
365 1257 578 1300 deridendi,
603 1258 706 1292 hunc
723 1261 876 1303 potissi-

137 1314 239 1337 mum
278 1305 427 1340 Catium
468 1305 542 1339 iam
580 1305 645 1339 diu
684 1309 874 1341 mortuum

136 1351 295 1396 (scripta
326 1354 427 1388 enim
453 1353 600 1387 videtur
633 1354 726 1388 haec
761 1355 878 1390 satira

134 1399 290 1434 circiter
316 1413 348 1435 a.
367 1413 404 1435 u.
423 1411 454 1434 c.
482 1401 667 1442 722-724.)
695 1403 804 1446 quasi
830 1414 877 1437 ex

134 1445 269 1482 inferis
294 1448 341 1482 ad
366 1450 470 1482 hunc
496 1458 705 1483 sermonem
735 1450 875 1484 haben-

134 1494 226 1528 dum
269 1496 505 1538 excitaverit,
553 1497 761 1539 hominem,
809 1498 875 1542 qui

136 1545 260 1583 certe,
295 1544 365 1578 etsi
394 1545 499 1585 levis,
535 1555 611 1578 non
643 1546 768 1578 tamen
800 1548 874 1579 tam

133 1589 322 1625 ridiculus
339 1591 458 1625 fuisse
476 1591 636 1633 videtur,
658 1594 701 1624 ut
718 1593 799 1626 sine
818 1593 875 1626 ni-

79 1659 82 1661 *
131 1636 210 1670 mia
235 1639 523 1684 exaggeratione
554 1639 742 1683 potuisset
774 1639 875 1674 deri-

133 1684 216 1718 deri
242 1685 309 1719 tali
337 1686 408 1721 sub
429 1696 604 1731 persona,
629 1686 669 1720 id
687 1689 755 1728 est,
780 1689 873 1720 tam-

134 1742 246 1776 quam
278 1744 405 1768 merus
431 1733 597 1768 vicarius
627 1736 666 1767 et
691 1731 874 1767 ὖποδιδά-

133 1779 279 1821 σκαλος
302 1781 486 1826 incogniti
510 1781 675 1815 alicuius
699 1781 791 1815 artis
811 1792 872 1816 co-

134 1827 332 1871 quinariae
359 1829 541 1873 magistri.
589 1828 730 1862 Procul
756 1829 871 1864 dubio

130 1884 271 1908 nomen
287 1875 382 1909 Catii
400 1878 513 1920 atque
532 1875 612 1919 ipse
632 1876 738 1909 locus
757 1877 871 1911 huius

128 1922 271 1956 satirae
287 1921 453 1957 Stoicum
466 1922 684 1967 Damasippi
705 1923 872 1966 philoso—

130 1969 197 2013 phi
231 1980 441 2004 sermonem
473 1970 699 2014 excipientis
724 1973 870 2005 veteres

130 2016 359 2061 interpretes
383 2018 429 2051 ad
452 2018 584 2051 miram
609 2018 707 2051 hanc
725 2017 871 2061 opinio-

131 2074 218 2098 nem
244 2064 411 2099 adduxit.
444 2064 517 2099 Sed
536 2065 665 2098 nullus
684 2064 870 2108 interpre-

129 2113 210 2145 tum
244 2115 395 2156 praeter
422 2112 633 2156 Oruquium
668 2114 705 2146 et
736 2111 871 2147 Dacic-

130 2158 230 2192 rium
249 2160 514 2194 animadvertit
533 2159 578 2193 ad
596 2159 647 2202 id,
673 2159 776 2204 quod
794 2161 869 2193 tra-

131 2205 187 2239 dit
213 2206 351 2240 Comm.
380 2208 495 2252 Oruq.
521 2206 567 2241 ad
594 2218 628 2240 v.
655 2209 722 2240 47:
752 2207 869 2247 „Irri-

130 2253 195 2287 det
220 2265 323 2294 eum,
358 2255 458 2305 qnod
483 2255 529 2288 de
564 2265 677 2299 opere
708 2254 867 2298 pistorio

129 2299 171 2333 in
206 2311 274 2335 suo
310 2302 406 2336 libro
442 2301 574 2336 scribit
607 2302 653 2336 de
688 2312 727 2336 se
761 2302 868 2345 ipso:

130 2349 234 2381 Haec
272 2351 414 2390 primus
455 2350 592 2382 invenit
632 2352 665 2383 et
703 2351 868 2390 coqnovit

130 2396 254 2429 Catius
280 2398 485 2430 Miltiades:
516 2395 555 2429 id
583 2396 684 2440 quod
709 2407 867 2440 prorsus

130 2443 307 2476 convenit
348 2454 433 2477 cum
467 2454 499 2476 v.
534 2445 611 2486 74.,
655 2444 718 2477 ubi
757 2443 867 2478 fictus

130 2488 227 2523 Catii
277 2491 454 2535 magister
496 2501 578 2524 cum
630 2502 765 2536 magno
809 2491 867 2524 sui

129 2547 256 2571 amore
289 2538 427 2582 repetit
460 2539 606 2571 Primus
633 2541 666 2570 et
690 2539 866 2571 invenior.

129 2583 178 2617 Et
203 2584 324 2625 unde,
350 2595 512 2630 quaeso,
539 2587 699 2629 nugator
727 2585 866 2629 aliquis

129 2632 356 2676 arripuisset
410 2633 591 2667 Miltiadis
649 2642 867 2677 cognomen,

128 2678 204 2712 nisi
236 2679 418 2713 traditum
443 2679 580 2713 fuisset
611 2679 656 2712 ab
684 2679 869 2724 antiquis-

124 2725 234 2760 simis
260 2726 562 2771 Interpretibus?
599 2726 728 2760 Fuerit
753 2727 868 2772 igitur

930 594 1058 630 Catius
1095 595 1284 633 Miltiades
1321 599 1481 635 libertus
1512 599 1609 635 Catii
1643 611 1665 636 a

928 641 1111 679 Cicerone
1129 647 1419 690 commemorati,
1444 647 1555 682 etiam
1573 651 1663 683 tunc

928 690 1079 725 circiter
1103 702 1137 725 a.
1163 693 1243 727 722.
1269 693 1396 737 vivus,
1430 695 1592 739 scriptor
1617 695 1664 730 de

927 740 1007 772 arte
1034 739 1275 784 coquinaria,
1307 751 1472 786 persona
1502 742 1665 777 ridicula

927 795 995 829 per
1033 788 1146 820 totam
1178 786 1317 822 Urbem
1355 791 1455 823 nota.
1505 789 1662 824 Videbis

927 832 967 865 in
1004 832 1323 870 Annotationibus
1360 835 1472 881 plura
1507 837 1605 871 tradi
1642 847 1664 871 a

929 879 1054 923 Catio,
1102 881 1241 926 quibus
1277 894 1435 927 prorsus
1473 884 1664 919 contraria

927 930 1034 970 sunt,
1069 939 1164 972 quae
1198 930 1299 974 apud
1331 931 1426 965 alios
1459 932 1662 976 scriptores

927 975 1027 1009 serio
1046 975 1250 1010 docentur:
1276 977 1378 1012 unde
1404 978 1568 1024 insignis
1588 989 1663 1013 ma-

926 1021 1010 1056 litia
1034 1023 1150 1057 huius
1176 1025 1313 1058 satirae
1339 1025 1379 1058 in
1406 1036 1449 1059 eo
1476 1026 1662 1061 contineri

925 1069 1085 1113 videtur,
1118 1071 1219 1115 quod
1249 1071 1430 1106 Horatius
1462 1077 1663 1118 praecepta

924 1116 1072 1161 aliquot
1108 1118 1200 1152 artis
1238 1118 1446 1154 culinariae
1483 1131 1506 1154 a
1542 1121 1663 1155 solitis

925 1164 1169 1199 abhorrentia
1200 1168 1238 1200 et
1268 1177 1427 1210 prorsus
1458 1167 1552 1202 falsa
1577 1178 1662 1201 cum

926 1211 1011 1246 aliis
1046 1212 1166 1256 veris,
1204 1213 1270 1247 sed
1307 1214 1483 1248 omnibus
1518 1215 1661 1249 iamdiu

924 1260 1036 1301 notis,
1062 1259 1342 1304 permiscuerit,
1365 1261 1437 1296 hoc
1461 1261 1663 1296 admodum

923 1306 1067 1350 perfido
1093 1307 1265 1350 consilio,
1290 1310 1332 1342 ut
1355 1309 1508 1354 volgum
1525 1309 1662 1353 Epicu-

925 1363 1076 1387 reorum
1090 1354 1343 1390 Romanornm
1359 1355 1578 1391 huiusmodi
1595 1366 1661 1390 cu-

924 1400 1039 1444 linae,
1065 1404 1109 1435 ut
1132 1401 1327 1445 rebantur,
1353 1402 1660 1438 Maecenatianus

924 1449 1074 1483 arcanis
1107 1450 1201 1483 mire
1234 1449 1505 1494 ludificaretur,
1542 1452 1661 1486 risum

924 1499 1049 1530 autem
1075 1499 1241 1531 moveret
1268 1497 1477 1533 Maecenati
1502 1498 1576 1543 ipsi
1601 1509 1662 1533 ce-

923 1544 1093 1588 terisque
1110 1544 1253 1585 amicis,
1279 1545 1380 1580 edito
1398 1545 1536 1580 deinde
1561 1545 1660 1581 libro

923 1591 1131 1626 lectoribus
1157 1592 1345 1626 omnibus.

974 1640 1044 1672 1-3.
1072 1640 1169 1672 Unde
1197 1642 1230 1673 et
1253 1640 1339 1683 quo]
1366 1639 1441 1674 Gfr.
1468 1639 1542 1674 Sat.
1570 1642 1601 1682 1,
1625 1642 1658 1683 9,

923 1686 980 1719 62.
996 1705 1039 1709 -
1055 1686 1193 1729 Catius]
1221 1686 1283 1721 Sic
1299 1687 1407 1721 Plato
1425 1686 1570 1722 Menex.
1586 1687 1660 1721 ini·

922 1733 998 1767 tio:
1030 1731 1092 1776 Ἐξ
1122 1731 1268 1781 ἀγορᾶς
1299 1730 1326 1778 ἢ
1351 1731 1472 1768 πόθεν
1497 1733 1660 1777 Μενέξε-

922 1791 1005 1824 νος;
1043 1781 1258 1826 Utrobique
1295 1791 1373 1816 non
1408 1784 1464 1816 est
1495 1782 1659 1826 positum

921 1838 989 1872 pro
1007 1828 1189 1871 vocativo,
1215 1828 1283 1862 sed
1301 1839 1387 1862 cum
1411 1829 1574 1873 quadam
1595 1829 1659 1864 ad.-

921 1875 1120 1909 miratione
1154 1877 1226 1909 hoc
1252 1875 1410 1909 dicunt:
1451 1875 1588 1917 „Unde
1621 1879 1659 1910 et

921 1933 995 1965 quo
1022 1923 1126 1956 venit
1158 1922 1219 1956 hic
1250 1924 1380 1965 homo,
1414 1923 1454 1956 in
1481 1934 1556 1968 quo
1582 1923 1659 1958 Me-

920 1979 1120 2011 nexenum,
1146 1969 1295 2003 Catium
1318 1980 1522 2014 agnoscere
1547 1971 1657 2005 nobis

919 2016 1126 2050 videmur.“
1155 2036 1198 2040 —
1225 2018 1368 2051 Ponere
1392 2017 1521 2060 ciana]
1554 2017 1655 2052 Haec

918 2074 974 2097 w.
1001 2064 1203 2098 referenda
1238 2064 1416 2099 videntur
1452 2065 1500 2099 ad
1537 2067 1656 2099 artem

917 2112 1211 2153 mnemonicam‚
1259 2123 1334 2156 qua
1373 2112 1578 2146 utebantur
1619 2114 1657 2146 et

919 2160 1086 2192 oratores
1105 2162 1143 2193 et
1158 2159 1373 2204 philosophi
1391 2159 1553 2204 antiqui.
1587 2159 1655 2193 Fe4

919 2206 1033 2239 stinat
1050 2206 1166 2251 igitur
1186 2205 1314 2240 Catius
1331 2215 1477 2248 ponere,
1495 2206 1652 2249 referre,

916 2255 1041 2295 siqua,
1076 2264 1155 2288 voc.
1181 2254 1336 2298 proprio
1363 2255 1540 2295 imaaines
1572 2264 1684 2297 sen-⁵

917 2301 1121 2334 tentiarum
1164 2312 1315 2335 suarum
1352 2300 1394 2333 in
1433 2301 1518 2334 locis
1554 2311 1578 2334 a
1614 2310 1654 2334 se

918 2347 1058 2391 captis,
1102 2351 1162 2390 ut,
1204 2347 1511 2392 quandocunque
1552 2346 1655 2389 velit,

918 2405 1047 2428 earum
1085 2398 1259 2429 accurate
1297 2394 1487 2428 recordari
1522 2394 1654 2438 possit.

917 2441 1013 2476 Vide
1040 2453 1072 2476 v.
1096 2445 1129 2476 6.
1164 2441 1241 2475 Ofr.
1260 2441 1394 2486 Script.
1411 2441 1460 2475 ad
1485 2441 1652 2475 Herenn.

918 2492 951 2531 3,
979 2491 1096 2523 16-24.
1135 2489 1212 2523 Cic.
1239 2489 1285 2523 de
1312 2488 1375 2522 Or.
1402 2490 1435 2531 2,
1461 2491 1506 2522 86
1534 2499 1652 2533 seqq„

917 2537 983 2570 ubi
1008 2536 1040 2579 ἓ.
1059 2538 1138 2570 359.
1164 2537 1245 2580 ipse
1272 2547 1423 2580 quoque
1449 2536 1563 2570 verbo
1587 2544 1652 2576 po·-

917 2593 1004 2617 nere
1030 2584 1170 2617 utitur:
1201 2585 1341 2617 Rerum
1364 2584 1542 2616 memoria
1566 2591 1652 2623 pro-

914 2633 1002 2672 pria
1019 2634 1069 2665 est
1087 2632 1267 2671 oratori25
1293 2639 1375 2664 eam
1389 2630 1544 2671 sinuatis
1567 2638 1652 2670 per-

915 2680 1013 2711 sonis
1048 2680 1135 2712 bene
1166 2679 1336 2719 positis
1369 2680 1498 2710 notare
1521 2685 1669 2718 pos-m-r

916 2735 1012 2768 mus,
1043 2728 1083 2759 ut
1113 2726 1311 2758 sementia-s
1343 2725 1650 2766 imaainibus,
