1774 2930
156 174 238 215 164

662 173 870 209 HORATII
895 174 1179 210 SATIRARUM

272 274 382 316 Cum
413 275 555 332 rapies
588 276 634 317 in
664 276 731 317 ius
763 277 887 318 malis
919 276 1131 320 ridentem
1163 278 1363 346 alienis,

270 345 369 389 Fiet
390 361 505 403 aper,
528 347 655 389 modo
678 348 784 401 avis,
807 347 936 390 modo
959 362 1111 390 saxum
1133 354 1188 403 et,
1212 363 1307 391 cum
1327 350 1457 400 volet,
1478 350 1615 393 arbor.

274 417 319 459 Si
351 418 462 460 male
493 432 585 460 rem
618 432 769 474 gerere
800 419 941 460 insani
974 423 1054 473 est,
1088 423 1236 463 contra
1265 421 1391 475 bene,
1423 422 1537 476 sani,

270 487 471 531 Putidius
503 489 637 531 multo
671 489 892 532 cerebrum
924 493 1003 543 est,
1034 490 1141 532 mihi
1173 491 1311 546 crede,
1343 491 1506 546 Perilli,

1622 494 1677 535 75

271 559 501 614 Dictantis,
535 560 649 617 quod
678 564 727 602 tu
757 575 976 617 nunquam
1006 562 1428 619 rescriberepossis.

271 630 434 674 Audire
467 634 595 687 atque
626 634 771 687 togam
801 632 929 674 iubeo
961 646 1231 689 componere,
1265 635 1457 690 quisquis

252 775 307 807 72.
333 775 420 807 iura
446 773 492 808 bc
518 776 555 808 et
579 773 754 808 Pottierii
780 776 931 819 praeter
958 785 1077 808 unum
1103 786 1245 819 omnes,
1270 776 1443 811 Aldinae.

149 902 244 936 haec
272 906 344 937 est:
379 903 473 946 „Ubi
500 906 667 937 mutuam
694 903 801 938 dabis
828 904 890 938 de—

150 950 264 984 bitori
282 962 438 995 prorsus
456 951 561 996 inopi
580 952 770 996 simulque
788 955 889 986 astu-

149 997 296 1032 tissimo
311 998 524 1043 pecuniam,
542 999 640 1032 nihil
654 999 808 1033 omnino
822 999 890 1033 tibi
934 1011 937 1013 ’

150 1046 361 1090 proderunt
371 1047 566 1081 cautiones
577 1047 636 1080 vel
647 1046 889 1081 callidissime

151 1094 403 1139 excogitatae3
436 1094 538 1128 mille
566 1094 706 1139 effugia
738 1096 775 1128 et
807 1094 890 1127 lati-

125 1152 128 1155 *
150 1140 242 1174 bula
267 1141 435 1175 inveniet
459 1141 544 1175 ille:
579 1144 620 1175 tu
645 1141 784 1185 perdes
810 1152 889 1175 rem

149 1189 272 1232 tuam3
298 1188 468 1233 adeoque
493 1189 685 1231 insanisti,
712 1199 796 1222 cum
823 1189 889 1223 tali

149 1235 294 1269 homini
307 1247 482 1270 nummos
501 1236 732 1270 credidisti.“
746 1256 788 1260 -—
803 1237 891 1269 Cum

149 1284 273 1325 rapies
300 1285 340 1316 in
363 1283 434 1326 ius]
464 1283 612 1329 Rapere
638 1283 679 1316 in
704 1283 765 1317 ius
792 1284 888 1318 collo

151 1330 299 1364 obtorto
325 1331 464 1366 licebat
486 1331 526 1365 in
550 1331 714 1376 publicis
731 1331 802 1365 viis
828 1331 891 1365 de-

150 1377 330 1421 bitorem,
366 1378 430 1423 qui
462 1378 647 1412 iudicium
681 1378 890 1420 deserebat,

152 1426 364 1460 cautionem
416 1425 539 1460 datam
598 1426 889 1471 subterfugiens.

152 1472 228 1506 Ofr.
256 1473 330 1507 Sat.
360 1476 391 1516 1,
417 1477 451 1516 9,
478 1476 534 1508 77.
555 1494 597 1497 —-
616 1475 741 1506 malis·
727 1474 890 1517 -alienisJ

150 1519 350 1554 Manifesto
387 1521 549 1565 petitum
586 1524 643 1556 est
681 1532 726 1554 ex
758 1520 890 1576 Odyss.

151 1579 183 1608 υ,
211 1569 298 1601 345:
317 1568 538 1615 μνηστῆρσι
556 1568 596 1601 δὲ
612 1566 768 1614 Παλλὰς
781 1566 891 1612 Αθή-

149 1626 198 1658 νη
231 1610 439 1655 Άσβεστον
480 1615 578 1660 γέλω
620 1615 731 1672 ὦρσε,
774 1617 914 1662 actos--

151 1661 316 1707 πλαγξεν
341 1662 381 1695 δὲ
404 1659 544 1707 νόημα.
572 1664 618 1696 Οἱ
642 1662 673 1695 δ’
699 1659 773 1706 ἤδη
799 1675 891 1707 γνα-

149 1710 324 1753 θιιοῐσι
313 1710 473 1766 γελοίων
502 1708 774 1758 ἀλλοτρίοισιν,
799 1730 819 1735 -
845 1731 889 1734 -

149 1754 245 1791 ὄσσε
294 1756 325 1789 δ’
366 1754 464 1812 ἄρα
492 1760 624 1800 σφέων
665 1755 891 1813 Δακρυόφιν

143 1805 385 1848 πίμπλαντο,
417 1801 512 1850 γόον
545 1805 576 1838 δ’
610 1803 721 1838 ὠΐετο
752 1802 890 1848 θυμός.

150 1852 294 1887 Verum
320 1853 501 1887 Horatius
527 1853 712 1887 diversam
738 1863 891 1897 prover-

148 1900 212 1934 bio
248 1900 560 1946 significationem
599 1901 752 1943 tribuit,
790 1900 890 1945 apud

148 1947 355 1982 Homerum
383 1947 483 1982 enim
516 1950 591 1982 est:
632 1945 758 1995 „apoc
787 1947 890 1988 βίαν,

149 1996 266 2029 inviti
301 1998 338 2029 et
379 2006 400 2029 a
442 1995 512 2030 dea
554 1996 674 2029 coacti
715 1995 891 2029 ridebant

148 2043 267 2087 proci,
293 2042 382 2076 dum
408 2042 543 2077 animis
568 2045 749 2077 maerent.
755 2043 772 2060 “
799 2042 845 2076 H.
865 2043 889 2076 l.

151 2092 278 2124 autem
306 2090 447 2123 dictum
473 2093 530 2124 est
559 2092 601 2124 ut
634 2090 730 2124 illud
754 2089 890 2145 Lysiae

149 2137 189 2171 in
221 2137 425 2192 Epitaphio
458 2138 488 2181 ξ.
517 2139 579 2171 24·
612 2137 689 2171 Καὶ
720 2135 788 2179 τὰς
819 2137 891 2180 μὲν

148 2185 284 2227 ψυχὰς
308 2182 511 2233 ἀλλοτρίας
539 2183 601 2218 διὰ
626 2182 694 2219 τὸν
720 2181 891 2218 θάνατον

149 2232 364 2276 κεκτῆσθαι
390 2232 467 2266 κτλ.
511 2232 676 2267 Senecae
704 2232 815 2266 Cons.
842 2233 890 2267 ad

147 2278 255 2313 Helv.
283 2283 323 2313 3.
349 2282 518 2314 veteram·
542 2282 708 2321 quamvis
735 2281 891 2321 confossi

145 2329 330 2368 patienter
349 2337 392 2360 ac
408 2329 486 2362 sine
500 2330 634 2369 qemilu
646 2329 747 2361 velut
765 2328 891 2360 aliena

149 2383 307 2415 corpora
334 2377 500 2409 eaesecari
529 2376 750 2416 patiuntur:
789 2374 889 2419 quod

147 2422 308 2476 praeivit
333 2421 502 2467 Thucyd.
538 2425 575 2463 1,
602 2424 670 2456 70:
705 2425 784 2463 τοῖς
818 2421 889 2464 μὲν

149 2465 325 2511 σώαασιν
350 2466 683 2524 ἁλλοτριωτατοις
703 2467 797 2515 ὑπὲρ
822 2469 890 2512 τῆς

149 2513 295 2558 πόλεως
319 2516 503 2562 χρῶνται,
535 2516 580 2562 τῇ
606 2513 741 2563 γνώμῃ
767 2516 807 2549 δὲ
833 2518 890 2549 οἰ-

147 2561 329 2609 κειοτάτῃ
354 2563 432 2596 κτλ.
477 2564 611 2608 Itaque
637 2565 744 2597 malis
770 2564 889 2597 ridere

148 2612 280 2645 alienis
306 2613 405 2653 est„
418 2610 471 2644 ita
496 2610 641 2654 ridere,
674 2621 718 2645 ac
745 2612 776 2645 si
803 2611 889 2655 quis

148 2658 195 2692 ad
221 2657 421 2692 ridendum
453 2660 625 2692 uteretur
657 2658 779 2692 bucca
811 2669 887 2692 non

149 2716 234 2748 sua,
263 2706 328 2739 sed
354 2705 531 2748 aliena;“
558 2705 674 2749 idque
702 2704 889 2751 significat

149 2753 296 2796 „effuse
331 2752 510 2795 ridere“‚
548 2754 750 2797 propterea
789 2753 888 2797 quod

940 908 1066 939 certus
1093 909 1149 940 est
1174 906 1432 941 adversarium
1462 906 1566 954 litem
1591 918 1676 952 per-

939 953 1105 987 diturum
1133 965 1226 988 esse.

988 1002 1057 1034 73-
1068 1003 1125 1034 76.
1158 1002 1238 1034 Fiet
1263 1010 1355 1042 aper
1380 1002 1465 1045 cet]
1490 1001 1678 1047 Virgilius

938 1047 1144 1082 Homerum
1169 1048 1337 1082 imitatus
1364 1048 1498 1095 Georg.
1523 1051 1557 1092 4,
1583 1051 1677 1084 407:

938 1096 1017 1129 Fiet
1045 1097 1140 1128 enim
1165 1097 1283 1129 subito
1300 1105 1361 1129 sus
1388 1098 1558 1130 horridus
1575 1099 1678 1130 atra-

939 1151 1007 1183 que
1041 1143 1145 1184 timis
1169 1145 1463 1185 squamosusque
1497 1145 1609 1177 draco
1644 1147 1677 1182 et

939 1191 1044 1232 fulva
1086 1192 1223 1224 cervice
1267 1192 1407 1225 leaena.
1435 1210 1479 1215 —
1505 1192 1544 1225 Si
1579 1193 1676 1226 male

940 1237 1024 1282 cet]
1050 1237 1173 1271 Etiam
1200 1238 1300 1282 apud
1326 1237 1403 1272 cio.
1428 1238 1507 1273 Cat.
1531 1239 1617 1272 mai.
1643 1241 1677 1281 7,

940 1286 996 1318 22.
1021 1286 1119 1318 male
1150 1293 1230 1319 rem
1263 1293 1388 1327 verere
1422 1285 1604 1319 dicuntur
1635 1286 1677 1329 ii,

941 1332 1006 1378 qui
1031 1333 1301 1377 patrimonium
1327 1343 1436 1367 suum
1459 1333 1678 1378 prodigunt.

941 1379 1017 1413 Cfr.
1043 1390 1076 1413 v.
1096 1381 1152 1414 37.
1177 1380 1299 1425 Iunge
1325 1382 1412 1414 bene
1438 1388 1574 1423 verere,
1602 1391 1678 1414 non

940 1429 1028 1460 bene
1044 1429 1138 1461 sani.
1154 1448 1196 1451 —
1212 1427 1396 1471 putidius]
1422 1438 1533 1472 quam
1558 1430 1678 1462 tuum.

939 1476 1111 1508 Putidum
1133 1475 1286 1520 proprie
1307 1477 1364 1509 est
1381 1474 1565 1520 quidquid
1590 1475 1680 1510 mali

941 1522 1083 1556 odoris
1081 1522 1281 1567 est3a1'md
1299 1522 1455 1557 Latinos
1473 1525 1679 1568 usurpatur

940 1569 985 1604 de
1011 1569 1144 1612 rebus,
1172 1581 1268 1614 quae
1294 1570 1389 1604 alios
1415 1581 1568 1615 quoque
1595 1581 1679 1604 sen-

940 1627 1018 1657 sus,
1043 1627 1167 1659 aures,
1195 1617 1326 1651 oculos
1353 1617 1568 1660 offendunt,
1600 1628 1678 1651 non

941 1664 1062 1697 solum
1095 1674 1225 1704 nares3
1264 1663 1401 1698 deinde
1436 1643 1575 1697 dicitui·
1607 1675 1677 1709 pro

939 1711 1081 1755 inepto,
1107 1711 1266 1754 insulso,
1290 1711 1336 1745 de
1350 1711 1593 1745 hominibus'
1582 1712 1678 1756 lpsis

940 1761 977 1791 et
1002 1758 1048 1792 de
1074 1757 1226 1792 dicendi
1258 1769 1409 1804 genere.
1437 1777 1479 1782 -—
1506 1759 1679 1792 Pem’llim

940 1807 998 1839 est
1018 1805 1117 1839 idem
1136 1805 1202 1850 qui
1226 1815 1342 1850 supra
1358 1805 1521 1840 ridiculo
1541 1815 1679 1851 cogno-

938 1853 1040 1886 mine
1074 1853 1214 1886 dicitur
1249 1855 1383 1887 Cicuta.
1410 1872 1453 1877 —
1482 1854 1679 1897 Diclanlis]

940 1899 1102 1934 debitori
1126 1900 1313 1934 cautionis
1336 1901 1548 1943 formulam,
1575 1911 1680 1943 „cre-

940 1947 1098 1981 dentis.“
1127 1967 1169 1971 —
1195 1947 1411 1990 rescribere]
1447 1949 1678 1981 abschrei-

941 1996 1039 2038 bem
1065 2005 1133 2039 per
1147 1996 1404 2040 argentarium
1419 1994 1587 2029 debitum
1605 1994 1678 2029 sol-

939 2053 1048 2085 vere,
1081 2043 1118 2076 h.
1145 2053 1176 2076 e.
1208 2042 1390 2087 scriptum
1428 2042 1546 2076 debiti
1583 2042 1677 2076 libe-

941 2100 1039 2124 rare.

988 2138 1125 2170 77-81.
1158 2136 1354 2171 Hactenus
1381 2136 1587 2171 Stertinius
1613 2136 1678 2170 ad-

939 2185 1111 2218 hortatus
1138 2187 1219 2218 erat
1244 2195 1364 2218 unum
1388 2183 1677 2229 Damasippum3
1713 2207 1719 2209 -

939 2233 1012 2266 iam
1037 2231 1293 2266 incalescente
1320 2232 1510 2275 oratione,
1543 2234 1587 2265 ut
1610 2237 1678 2265 ‘so-

939 2279 1020 2313 lent
1052 2275 1300 2326 ἀρετάλογοι,
1338 2279 1385 2313 ad
1419 2289 1547 2313 omnes
1579 2289 1678 2312 mor-

939 2327 1034 2360 tales
1071 2337 1153 2360 sese
1180 2326 1378 2360 convertit.
1404 2345 1448 2349 —
1474 2328 1597 2367 locam
1619 2326 1677 2358 iu-

941 2375 1004 2407 beo
1042 2373 1278 2416 componere]
1321 2373 1460 2418 'sogam
1499 2372 1677 2407 decenter

940 2423 1171 2465 componunt
1195 2421 1234 2454 in
1258 2420 1466 2464 plicaturas
1485 2419 1676 2464 discipuli,

940 2469 1005 2513 qui
1047 2467 1247 2502 consident
1293 2467 1333 2500 in
1383 2466 1575 2501 subselliis
1617 2467 1676 2500 vel

939 2515 1150 2557 cathedris,
1200 2516 1361 2548 attentas
1404 2525 1516 2549 aures
1558 2513 1675 2559 magi-

940 2566 1017 2597 stro
1042 2561 1272 2608 praebituri3
1311 2562 1420 2604 item,
1454 2560 1520 2605 qui
1553 2563 1674 2594 orato-

938 2621 1036 2653 rem,
1076 2619 1186 2654 quem
1221 2608 1453 2654 suspiciunt,
1488 2611 1530 2641 ut
1554 2610 1674 2642 atten-

938 2652 996 2691 to's
1031 2657 1157 2700 decet,
1195 2656 1326 2690 audire
1359 2655 1501 2690 volunt.
1549 2654 1608 2689 Ita
1637 2655 1674 2688 h.

938 2705 963 2738 1.
1002 2703 1193 2738 auditores
1231 2703 1278 2737 ad
1315 2704 1451 2738 statum
1487 2701 1675 2736 habitum-

940 2762 1012 2797 que
1037 2752 1108 2785 rite
1135 2750 1398 2795 compositum,
1431 2749 1530 2794 quod
1556 2751 1674 2782 atten-
