1774 2930
685 135 779 170 Lm.
803 135 832 170 1.
881 134 1034 170 RPIST.
1057 134 1088 170 1.

1555 134 1638 175 26⁷

246 236 439 280 Insanire
470 240 595 293 putas
627 235 853 279 sollemnia
880 249 950 278 me
979 249 1121 291 neque
1150 233 1285 288 rides,

247 306 339 350 Nec
366 306 520 350 medici
549 306 687 349 credis
718 320 798 349 nec
828 306 1036 348 curatoris
1067 319 1196 361 egere

246 378 289 420 A
316 381 514 434 praetore
545 377 653 431 dati,
686 391 829 420 rerum
859 377 995 419 tutela
1023 390 1213 419 mearum

249 447 359 490 Cum
388 449 447 490 sis
479 452 522 490 et
551 462 682 505 prave
714 451 878 491 sectum
909 447 1186 490 stomacheris
1218 447 1272 489 ob
1303 459 1489 502 unguem

247 518 317 562 De
343 521 389 562 te
417 518 663 576 pendentis,
694 522 739 562 te
769 518 1038 575 respicientis
1068 518 1208 560 amici.

1559 517 1642 557 105

246 588 318 631 Ad
347 603 582 632 summam:
617 590 789 646 sapiens
820 603 906 631 uno
936 589 1074 630 minor
1105 593 1171 631 est
1200 588 1320 641 love,
1352 587 1494 640 dives,

230 713 307 747 105.
329 713 556 755 suspicientis
580 712 627 747 de
650 711 695 746 N.
720 712 870 746 Heinsii
895 712 1113 747 coniectura
1137 711 1344 746 Bentleius.

132 821 355 856 semperque
366 812 442 846 alia
454 822 498 846 ac
507 823 640 847 rursus
650 812 726 846 alia
736 815 861 846 mente

133 858 382 893 versantibus.
402 878 445 882 ——
464 858 860 901 Insania-sollemnia]

134 904 321 948 „delirare
354 906 465 940 solito
503 917 649 948 errore,
686 906 862 951 quemad·

131 952 281 987 modum
312 952 457 987 faciunt
487 964 617 987 omnes
649 953 735 995 alii,
767 953 861 987 adeo

132 1001 175 1033 ut
198 1009 322 1044 neque
347 1000 541 1045 castigatio
559 1010 630 1034 neo
656 1000 861 1045 singularis

131 1045 261 1090 aliqua
292 1056 384 1081 cura
415 1047 508 1080 mihi
538 1046 753 1082 adhibenda
777 1047 859 1082 sit.“

132 1091 208 1127 cfr.
242 1092 318 1127 Sat.
353 1095 394 1135 2,
428 1096 470 1135 3,
505 1095 571 1128 120
597 1105 653 1139 sq.
703 1093 781 1128 Cic.
815 1094 862 1128 ad

130 1139 207 1173 Att.
232 1141 253 1174 7
263 1165 273 1183 ,
297 1142 338 1174 6:
380 1142 535 1174 Tantum
559 1142 674 1183 iqitur
699 1145 862 1175 nostrum

131 1187 226 1220 illud
239 1187 414 1221 sollemne
431 1191 629 1222 teneamus,
654 1188 709 1222 De
723 1189 861 1222 talibus

133 1234 481 1269 constructionibus
499 1234 644 1277 (crebra
649 1237 780 1289 ferire,
793 1237 864 1277 μέ-

131 1290 246 1325 γιστα
275 1278 481 1328 εὐεργετῶν
506 1282 613 1323 cet),
647 1282 687 1315 in
722 1283 862 1327 quibus

133 1326 320 1362 adiectiva
335 1339 404 1372 pro
418 1328 604 1363 adverbiis
619 1332 863 1374 usurpantur,

134 1373 209 1407 vid.
233 1373 399 1419 Wagner
425 1375 471 1409 ad
496 1375 602 1420 Virg.
627 1376 722 1410 Aen.
748 1379 781 1418 3,
807 1378 864 1411 56.

134 1419 212 1454 cfr.
230 1420 306 1455 Sat.
319 1423 353 1463 2,
368 1424 401 1464 3,
414 1424 478 1456 63:
495 1423 651 1456 similem
665 1424 863 1465 (errorem)

131 1468 308 1502 insanire.
334 1487 379 1492 —
405 1471 621 1502 curatoris·
637 1471 666 1502 Α
694 1473 865 1511 praetore

133 1514 226 1557 aaa]
252 1514 327 1549 cfr.
353 1515 428 1550 Sat.
454 1518 487 1557 2,
512 1518 546 1558 3,
572 1518 639 1550 217
666 1527 720 1562 sq.
747 1517 866 1550 Tutor

133 1560 243 1596 datur
260 1562 460 1606 impuberi,
478 1567 628 1598 curator
651 1564 786 1608 puberi
805 1575 866 1598 us-

136 1619 211 1652 quo
235 1608 416 1644 mlxxv.
442 1621 594 1644 annum.
611 1610 695 1644 XII.
722 1610 813 1645 Tab.
831 1613 865 1653 5,

134 1656 175 1688 7.
215 1657 256 1690 sa·
293 1657 456 1698 furiosus
497 1659 601 1699 escit,
642 1661 865 1699 aquatorum

133 1703 398 1744 amittuntque
414 1705 455 1736 iu
480 1712 520 1737 eo
542 1706 771 1746 pecuniaque
789 1706 866 1738 eius

129 1751 288 1791 potestas
311 1750 615 1794 esto.„Fu1-ioso
641 1755 678 1785 et
702 1751 866 1787 dementi

134 1799 285 1831 curator
308 1797 419 1842 isque
443 1809 511 1842 per
542 1802 752 1842 praetorem
778 1799 868 1833 defi-

134 1842 259 1878 ciente
274 1844 443 1889 legitimo
457 1845 614 1879 dabatur
629 1847 768 1891 exlege
781 1845 865 1879 XII.

134 1888 385 1933 Tabularum,
409 1893 540 1926 insano
565 1893 625 1926 vel
648 1894 759 1926 stulto
785 1893 865 1927 solo

133 1937 319 1980 praetoris
336 1917 492 1973 ed’icto.“
513 1938 660 1973 OBBAR.
675 1958 718 1963 —
739 1949 865 1974 rerum

135 1985 251 2017 tutela
282 1986 466 2028 mearum]
500 1997 576 2020 non
612 1989 743 2028 „tutor
759 1987 790 2029 ⁸⁴,
823 1990 866 2021 ut

135 2031 244 2063 multi
269 2031 413 2074 volunt,
439 2033 505 2066 sed
532 2033 793 2076 ,wpraesidium
798 2034 815 2051 ‘¹'

187 2078 866 2123 104.105.eae--stomac12eris]Reie-

138 2124 199 2156 cta
221 2123 307 2156 lect.
330 2126 583 2168 stomacharis,
610 2137 706 2170 quae
730 2127 866 2160 idonea

137 2169 360 2204 auctoritate
401 2175 520 2214 caret,
561 2173 770 2206 sententiae
811 2173 865 2207 sic

137 2216 352 2262 iungendae
368 2220 481 2262 atque
498 2219 741 2262 explicandae
759 2223 865 2253 suut.

140 2262 396 2308 „Quamquam
422 2276 462 2299 es
487 2276 610 2299 meum
635 2265 865 2310 praesidium

137 2312 251 2354 atque
283 2311 452 2355 alioquin
486 2323 531 2346 ex
561 2313 676 2346 animi
701 2313 757 2346 tui
783 2323 867 2347 sen·

138 2357 257 2391 tentia
278 2368 437 2403 meaque
463 2369 593 2401 causa,
619 2370 667 2394 ne
693 2359 866 2394 deridear

136 2403 184 2437 ab
208 2404 313 2446 aliis,
346 2415 456 2450 aegre
481 2406 578 2448 fers,
611 2407 643 2441 si
677 2407 736 2440 vel
759 2408 799 2440 in
825 2418 866 2441 re

136 2450 316 2485 levissimi
333 2453 509 2487 momenti
526 2465 550 2487 a
566 2454 662 2487 vitae
680 2454 867 2499 elegantia

137 2497 275 2532 recedo
311 2502 350 2532 et
386 2499 558 2534 decorem
596 2501 782 2546 negligo*⁶
823 2520 865 2524 —

138 2545 192 2578 De
217 2547 250 2578 le
273 2546 538 2590 pendemisJ„
554 2548 621 2592 qui
648 2547 768 2582 libera
793 2548 868 2582 ele-

139 2591 263 2625 ctione
302 2603 394 2627 usus
432 2573 538 2627 tuao”
561 2594 746 2628 voluntati
785 2605 867 2629 sese

139 2638 328 2682 applicare
346 2640 471 2674 studet
488 2641 600 2675 unice
614 2644 770 2686 propter
787 2653 868 2675 mu-

141 2686 247 2718 tuum
264 2686 434 2721 sincerae
451 2688 638 2723 amicitiae
661 2689 824 2722 fructum
834 2690 866 2731 3⁴⁸

910 820 966 845 an
990 813 1060 845 dir
1086 812 1309 853 hanaend,
1344 821 1440 844 non:
1464 819 1549 844 von
1572 812 1645 844 dir

910 859 1148 900 abhanqiq.
1168 877 1210 882 -
1236 861 1269 892 te
1292 858 1530 900 respicientis]
1558 858 1643 899 „cui

909 906 949 939 in
976 905 1088 939 dictis
1106 906 1305 950 factisque,
1331 908 1416 939 tuos
1441 916 1577 939 sensus
1594 915 1643 939 ne

910 963 1078 997 unquam
1102 953 1246 995 laedat,
1278 953 1390 986 immo
1417 956 1459 986 ut
1482 952 1551 986 tibi
1576 952 1643 986 ho-

910 1003 1016 1034 neste
1042 999 1287 1044 gratificetur,
1311 999 1548 1044 propositum
1573 1002 1642 1042 est,

910 1046 1054 1092 quique
1087 1047 1200 1081 simul
1233 1047 1272 1080 in
1299 1047 1400 1081 omni
1432 1047 1530 1080 vitae
1555 1056 1644 1080 con-

910 1094 1059 1128 dicione
1085 1105 1189 1139 spem
1208 1104 1313 1128 suam
1339 1095 1379 1128 in
1397 1097 1432 1127 te
1458 1093 1642 1138 reponit.“

912 1141 1050 1175 Caesar
1082 1141 1125 1175 B.
1152 1141 1192 1175 C.
1228 1144 1260 1184 1,
1287 1144 1327 1175 1:
1367 1142 1427 1174 sin
1452 1142 1644 1175 Caesarem

911 1190 1106 1230 respiciam
1143 1191 1255 1229 atque
1289 1190 1364 1222 eius
1397 1189 1562 1230 qratiam
1591 1197 1645 1221 se-

912 1238 1085 1276 quantur.
1136 1235 1245 1274 Quod
1269 1236 1317 1270 ad
1351 1245 1484 1269 sonum
1510 1235 1646 1269 attinet

913 1282 980 1315 cfr.
1014 1281 1118 1326 Virg.
1144 1283 1239 1316 Aen.
1267 1285 1321 1323 10,
1347 1284 1436 1315 554:
1470 1283 1559 1315 Tum
1584 1291 1646 1316 ca-

909 1332 977 1370 put
1017 1330 1158 1362 orantis
1199 1331 1421 1370 nequiquam
1458 1331 1492 1362 et
1528 1330 1645 1363 multa

910 1378 1095 1417 parantis.

963 1425 1046 1464 196-
1031 1425 1129 1456 -.108
1155 1425 1210 1456 Aa
1232 1423 1425 1466 summam]
1451 1423 1526 1458 Sat.
1554 1426 1585 1465 1,
1611 1425 1644 1466 3,

916 1471 1002 1503 137:
1043 1471 1098 1503 Ne
1124 1471 1271 1511 lonqum
1295 1472 1445 1512 faciam.
1472 1489 1515 1494 —
1540 1470 1645 1505 Ioca-

914 1520 996 1550 tur·
1035 1516 1131 1559 „Sed
1164 1521 1207 1550 ut
1239 1517 1445 1562 aliquando
1479 1517 1645 1572 philoso-

914 1564 1022 1608 phari
1055 1564 1245 1607 desinam,
1278 1564 1490 1598 Stoicorum
1523 1561 1646 1611 πασά-

913 1610 1027 1653 δοξον
1053 1622 1177 1644 meum
1201 1611 1368 1645 faciam.“
1402 1611 1465 1645 Sic
1490 1611 1530 1645 in
1556 1622 1645 1646 con·

916 1658 1086 1692 elusione
1112 1658 1225 1692 etiam
1243 1659 1320 1692 Cic.
1346 1659 1391 1693 de
1410 1658 1517 1692 offic.
1538 1662 1570 1701 l,
1587 1662 1645 1702 41,

916 1707 1003 1739 149.
1028 1707 1083 1738 Ad
1097 1714 1289 1749 summam,
1316 1715 1359 1739 ne
1376 1715 1487 1747 aqam
1504 1708 1547 1739 de
1571 1707 1646 1739 sin-

915 1753 1022 1794 aulis,
1048 1761 1270 1785 communem
1296 1755 1403 1787 totius
1422 1754 1564 1794 ueneris
1581 1755 1645 1786 ho-

914 1801 1052 1832 minum
1085 1801 1374 1833 conciliationem
1405 1803 1437 1833 et
1463 1802 1645 1834 consocia-

914 1848 1047 1880 tionem
1073 1848 1207 1889 colere,
1234 1849 1345 1889 tueri,
1370 1856 1517 1881 servare
1542 1849 1646 1882 debe—

914 1902 1003 1927 mus.
1030 1913 1075 1917 —
1106 1895 1226 1927 minor
1242 1913 1256 1918 -
1276 1894 1382 1937 Iove]
1422 1894 1646 1937 „Sententia

915 1939 1144 1974 Stoicorum:
1188 1944 1234 1974 In
1260 1943 1325 1975 hoc
1356 1943 1500 1983 sapiens
1524 1943 1645 1975 minor

914 1990 964 2020 est
998 1990 1101 2030 love,
1135 1990 1224 2028 quia
1255 1990 1444 2022 moriturst‘
1494 1989 1645 2023 Aenon.

914 2034 1089 2068 Ceterum
1107 2045 1303 2070 commune
1328 2039 1410 2069 erat
1427 2033 1646 2083 παράδοξον

914 2084 952 2114 et
993 2081 1204 2115 Stoicorum
1246 2085 1283 2115 et
1322 2083 1491 2126 Epicuri.
1541 2082 1642 2117 Stob.

914 2126 992 2161 Ecl.
1017 2129 1079 2171 ph.
1106 2130 1138 2169 2,
1163 2131 1197 2162 7.
1223 2140 1259 2172 p.
1288 2131 1365 2162 198.
1390 2129 1456 2183 H'-:
1483 2127 1553 2172 τὴν
1570 2129 1646 2163 τῶν

914 2171 1072 2216 ἆγαθων
1097 2173 1344 2217 εὐδαιμονίαν
1367 2174 1424 2219 μὴ
1449 2175 1646 2233 διαφέρειν

915 2220 983 2274 ζῆς
1018 2220 1127 2277 θείας
1159 2219 1422 2276 εὐδαιμονίας,
1453 2223 1551 2266 μηδὲ
1575 2221 1646 2268 τήν

914 2264 1144 2313 ἁιιεριιινίαν
1161 2265 1184 2302 ὁ
1202 2266 1431 2322 Χρύσιππός
1447 2282 1547 2314 φησι
1562 2270 1646 2304 δια-

916 2315 1047 2360 φέρειν
1079 2315 1148 2358 τῆς
1173 2316 1240 2348 τοῦ
1265 2314 1356 2358 Διὸς
1388 2315 1644 2361 εὐδαιμονίας.

916 2360 1060 2395 Seneca
1083 2361 1203 2407 Epist.
1229 2365 1293 2397 73.
1334 2365 1478 2398 Solebat
1501 2367 1644 2399 sextius

916 2408 1220 2454 (Pythagoreus)
1246 2412 1538 2453 dicere‚10vem
1559 2414 1645 2454 ptus

914 2463 988 2488 non
1009 2465 1111 2497 posse
1128 2465 1237 2497 quam
1263 2459 1394 2491 bonum
1414 2460 1548 2492 viru-,m
1573 2460 1645 2493 Ae-

915 2501 1004 2536 lian.
1029 2502 1073 2536 V.
1098 2503 1144 2537 H.
1171 2503 1540 2559 4,13;Ε,τῑκουρος
1564 2502 1646 2538 ἔλε-

918 2559 959 2592 γε
943 2561 983 2582 ν
1008 2549 1170 2593 ἑτοίμως
1192 2548 1292 2592 ἔχειν
1317 2554 1381 2585 καὶ
1407 2553 1458 2598 τῷ
1473 2538 1534 2585 Διὶ
1561 2554 1645 2606 περὶ

915 2593 1160 2651 εὐδαιμονίας
1184 2589 1492 2643 διαγωνίζεσθαι,
1521 2596 1645 2642 μα’ζαν

915 2639 1014 2683 ἔχων
1038 2646 1104 2677 καὶ
1130 2642 1238 2692 ὕδωρ
1287 2646 1480 2680 Lucianus
1515 2646 1643 2681 eadem

916 2693 1028 2734 atque
1066 2678 1245 2726 Horatius
1282 2693 1406 2727 ironia
1442 2703 1534 2727 usus
1567 2693 1643 2727 Vit.
