1786 2912
149 147 231 187 114

646 142 854 178 HORATH
881 142 1167 178 SATIRARUM

265 246 562 301 Hermogenes
593 259 783 301 unquam
811 244 919 300 legit
948 258 1089 300 neque
1121 244 1270 286 simius
1301 245 1398 297 iste,

264 316 338 359 Nil
367 319 538 372 praeter
570 315 749 358 Calvum
781 319 823 358 et
854 315 1003 357 doctus
1037 318 1209 358 cantare
1242 315 1472 358 Catullum.

265 387 325 430 At
354 402 557 444 magnum
587 387 702 440 fecit,
736 386 848 442 quod
878 386 1020 428 verbis
1054 386 1219 429 Graeca
1247 386 1416 429 Latinis

502 458 540 501 O
573 458 658 500 seri
690 457 950 500 studiorum!
991 458 1119 513 quine
1150 458 1310 513 putetis

265 459 452 501 Miscuit.

1609 387 1665 428 20

266 530 454 572 Difficile
487 533 529 571 et
559 529 728 583 mirum,
760 528 931 570 Rhodio
963 528 1077 584 quod
1106 528 1369 571 Pitholeonti

244 662 301 694 21.

340 659 618 704 „Manuscripti
637 659 816 704 quidam,
850 662 923 693 tam
955 659 1129 701 aliorum,
1168 669 1280 703 quam
1311 659 1431 694 nostri
1459 661 1618 702 putatis,

197 708 263 741 sed
288 707 417 752 plures
445 709 481 741 et
505 707 681 741 meliores
704 708 849 748 putetis.
855 707 871 724 “
906 707 1051 739 Banu.

149 826 261 859 nimis
281 825 456 859 difficiles
474 824 670 859 intellectu
695 824 767 868 ipsi
784 823 886 858 vide·

150 874 297 908 antur.“
336 873 374 907 Is
399 873 526 918 igitur,
552 872 622 906 etsi
640 872 783 906 facetus
803 882 884 905 esse

151 921 335 962 studebat,
359 931 447 954 vera
463 919 683 954 facetiarum
702 920 886 962 exempla-

150 968 209 1002 ria
237 968 464 1012 negligebat.
483 968 669 1000 —simius
702 967 767 999 iste
801 967 884 1009 cet.]

149 1015 211 1050 vel
238 1016 419 1059 „ineptus
439 1015 589 1059 Tigellii
607 1014 793 1048 imitator“
823 1014 886 1055 (ut

149 1062 305 1096 Aristot.
330 1062 434 1096 Post.
462 1063 505 1096 26
533 1062 620 1104 (27),
646 1065 690 1095 4:
723 1058 775 1102 ὥς
799 1061 886 1095 λίαν

149 1106 885 1199 Ξῖἔηέἷὲἔῗῗῖλιὲἒῖῗηἷιὲἷνηέκὲἷειῖ

149 1205 227 1247 vel,
252 1207 294 1238 ut
319 1207 476 1238 narrant
502 1204 745 1246 Scholiastae‚
774 1215 886 1248 „pr-o

149 1254 260 1317 pter“
267 1252 471 1286 deformem
503 1263 546 1286 ac
581 1252 733 1285 brevem
770 1253 887 1285 statu-

149 1300 260 1333 ram-‘⁴
312 1299 503 1347 Aristoph.
529 1299 623 1333 Ran.
650 1300 741 1333 708:
768 1295 790 1331 ὁ
817 1300 887 1331 πί-

149 1347 298 1402 θηκος
319 1346 443 1388 οὗτος
469 1366 511 1370 -
538 1346 742 1390 Κλειγένης
767 1343 790 1379 ὁ
822 1358 887 1389 μι-

149 1391 253 1441 κρός.
282 1394 349 1437 ,,Μ.
363 1395 596 1428 Demetrium
614 1394 887 1427 modulatorem

149 1444 305 1496 propter
324 1442 482 1475 maciem
499 1452 542 1476 ac
559 1441 781 1486 parvitatem
804 1451 886 1475 cor-

150 1490 254 1534 poris
268 1490 338 1523 hoc
353 1490 504 1522 nomine
519 1489 886 1533 appellat.“PORP1{.

151 1537 245 1580 „Hic
271 1539 420 1580 praeter
447 1536 600 1570 Calvum
633 1539 670 1570 et
696 1535 885 1571 Catullum

149 1586 278 1628 poetas
305 1583 400 1617 alios
427 1594 503 1616 non
531 1584 693 1628 legerat,
727 1583 774 1616 ad
800 1583 885 1616 nul-

150 1631 224 1665 lam
266 1641 344 1664 rem
386 1630 518 1664 doctus
561 1631 634 1664 nisi
669 1630 808 1663 Catulli
849 1633 887 1663 et

152 1678 254 1722 Calvi
282 1688 414 1712 versus
440 1678 625 1712 cantare.“
676 1677 798 1711 ACRO.
841 1696 884 1700 —-

152 1725 316 1768 Calvum]
341 1725 397 1758 De
425 1724 464 1758 O.
489 1725 639 1759 Licinio
665 1724 778 1759 Calvo
805 1735 886 1758 ora-

79 1800 91 1816 ,
151 1775 233 1807 tore
253 1776 291 1807 et
307 1775 428 1817 poeta,
455 1772 595 1806 Catulli
619 1772 752 1814 amico,
778 1782 885 1816 prae-

152 1823 299 1854 matura
323 1822 441 1854 morte
468 1820 619 1854 circiter
644 1831 676 1854 a.
695 1831 732 1853 u.
751 1830 782 1853 c.
807 1821 884 1853 706.

152 1868 336 1902 exstincto
364 1868 430 1901 cfr.
457 1867 649 1901 Weichert
673 1867 778 1900 Poet.
804 1866 885 1899 Lat.

151 1926 187 1959 p.
212 1917 256 1949 89
284 1926 365 1959 sqq.
390 1933 439 1939 ——
462 1915 542 1949 Hoc
567 1917 692 1949 autem
716 1915 757 1948 in
785 1915 886 1947 simio

151 1963 218 1996 illo
236 1962 479 2007 reprehendit
491 1962 682 2003 Horatius,
701 1961 803 2006 quod
821 1972 886 1994 ne-

151 2010 285 2055 glectis
314 2012 470 2054 propter
496 2009 736 2043 difficultates
763 2019 884 2043 exem-

151 2057 323 2101 plaribus
350 2057 505 2091 Graecis
531 2057 643 2090 unice
669 2056 823 2090 laudare
851 2058 888 2090 et

153 2107 304 2138 cantare
351 2104 398 2147 (a
408 2106 428 2138 b
438 2107 477 2137 tr
487 2106 500 2137 i
511 2105 523 2137 l
535 2106 546 2137 t
556 2114 573 2138 e
582 2113 603 2137 r
612 2103 658 2147 n)
697 2103 890 2138 consuerit

152 2151 312 2186 leviores
330 2151 417 2186 illas
435 2162 566 2196 nugas,
591 2162 684 2196 quas
701 2151 888 2193 dicebant,

153 2199 383 2242 (bagatelles)
411 2199 551 2233 Catulli
577 2202 613 2233 et
635 2198 750 2233 Calvi.
785 2198 889 2246 Inest

152 2246 250 2279 lenis
277 2247 389 2280 etiam
420 2246 550 2280 irrisio
582 2246 775 2280 amborum
799 2247 888 2290 poi}-

152 2296 296 2335 tarum,
338 2293 385 2327 ab
422 2294 508 2328 aliis
547 2293 700 2338 quidem
741 2292 887 2338 magnis

153 2341 211 2383 (ut
252 2341 333 2384 ipse
375 2344 528 2385 putasse
567 2341 734 2383 videtur,
776 2341 887 2375 etiam

152 2387 334 2429 nimiis),
390 2388 566 2422 laudibus
617 2389 889 2422 celebratorum

154 2434 277 2478 (Ovid.
300 2434 426 2468 Amor.
452 2438 484 2477 3,
503 2438 536 2478 9,
556 2438 618 2468 61:
648 2437 782 2469 Obvius
806 2436 888 2468 huic

154 2481 354 2524 (Tibullo)
388 2484 511 2515 venias
545 2484 681 2516 hedera
710 2484 888 2516 iuvenilia

154 2531 290 2562 cinctas
315 2530 491 2570 Tempora
517 2539 598 2562 cum
624 2531 753 2572 Calvo,
787 2531 888 2563 docte

154 2578 314 2619 Catulle,
341 2577 452 2620 tua),
492 2577 556 2610 sed
582 2580 706 2611 tamen
732 2577 887 2611 summis

155 2623 384 2658 Graecorum
416 2624 536 2668 poetis
562 2635 801 2668 nequaquam
826 2635 887 2658 ae-

154 2671 488 2715 quiparandorum.

202 2719 351 2752 20—24.
389 2719 433 2752 Ac
457 2727 630 2760 maenum
655 2719 761 2762 [ecit]
798 2721 888 2762 „ein

935 833 1075 866 qrosses
1115 826 1346 858 Kunststttck.
1364 825 1380 843 ‘⁶
1431 824 1574 860 Iacobs.
1625 844 1667 848 ——

931 873 1049 905 verbis
1099 873 1242 906 Graeca
1299 873 1439 906 Latinis
1495 872 1668 915 Miscuit]

932 919 1110 953 Placebat
1143 920 1259 965 igitur
1294 919 1492 954 nonnullis
1521 919 1669 954 Horatii

933 967 1156 1011 aequalibus
1181 968 1317 1002 vitiosa
1344 967 1411 1000 illa
1436 967 1669 1002 consuetudo

934 1015 1049 1048 verba
1075 1014 1234 1057 Graeca,
1260 1014 1450 1048 interdum
1475 1014 1587 1048 etiam
1612 1015 1670 1048 in-

934 1064 1060 1106 tegros
1101 1062 1329 1104 versiculos,
1369 1061 1516 1096 Latinis
1557 1062 1672 1096 inter-

934 1109 1129 1151 miscendi,
1153 1110 1218 1154 qui
1232 1119 1312 1143 mos
1325 1110 1366 1143 in
1381 1108 1551 1153 epistolis
1565 1108 1670 1143 dum-

935 1159 1035 1190 taxat
1070 1157 1318 1191 familiaribus
1355 1157 1414 1190 illi
1450 1157 1670 1192 tolerandus

935 1204 1149 1246 videbatur,
1188 1205 1259 1238 etsi
1293 1204 1455 1238 eundem
1490 1214 1558 1239 suo
1585 1205 1670 1239 iure

935 1253 1087 1285 secutus
1129 1253 1187 1285 est
1226 1251 1266 1284 in
1311 1251 1394 1286 loco
1442 1251 1670 1287 facetissime

936 1299 1047 1333 etiam
1071 1299 1272 1333 Lucretius
1298 1301 1332 1342 4,
1361 1300 1449 1332 1156
1477 1309 1559 1344 sqq.
1592 1298 1670 1333 Cic.

935 1346 980 1380 de
1006 1345 1113 1380 Offic.
1142 1345 1181 1387 1,
1209 1348 1273 1388 31,
1301 1348 1390 1381 111:
1427 1354 1591 1380 sermone
1629 1356 1670 1380 eo

935 1395 1101 1427 debemus
1126 1395 1198 1436 uti,
1237 1395 1302 1435 qui
1333 1395 1442 1427 natus
1474 1396 1525 1427 est
1557 1395 1669 1437 nobis,

935 1449 991 1483 ne,
1015 1444 1055 1474 ut
1074 1442 1236 1483 quidam,
1262 1441 1405 1475 Graeca
1421 1442 1534 1475 verba
1553 1442 1670 1475 incul-

936 1491 1059 1522 cantes
1091 1490 1172 1522 iure
1198 1486 1339 1530 optimo'
1356 1489 1558 1522 rideamur.
1607 1489 1669 1522 In·

934 1539 991 1569 ter
1015 1535 1155 1570 Lucilii
1186 1536 1367 1581 reliquias
1398 1537 1494 1570 haec
1519 1546 1670 1580 quoque

936 1586 1045 1616 sunt:
1073 1585 1143 1625 5,1
1171 1583 1289 1626 (Gerl.
1311 1594 1347 1626 p.
1368 1583 1457 1626 17.:)
1484 1585 1564 1616 Hoc
1580 1583 1670 1617 Nol-

936 1633 968 1662 et
1001 1630 1189 1664 Debueris
1224 1633 1257 1663 te
1288 1631 1328 1664 Si
1358 1631 1473 1663 minu’
1504 1631 1669 1673 delectat,

935 1677 1031 1717 quod
1062 1672 1226 1717 ἄτεχνον
1250 1678 1472 1711 Isocratium
1505 1680 1574 1719 est,
1613 1675 1678 1714 Ὀ-,

934 1723 1209 1771 Χληοῶὄεςᾳιιε
1229 1725 1339 1757 simul
1363 1727 1479 1758 totum
1502 1733 1546 1758 ac
1571 1735 1670 1768 συμ-

934 1755 1201 1818 ,ιιειοακιῶὁες.ο
1241 1773 1323 1806 Non
1359 1780 1510 1813 operam
1543 1774 1668 1814 perdo.

935 1838 980 1842 —
1008 1820 1037 1852 0
1070 1821 1144 1852 seri
1175 1819 1428 1862 studiorumt]
1468 1820 1550 1854 Hoc
1586 1820 1668 1864 ipso

934 1869 1008 1900 tam
1033 1877 1212 1911 perverso
1238 1867 1379 1901 iudicio
1406 1867 1495 1901 satis
1521 1866 1584 1901 isti
1606 1867 1669 1901 de-

935 1914 1194 1948 monstrabant
1221 1924 1304 1948 sero
1331 1925 1370 1948 se
1395 1914 1583 1958 incepisse
1610 1915 1669 1948 lit-

935 1962 1024 1995 teris
1052 1972 1204 2006 operam
1229 1961 1330 1996 dare.
1365 1959 1581 2004 Ὀψιμαθία
1606 1973 1670 1995 au-

936 2010 1009 2042 tem
1029 2010 1166 2053 optimo
1191 2010 1276 2043 iure
1301 2009 1470 2052 antiquis
1486 2019 1668 2053 perquam

936 2056 1098 2090 ridicula
1116 2056 1325 2090 videbatur.
1356 2055 1462 2090 conf.
1481 2055 1669 2100 Theophr.

938 2102 1046 2137 Char.
1074 2106 1130 2138 27.
1182 2103 1259 2138 Cic.
1285 2103 1332 2137 ad
1355 2103 1457 2138 Fam.
1483 2106 1516 2146 9,
1543 2105 1599 2146 20,
1625 2105 1669 2138 2:

936 2148 1151 2194 ὀψιμαθεῖς
1185 2152 1344 2185 homines
1375 2151 1445 2184 scis
1477 2159 1588 2192 quam
1615 2152 1671 2184 in·

935 2199 1091 2232 solentes
1126 2201 1209 2232 sint.
1256 2197 1316 2231 Ad
1351 2199 1670 2232 constructionem

936 2257 968 2278 v.
994 2255 1098 2279 serus
1124 2245 1191 2280 cfr.
1210 2245 1276 2279 Sil.
1293 2245 1375 2279 Ital.
1401 2247 1433 2287 3,
1461 2247 1552 2280 255:
1581 2247 1669 2279 Con-

936 2294 1020 2326 silio
1045 2294 1184 2336 viridis,
1209 2295 1272 2326 sed
1297 2294 1384 2326 belli
1406 2301 1509 2326 serus
1528 2294 1668 2326 Itertes.

939 2360 981 2363 ——
1001 2342 1108 2381 quine
1131 2339 1281 2383 putetis]
1315 2339 1553 2373 Constructio
1580 2349 1668 2373 con-

937 2389 1057 2422 tracta
1093 2399 1139 2422 ex
1175 2387 1257 2421 his:
1297 2387 1566 2429 „putatisne?“
1606 2390 1669 2420 et:

939 2437 1033 2477 „qui
1053 2434 1240 2476 putetis;“
1278 2435 1416 2476 „dass
1449 2435 1524 2467 ihr
1557 2435 1669 2467 doch

937 2483 1144 2523 alauben
1175 2481 1397 2514 konnetffl·
1441 2481 1516 2515 Cfr.
1543 2481 1668 2515 Plaut.

937 2529 1092 2563 Trucul.
1117 2531 1150 2572 2,
1175 2531 1208 2570 6,
1233 2530 1301 2562 53:
1329 2529 1446 2570 Quinc
1472 2529 1670 2562 etiamnum

934 2585 1046 2618 super
1070 2578 1244 2610 adducas.
1279 2595 1322 2599 —
1355 2577 1496 2609 Rhodio
1513 2595 1528 2601 -
1545 2576 1668 2608 Pitho-

938 2624 1060 2668 leonti]
1086 2623 1258 2658 Bentleio
1285 2622 1432 2656 videtur
1457 2622 1576 2664 idem,
1603 2622 1668 2666 qui

934 2671 1073 2705 Iulium
1092 2670 1289 2705 Gaesarem
1314 2669 1468 2703 famosis
1494 2669 1670 2703 carmini-

935 2718 1005 2752 bus
1047 2718 1243 2760 laceravit,
1293 2719 1447 2751 auctore
1490 2716 1668 2751 Suetonio
