1774 2930
169 167 257 209 372

288 269 360 330 An
391 270 547 326 rapias.
596 269 730 325 Atqui
761 283 905 312 rerum
937 275 1064 326 caput
1095 270 1176 313 hoc
1208 275 1320 325 erat,
1353 272 1423 315 hic
1454 273 1562 330 fons.

646 168 854 203 HORATII
878 168 1227 205 EPISTOLARUM

1636 259 1706 315 45'

287 340 486 382 Indotata
516 340 621 382 mihi
655 354 775 382 soror
806 344 892 394 est,
925 342 1187 398 paupercula
1217 347 1355 385 mater

288 411 347 453 Et
378 411 533 453 fundus
565 425 645 454 nec
676 411 905 453 vendibilis
937 426 1018 454 nec
1048 427 1226 469 pascere
1257 413 1424 469 firmus,

289 482 374 530 Qui
407 482 529 535 dicit,
564 482 745 524 clamat:
780 482 952 524 Victum
983 482 1096 526 date.
1145 483 1336 526 Succinit
1365 485 1501 527 alter:

287 552 346 594 Et
376 553 481 594 mihi
516 552 689 595 dividuo
720 553 905 595 findetur
935 567 1114 597 munere
1146 555 1320 610 quadra.

290 623 377 666 Sed
406 624 562 666 tacitus
594 624 714 680 pasci
750 625 785 666 si
817 628 966 680 posset
996 639 1171 679 corvus,
1202 625 1384 668 haberet

1638 627 1697 668 50

285 693 389 736 Plus
421 694 544 750 dapis
577 700 620 736 et
649 695 771 737 rixae
801 695 935 738 multo
965 696 1106 737 minus
1138 696 1425 753 invidiaeque.

167 825 402 857 decissimum
440 826 643 866 aucupium
679 826 909 858 circumvoli-

170 872 283 904 tantis
311 872 439 904 limina
453 873 702 913 potentiorum
723 880 907 905 somnum-

169 927 239 959 que
264 920 360 960 roais
384 920 444 951 sui
476 920 688 952 rumoribus
714 928 907 960 auquran-

170 967 224 999 tis.
262 985 304 989 -—
340 967 452 1006 Atqui
490 966 581 1008 cet.]
619 965 686 1000 Est
723 964 908 1014 ἀναφορὰ

169 1013 229 1047 vel
266 1011 407 1056 κλῖμαξ
441 1024 473 1046 ν.
513 1015 577 1046 38;
619 1014 731 1054 Atqui
765 1014 822 1046 hic
857 1017 906 1047 esi

170 1062 240 1094 cet.
268 1079 310 1084 -
347 1069 475 1094 rerum
499 1060 632 1103 capnt]
669 1060 824 1103 „Totius
850 1061 907 1094 in-

172 1107 289 1152 cepti,
329 1107 430 1152 quod
465 1107 534 1141 tibi
569 1110 766 1152 tantopere
800 1108 906 1142 cordi

169 1158 237 1197 est,
268 1155 377 1200 origo
403 1166 446 1189 ac
471 1155 559 1189 finis
583 1155 788 1199 primarius
814 1158 907 1197 erat,

169 1205 210 1235 ut
236 1202 467 1236 commodius
493 1203 658 1244 viveres,
684 1203 906 1236 auctoritate

168 1249 373 1294 gauderes,
408 1249 582 1283 ditarere.
632 1249 756 1283 Huius
783 1252 906 1284 autem

168 1297 310 1341 incepti
338 1307 537 1331 successus
555 1298 622 1330 tua
646 1297 685 1329 in
703 1297 908 1340 prudentia

169 1344 266 1379 situs
292 1347 367 1378 est:
394 1355 480 1378 nam
507 1345 538 1378 si
557 1344 774 1378 verecunde
801 1355 907 1378 acce-

168 1391 272 1436 peris
309 1391 462 1435 patroni
500 1391 601 1425 dona
638 1401 709 1425 nec
742 1392 906 1425 mendici

167 1439 289 1472 instar
314 1439 554 1483 impudenter
583 1439 803 1483 poposceris
829 1439 907 1473 avi-

169 1485 292 1530 deque
306 1486 491 1531 rapueris,
510 1485 696 1531 quidquid
712 1486 779 1520 tibi
799 1486 908 1520 offert

170 1534 340 1574 occasio,
382 1533 447 1567 ille
490 1543 636 1578 semper
679 1534 797 1578 magis
840 1534 908 1567 tibi

169 1580 329 1624 favebit3
365 1580 467 1625 quod
492 1581 616 1624 ipsum
643 1580 711 1614 tibi
737 1584 794 1614 est
819 1592 906 1625 pro-

167 1628 353 1672 positum:
388 1630 540 1670 contra,
567 1628 598 1662 si
624 1628 906 1662 inverecundus

170 1678 207 1708 et
231 1678 343 1720 tagax
368 1675 463 1718 eris,
498 1675 604 1709 brevi
630 1676 797 1719 tempore
824 1676 906 1709 fau-

170 1724 288 1756 torem
307 1723 376 1756 abs
400 1725 436 1757 te
454 1722 673 1757 alienabis.“
702 1722 769 1756 Vv.
796 1725 906 1764 caput

171 1771 235 1802 hoc
253 1769 474 1803 referuntur
492 1769 538 1803 ad
556 1780 611 1803 vv.
626 1771 907 1811 Plus--sereni;

169 1827 225 1850 vv.
252 1818 590 1858 distat-”rapias
623 1827 691 1859 per
717 1813 907 1859 ἑπεξήγη-

170 1874 232 1896 σιν
258 1863 484 1907 interposita
509 1865 608 1896 sunt.
641 1865 757 1904 Caput
781 1865 905 1896 autem

170 1913 206 1944 et
227 1911 310 1952 sons
329 1921 373 1944 ex
398 1910 562 1944 formula
579 1910 716 1944 Latina
741 1910 795 1943 sic
820 1910 906 1943 iun-

167 1960 310 2003 guntur
341 1958 450 1992 etiam
485 1957 585 2001 apud
613 1957 833 1991 Ciceronem
860 1957 905 1991 de

168 2004 232 2038 Or.
263 2007 293 2047 1,
323 2007 378 2047 10,
404 2007 467 2038 42:
499 2005 801 2046 philosophorum
827 2013 907 2046 ore-

168 2061 239 2095 aes,
265 2053 341 2085 iam
368 2053 414 2085 ab
439 2053 506 2085 illo
523 2053 624 2093 [onie
651 2054 683 2085 ei
709 2053 826 2093 capite
843 2053 906 2086 So-

170 2101 282 2133 crate.
300 2117 349 2123 -—
366 2099 459 2143 erat]
488 2102 602 2141 „tunc
620 2109 705 2133 cum
731 2099 905 2133 sumebas

168 2147 375 2191 pudenter,
413 2149 526 2191 atque
562 2148 620 2180 est
653 2147 904 2180 etiamnunc.“

217 2219 340 2250 46-49.
371 2219 547 2251 Indolata
573 2216 657 2259 cet.]
683 2216 904 2261 Exemplum

168 2264 443 2309 impudentiae,
469 2275 567 2309 quae
594 2263 777 2298 beneficia
801 2275 904 2298 men-

169 2311 271 2345 dicat
312 2322 334 2345 a
373 2314 553 2356 patrono,
602 2311 727 2345 causis
768 2311 906 2355 allatis,

169 2369 267 2403 quae
285 2359 402 2392 huius
419 2358 727 2400 misericordiam,
752 2361 795 2392 ut
821 2369 905 2403 spe-

169 2408 238 2448 rat,
263 2405 374 2439 facile
397 2408 583 2440 moveant.
609 2405 906 2450 Ignominiosum

169 2455 295 2486 autem
314 2455 394 2486 erat
410 2453 517 2487 fratri
544 2453 665 2486 sorori
685 2452 809 2487 dotem
826 2464 904 2487 non

169 2499 269 2534 dare.
297 2499 374 2533 cfr.
391 2499 515 2534 Plaut.
535 2499 704 2533 Trinum.
723 2502 756 2543 3,
781 2502 814 2543 2,
838 2502 903 2534 63:

168 2555 213 2580 ne
244 2548 296 2580 mi
328 2548 422 2580 hanc
454 2549 595 2588 samam
620 2548 808 2590 differam,
844 2549 903 2582 Me

170 2602 387 2635 qermanam
403 2602 523 2627 meam
540 2602 704 2627 sororem
720 2596 759 2627 in
776 2603 905 2627 concu-

170 2642 336 2674 binatum
361 2642 427 2674 libi
441 2642 500 2675 Sic
523 2642 601 2674 sine
626 2643 708 2674 dote
727 2643 904 2675 dedidisse

167 2689 284 2729 maqis
323 2697 435 2729 quam
472 2689 511 2721 in
547 2689 831 2722 matrimonium.
860 2708 902 2712 —

167 2735 326 2776 fundus]
363 2746 465 2779 „quo
500 2734 650 2769 vendito
687 2735 809 2769 dotem
845 2746 903 2769 so·

958 825 1048 867 rori,
1074 826 1187 859 matri
1205 825 1387 860 alimenta
1409 826 1590 870 praebere
1608 837 1695 872 pos-

958 873 1071 906 sem.“
1109 891 1152 896 —-
1187 882 1253 907 nec
1287 873 1502 916 vendibilis]
1541 874 1695 919 propria

958 919 1234 964 significatione
1249 945 1259 962 ,
1308 922 1406 954 nicht
1451 922 1692 964 verkc'iuslich,

959 970 1146 1011 „propter
1172 967 1210 1001 id
1244 968 1387 1012 ipsum,
1421 968 1524 1012 quod
1554 968 1694 1002 sterilis

957 1014 1047 1048 est.“
1065 1033 1107 1037 —
1122 1023 1187 1047 nec
1201 1024 1352 1056 pascere
1364 1015 1505 1058 firmus]
1522 1014 1695 1058 βέβαιος,

957 1071 1105 1105 semper
1139 1061 1319 1105 idoneus;
1357 1072 1458 1105 „nec
1493 1063 1574 1096 eius
1607 1073 1695 1107 pro-

956 1110 1092 1142 ventus
1118 1111 1247 1142 tantus
1274 1111 1344 1151 est,
1368 1112 1411 1142 ut
1437 1120 1482 1143 ex
1508 1120 1553 1143 eo
1579 1109 1693 1143 vitam

958 1157 1198 1198 sustentem.“
1227 1175 1269 1180 —-
1298 1155 1455 1199 clamat]
1481 1158 1524 1190 ut
1548 1156 1693 1190 mendi-

958 1213 1037 1236 cus.
1075 1222 1117 1226 -
1150 1204 1309 1237 succinit
1350 1203 1470 1246 aller]
1506 1203 1695 1248 Exprimit

956 1249 1217 1284 mendicorum
1231 1250 1279 1284 ad
1293 1251 1444 1295 templa,
1461 1250 1584 1293 trivia,
1600 1261 1694 1296 pon-

958 1299 1014 1331 tes
1034 1300 1349 1343 congregatorum
1365 1299 1588 1342 perpetuam
1606 1307 1693 1332 can-

958 1344 1129 1386 tilenam,
1164 1355 1258 1389 qua,
1292 1347 1334 1378 ut
1357 1345 1504 1389 primus
1529 1345 1694 1390 quisque

957 1392 1093 1435 stipem
1111 1392 1270 1437 accepit,
1296 1391 1412 1426 ceteri
1432 1391 1505 1426 sibi
1531 1392 1694 1426 invicem

957 1439 1164 1473 succinunt
1189 1438 1393 1482 (Senon),
1426 1439 1465 1473 id
1499 1441 1576 1482 est,
1610 1450 1694 1474 sese

956 1486 1057 1520 idem
1095 1486 1289 1521 clamando
1329 1486 1534 1531 excipiunt.
1569 1506 1612 1510 —
1646 1488 1695 1520 Et

958 1535 1046 1566 mihi
1064 1534 1148 1577 cet.]
1184 1533 1297 1576 „Mihi
1323 1536 1476 1578 quoque
1500 1534 1609 1579 panis
1633 1534 1695 1568 vel

956 1581 1154 1624 placentae
1172 1581 1333 1615 frustum
1351 1580 1449 1623 dato,
1474 1580 1528 1615 ita
1545 1583 1587 1615 ut
1610 1591 1693 1615 mu-

957 1639 1043 1670 nus,
1068 1628 1170 1672 quod
1187 1628 1283 1662 alter
1300 1630 1420 1662 totum
1437 1628 1587 1662 auferre
1604 1628 1692 1670 volt,

956 1675 1181 1709 dividatur.“
1210 1695 1252 1699 —-
1278 1675 1448 1717 dividuo]
1483 1686 1540 1719 pr.
1568 1673 1691 1719 „quod

957 1722 1076 1755 dividi
1101 1723 1260 1766 potest“,
1295 1725 1394 1755 tum:
1430 1721 1564 1765 „quod
1587 1732 1691 1756 nunc

956 1769 1081 1813 ipsum
1106 1769 1322 1803 dividitur.“
1349 1768 1499 1802 Terent.
1517 1767 1587 1802 Ad.
1607 1770 1641 1811 2,
1659 1770 1693 1812 2,

957 1817 1021 1849 32:
1048 1817 1173 1849 Potius
1199 1824 1310 1856 quam
1333 1817 1458 1849 venias
1482 1815 1522 1848 in
1543 1817 1692 1857 pericu-

958 1863 1051 1905 lum,
1087 1863 1243 1905 Sannio,
1275 1864 1450 1896 Servesne
1483 1871 1534 1895 an
1554 1865 1691 1904 perdas

956 1912 1089 1951 lotum,
1119 1911 1307 1943 dividuum
1331 1911 1424 1952 sace.
1452 1928 1495 1933 —
1522 1910 1691 1953 quadra]

955 1968 1011 2001 pr.
1048 1959 1214 2002 „quarta
1246 1957 1378 2001 pars.“
1428 1956 1534 2002 Virg.
1558 1956 1690 1991 Moret.

955 2005 1020 2037 48:
1054 2005 1191 2038 Laevat
1225 2013 1314 2046 opus
1345 2004 1551 2046 palmisque
1582 2012 1691 2038 snum

956 2052 1088 2084 dilatat
1112 2053 1151 2084 in
1177 2053 1299 2085 orbem
1322 2053 1370 2085 El
1395 2053 1514 2093 notat,
1539 2052 1691 2093 impres-

954 2100 1003 2131 sis
1029 2107 1145 2139 aequo
1175 2100 1383 2132 discrimine
1409 2099 1574 2139 quadris.
1625 2097 1690 2132 Se-

956 2156 1051 2180 neca
1075 2146 1121 2180 de
1146 2145 1277 2180 Benef.
1304 2148 1337 2188 4,
1364 2148 1429 2180 29:
1469 2146 1557 2187 Quis
1583 2147 1690 2179 bene-

955 2194 1076 2234 ficium
1117 2194 1211 2227 dixit
1252 2194 1435 2234 quadram
1472 2194 1583 2234 panis
1625 2194 1690 2226 aui

954 2241 1083 2282 stipem
1108 2241 1206 2274 aeris
1232 2241 1386 2274 abiecti?

1003 2313 1125 2344 50-57.
1150 2312 1220 2345 Sed
1245 2311 1377 2344 tacitus
1402 2310 1487 2354 cet.]
1515 2308 1687 2354 Speciem

954 2358 1069 2392 habet
1104 2358 1164 2392 vel
1200 2357 1393 2402 proverbii
1431 2357 1491 2391 vel
1527 2357 1689 2392 fabellae

953 2405 1156 2449 Aesopiae3
1183 2405 1290 2439 nulla
1305 2407 1430 2439 tamen
1447 2404 1561 2438 huius
1579 2415 1689 2450 argu-

954 2452 1070 2486 menti
1106 2454 1279 2496 superest
1307 2452 1348 2485 in
1375 2451 1517 2486 Goraae
1542 2447 1689 2485 Συντά-

954 2510 1080 2543 γματι.
1111 2499 1291 2542 „Corvus,
1316 2499 1406 2533 dum
1431 2509 1556 2542 escam
1580 2508 1687 2542 repe-

954 2547 1015 2588 rit,
1040 2546 1191 2580 assidue
1210 2547 1396 2580 crocitans
1417 2546 1512 2580 alias
1529 2554 1616 2579 aves
1634 2545 1688 2580 al·
1744 2540 1767 2565 ·²

954 2593 1055 2635 licit,
1081 2593 1309 2637 quibuscum
1333 2593 1438 2627 illam
1463 2591 1598 2637 partiri
1625 2602 1687 2627 co·
1750 2574 1770 2651 ἕ

952 2641 1065 2686 gitur.
1106 2639 1167 2674 Sic
1193 2643 1246 2683 tu,
1272 2641 1305 2674 si
1330 2639 1443 2674 tacite
1467 2642 1586 2684 petes,
1609 2650 1686 2673 ma-
1741 2637 1765 2673 ’κ

953 2689 1034 2722 iora
1057 2687 1156 2722 dona
1180 2687 1299 2729 feres,
1331 2696 1442 2740 quam
1460 2686 1508 2740 'si'
1525 2689 1684 2730 patrono
1746 2670 1766 2748 i

953 2745 1065 2769 aures
1099 2734 1284 2769 obtundes
1317 2734 1412 2768 alios
1441 2733 1511 2768 t1b1
1538 2743 1685 2778 compe·
1732 2749 1765 2930 i
