<?xml version="1.0" encoding="UTF-8"?>
<!DOCTYPE html PUBLIC "-//W3C//DTD XHTML 1.0 Transitional//EN"
    "http://www.w3.org/TR/xhtml1/DTD/xhtml1-transitional.dtd">
<html xmlns="http://www.w3.org/1999/xhtml" xml:lang="en" lang="en">
 <head>
  <title>
</title>
<meta http-equiv="Content-Type" content="text/html;charset=utf-8" />
  <meta name='ocr-system' content='tesseract 3.04.00' />
  <meta name='ocr-capabilities' content='ocr_page ocr_carea ocr_par ocr_line ocrx_word'/>
</head>
<body>
  <div class='ocr_page' id='page_1' title='image "./qhoratiusflaccus00horauoft_0508.png"; bbox 0 0 1774 2930; ppageno 0'>
   <div class='ocr_carea' id='block_1_1' title="bbox 179 132 267 174">
    <p class='ocr_par' dir='ltr' id='par_1_1' title="bbox 179 132 267 174">
     <span class='ocr_line' id='line_1_1' title="bbox 179 132 267 174; baseline 0.011 -1"><span class='ocrx_word' id='word_1_1' title='bbox 179 132 267 174; x_wconf 87' lang='lat'>500</span> 
     </span>
    </p>
   </div>
   <div class='ocr_carea' id='block_1_2' title="bbox 836 133 1045 169">
    <p class='ocr_par' dir='ltr' id='par_1_2' title="bbox 836 133 1045 169">
     <span class='ocr_line' id='line_1_2' title="bbox 836 133 1045 169; baseline 0.005 -1"><span class='ocrx_word' id='word_1_2' title='bbox 836 133 1045 169; x_wconf 76' lang='lat' dir='ltr'>HORATH</span> 
     </span>
    </p>
   </div>
   <div class='ocr_carea' id='block_1_3' title="bbox 298 232 1356 363">
    <p class='ocr_par' dir='ltr' id='par_1_3' title="bbox 298 232 1356 363">
     <span class='ocr_line' id='line_1_3' title="bbox 298 232 1356 293; baseline 0.007 -19"><span class='ocrx_word' id='word_1_3' title='bbox 298 232 520 288; x_wconf 85' lang='lat' dir='ltr'>Difficilis,</span> <span class='ocrx_word' id='word_1_4' title='bbox 554 235 778 290; x_wconf 87' lang='lat' dir='ltr'>querulus,</span> <span class='ocrx_word' id='word_1_5' title='bbox 810 234 1006 278; x_wconf 83' lang='lat' dir='ltr'>laudator</span> <span class='ocrx_word' id='word_1_6' title='bbox 1035 237 1242 293; x_wconf 86' lang='lat' dir='ltr'>temporis</span> <span class='ocrx_word' id='word_1_7' title='bbox 1273 239 1356 281; x_wconf 87' lang='lat' dir='ltr'>acti</span> 
     </span>
     <span class='ocr_line' id='line_1_4' title="bbox 299 303 1329 363; baseline 0.004 -17"><span class='ocrx_word' id='word_1_8' title='bbox 299 303 356 347; x_wconf 85' lang='lat' dir='ltr'>Se</span> <span class='ocrx_word' id='word_1_9' title='bbox 386 318 540 361; x_wconf 91' lang='lat' dir='ltr'>puero,</span> <span class='ocrx_word' id='word_1_10' title='bbox 574 306 806 361; x_wconf 86' lang='lat' dir='ltr'>castigator</span> <span class='ocrx_word' id='word_1_11' title='bbox 837 320 1072 363; x_wconf 83' lang='lat' dir='ltr'>censorque</span> <span class='ocrx_word' id='word_1_12' title='bbox 1103 308 1329 351; x_wconf 88' lang='lat' dir='ltr'>minorum.</span> 
     </span>
    </p>
   </div>
   <div class='ocr_carea' id='block_1_4' title="bbox 297 374 1446 436">
    <p class='ocr_par' dir='ltr' id='par_1_4' title="bbox 297 374 1446 436">
     <span class='ocr_line' id='line_1_5' title="bbox 297 374 1446 436; baseline 0.006 -20"><span class='ocrx_word' id='word_1_13' title='bbox 297 374 435 417; x_wconf 83' lang='lat' dir='ltr'>Multa</span> <span class='ocrx_word' id='word_1_14' title='bbox 464 375 607 418; x_wconf 89' lang='lat' dir='ltr'>ferunt</span> <span class='ocrx_word' id='word_1_15' title='bbox 639 377 740 419; x_wconf 87' lang='lat' dir='ltr'>anni</span> <span class='ocrx_word' id='word_1_16' title='bbox 771 378 996 421; x_wconf 84' lang='lat' dir='ltr'>venientes</span> <span class='ocrx_word' id='word_1_17' title='bbox 1028 379 1250 422; x_wconf 89' lang='lat' dir='ltr'>commoda</span> <span class='ocrx_word' id='word_1_18' title='bbox 1281 394 1446 436; x_wconf 82' lang='lat' dir='ltr'>secum3</span> 
     </span>
    </p>
   </div>
   <div class='ocr_carea' id='block_1_5' title="bbox 1617 383 1705 424">
    <p class='ocr_par' dir='ltr' id='par_1_5' title="bbox 1617 383 1705 424">
     <span class='ocr_line' id='line_1_6' title="bbox 1617 383 1705 424; baseline 0.011 -1"><span class='ocrx_word' id='word_1_19' title='bbox 1617 383 1705 424; x_wconf 84' lang='lat'>175</span> 
     </span>
    </p>
   </div>
   <div class='ocr_carea' id='block_1_6' title="bbox 296 446 1466 649">
    <p class='ocr_par' dir='ltr' id='par_1_6' title="bbox 296 446 1466 649">
     <span class='ocr_line' id='line_1_7' title="bbox 297 446 1395 494; baseline 0.006 -8"><span class='ocrx_word' id='word_1_20' title='bbox 297 446 434 488; x_wconf 85' lang='lat' dir='ltr'>Multa</span> <span class='ocrx_word' id='word_1_21' title='bbox 462 446 714 490; x_wconf 81' lang='lat' dir='ltr'>recedentes</span> <span class='ocrx_word' id='word_1_22' title='bbox 745 447 950 490; x_wconf 89' lang='lat' dir='ltr'>adimunt.</span> <span class='ocrx_word' id='word_1_23' title='bbox 996 449 1038 491; x_wconf 87' lang='lat' dir='ltr'>N</span> <span class='ocrx_word' id='word_1_24' title='bbox 1040 463 1064 492; x_wconf 91' lang='lat' dir='ltr'>e</span> <span class='ocrx_word' id='word_1_25' title='bbox 1094 449 1204 492; x_wconf 85' lang='lat' dir='ltr'>forte</span> <span class='ocrx_word' id='word_1_26' title='bbox 1236 451 1395 494; x_wconf 78' lang='lat' dir='ltr'>seniles</span> 
     </span>
     <span class='ocr_line' id='line_1_8' title="bbox 296 516 1353 577; baseline 0.006 -18"><span class='ocrx_word' id='word_1_27' title='bbox 296 516 555 560; x_wconf 86' lang='lat' dir='ltr'>Mandentur</span> <span class='ocrx_word' id='word_1_28' title='bbox 585 518 731 561; x_wconf 84' lang='lat' dir='ltr'>iuveni</span> <span class='ocrx_word' id='word_1_29' title='bbox 762 523 907 575; x_wconf 86' lang='lat' dir='ltr'>partes</span> <span class='ocrx_word' id='word_1_30' title='bbox 938 534 1157 577; x_wconf 89' lang='lat' dir='ltr'>pueroque</span> <span class='ocrx_word' id='word_1_31' title='bbox 1187 522 1353 576; x_wconf 84' lang='lat' dir='ltr'>viriles,</span> 
     </span>
     <span class='ocr_line' id='line_1_9' title="bbox 298 587 1466 649; baseline 0.004 -19"><span class='ocrx_word' id='word_1_32' title='bbox 298 587 479 645; x_wconf 85' lang='lat' dir='ltr'>Semper</span> <span class='ocrx_word' id='word_1_33' title='bbox 507 589 553 630; x_wconf 91' lang='lat' dir='ltr'>in</span> <span class='ocrx_word' id='word_1_34' title='bbox 584 589 796 632; x_wconf 84' lang='lat' dir='ltr'>adiunctis</span> <span class='ocrx_word' id='word_1_35' title='bbox 827 605 1020 647; x_wconf 85' lang='lat' dir='ltr'>aevoque</span> <span class='ocrx_word' id='word_1_36' title='bbox 1048 592 1311 634; x_wconf 83' lang='lat' dir='ltr'>morabimur</span> <span class='ocrx_word' id='word_1_37' title='bbox 1340 593 1466 649; x_wconf 80' lang='lat' dir='ltr'>aptis.</span> 
     </span>
    </p>
   </div>
   <div class='ocr_carea' id='block_1_7' title="bbox 279 737 1654 786">
    <p class='ocr_par' dir='ltr' id='par_1_7' title="bbox 279 737 1654 786">
     <span class='ocr_line' id='line_1_10' title="bbox 279 737 1654 786; baseline 0.004 -16"><span class='ocrx_word' id='word_1_38' title='bbox 279 737 357 771; x_wconf 83' lang='lat'>178.</span> <span class='ocrx_word' id='word_1_39' title='bbox 393 738 600 770; x_wconf 75' lang='lat' dir='ltr'>morabitur</span> <span class='ocrx_word' id='word_1_40' title='bbox 624 737 713 782; x_wconf 88' lang='lat' dir='ltr'>BTp</span> <span class='ocrx_word' id='word_1_41' title='bbox 740 738 882 783; x_wconf 81' lang='lat' dir='ltr'>aliique</span> <span class='ocrx_word' id='word_1_42' title='bbox 909 737 1024 773; x_wconf 85' lang='lat' dir='ltr'>Codd.</span> <span class='ocrx_word' id='word_1_43' title='bbox 1049 738 1152 773; x_wconf 83' lang='lat' dir='ltr'>haud</span> <span class='ocrx_word' id='word_1_44' title='bbox 1176 741 1289 784; x_wconf 79' lang='lat' dir='ltr'>pauci</span> <span class='ocrx_word' id='word_1_45' title='bbox 1313 742 1351 774; x_wconf 86' lang='lat' dir='ltr'>et</span> <span class='ocrx_word' id='word_1_46' title='bbox 1376 740 1515 775; x_wconf 85' lang='lat' dir='ltr'>Oomm.</span> <span class='ocrx_word' id='word_1_47' title='bbox 1541 741 1654 786; x_wconf 84' lang='lat' dir='ltr'>Gruq.</span> 
     </span>
    </p>
   </div>
   <div class='ocr_carea' id='block_1_8' title="bbox 180 860 920 2750">
    <p class='ocr_par' dir='ltr' id='par_1_8' title="bbox 180 860 920 2750">
     <span class='ocr_line' id='line_1_11' title="bbox 181 860 919 905; baseline 0.004 -12"><span class='ocrx_word' id='word_1_48' title='bbox 181 860 265 894; x_wconf 88' lang='lat' dir='ltr'>cilis</span> <span class='ocrx_word' id='word_1_49' title='bbox 307 860 355 894; x_wconf 82' lang='lat' dir='ltr'>ad</span> <span class='ocrx_word' id='word_1_50' title='bbox 399 861 659 905; x_wconf 84' lang='lat' dir='ltr'>sperandum“</span> <span class='ocrx_word' id='word_1_51' title='bbox 701 862 919 904; x_wconf 86' lang='lat' dir='ltr'>(Forcell.),</span> 
     </span>
     <span class='ocr_line' id='line_1_12' title="bbox 183 907 920 953; baseline 0.001 -12"><span class='ocrx_word' id='word_1_52' title='bbox 183 907 252 949; x_wconf 84' lang='lat' dir='ltr'>„ad</span> <span class='ocrx_word' id='word_1_53' title='bbox 291 908 362 942; x_wconf 90' lang='lat' dir='ltr'>hoc</span> <span class='ocrx_word' id='word_1_54' title='bbox 400 909 525 951; x_wconf 89' lang='lat' dir='ltr'>iners,</span> <span class='ocrx_word' id='word_1_55' title='bbox 562 909 664 943; x_wconf 89' lang='lat' dir='ltr'>unde</span> <span class='ocrx_word' id='word_1_56' title='bbox 701 910 783 953; x_wconf 84' lang='lat' dir='ltr'>ipse</span> <span class='ocrx_word' id='word_1_57' title='bbox 821 910 920 943; x_wconf 90' lang='lat' dir='ltr'>nihil</span> 
     </span>
     <span class='ocr_line' id='line_1_13' title="bbox 180 955 919 1002; baseline 0.001 -13"><span class='ocrx_word' id='word_1_58' title='bbox 180 955 350 990; x_wconf 83' lang='lat' dir='ltr'>studiose</span> <span class='ocrx_word' id='word_1_59' title='bbox 384 955 638 1000; x_wconf 78' lang='lat' dir='ltr'>alacriterque</span> <span class='ocrx_word' id='word_1_60' title='bbox 672 957 819 1002; x_wconf 81' lang='lat' dir='ltr'>peragit</span> <span class='ocrx_word' id='word_1_61' title='bbox 857 957 919 999; x_wconf 90' lang='lat' dir='ltr'>(id</span> 
     </span>
     <span class='ocr_line' id='line_1_14' title="bbox 182 1002 919 1047; baseline 0.003 -11"><span class='ocrx_word' id='word_1_62' title='bbox 182 1003 286 1047; x_wconf 89' lang='lat' dir='ltr'>quod</span> <span class='ocrx_word' id='word_1_63' title='bbox 319 1002 421 1037; x_wconf 83' lang='lat' dir='ltr'>haud</span> <span class='ocrx_word' id='word_1_64' title='bbox 455 1003 642 1037; x_wconf 89' lang='lat' dir='ltr'>immerito</span> <span class='ocrx_word' id='word_1_65' title='bbox 675 1005 776 1038; x_wconf 89' lang='lat' dir='ltr'>inter</span> <span class='ocrx_word' id='word_1_66' title='bbox 811 1015 919 1039; x_wconf 88' lang='lat' dir='ltr'>sene-</span> 
     </span>
     <span class='ocr_line' id='line_1_15' title="bbox 183 1050 918 1094; baseline 0.003 -11"><span class='ocrx_word' id='word_1_67' title='bbox 183 1050 297 1084; x_wconf 85' lang='lat' dir='ltr'>ctutis</span> <span class='ocrx_word' id='word_1_68' title='bbox 346 1050 583 1085; x_wconf 85' lang='lat' dir='ltr'>incommoda</span> <span class='ocrx_word' id='word_1_69' title='bbox 623 1051 918 1094; x_wconf 82' lang='lat' dir='ltr'>numeraveris),</span> 
     </span>
     <span class='ocr_line' id='line_1_16' title="bbox 183 1097 918 1144; baseline 0.004 -14"><span class='ocrx_word' id='word_1_70' title='bbox 183 1097 292 1131; x_wconf 83' lang='lat' dir='ltr'>avide</span> <span class='ocrx_word' id='word_1_71' title='bbox 339 1099 464 1132; x_wconf 85' lang='lat' dir='ltr'>tamen</span> <span class='ocrx_word' id='word_1_72' title='bbox 515 1109 664 1143; x_wconf 83' lang='lat' dir='ltr'>semper</span> <span class='ocrx_word' id='word_1_73' title='bbox 715 1101 918 1144; x_wconf 82' lang='lat' dir='ltr'>exspectat,</span> 
     </span>
     <span class='ocr_line' id='line_1_17' title="bbox 182 1145 918 1191; baseline 0.003 -13"><span class='ocrx_word' id='word_1_74' title='bbox 182 1145 274 1189; x_wconf 87' lang='lat' dir='ltr'>quid</span> <span class='ocrx_word' id='word_1_75' title='bbox 307 1145 476 1179; x_wconf 85' lang='lat' dir='ltr'>futurum</span> <span class='ocrx_word' id='word_1_76' title='bbox 510 1148 659 1190; x_wconf 88' lang='lat' dir='ltr'>tempus</span> <span class='ocrx_word' id='word_1_77' title='bbox 691 1146 779 1180; x_wconf 81' lang='lat' dir='ltr'>novi</span> <span class='ocrx_word' id='word_1_78' title='bbox 805 1146 918 1191; x_wconf 87' lang='lat' dir='ltr'>grati-</span> 
     </span>
     <span class='ocr_line' id='line_1_18' title="bbox 184 1192 919 1236; baseline 0.003 -11"><span class='ocrx_word' id='word_1_79' title='bbox 184 1203 258 1236; x_wconf 91' lang='lat' dir='ltr'>que</span> <span class='ocrx_word' id='word_1_80' title='bbox 292 1192 327 1226; x_wconf 88' lang='lat' dir='ltr'>ei</span> <span class='ocrx_word' id='word_1_81' title='bbox 363 1203 453 1227; x_wconf 85' lang='lat' dir='ltr'>casu</span> <span class='ocrx_word' id='word_1_82' title='bbox 491 1192 655 1227; x_wconf 82' lang='lat' dir='ltr'>afferat.“</span> <span class='ocrx_word' id='word_1_83' title='bbox 707 1193 919 1227; x_wconf 83' lang='lat' dir='ltr'>Provocant</span> 
     </span>
     <span class='ocr_line' id='line_1_19' title="bbox 181 1238 919 1287; baseline 0 -14"><span class='ocrx_word' id='word_1_84' title='bbox 181 1239 228 1273; x_wconf 84' lang='lat' dir='ltr'>ad</span> <span class='ocrx_word' id='word_1_85' title='bbox 261 1238 417 1274; x_wconf 84' lang='lat' dir='ltr'>Aristot.</span> <span class='ocrx_word' id='word_1_86' title='bbox 455 1240 480 1274; x_wconf 85' lang='lat'>1.</span> <span class='ocrx_word' id='word_1_87' title='bbox 513 1241 538 1273; x_wconf 92' lang='lat' dir='ltr'>l.</span> <span class='ocrx_word' id='word_1_88' title='bbox 579 1240 611 1284; x_wconf 68' lang='grc' dir='ltr'>ξ.</span> <span class='ocrx_word' id='word_1_89' title='bbox 647 1242 710 1274; x_wconf 87' lang='lat'>11:</span> <span class='ocrx_word' id='word_1_90' title='bbox 753 1242 794 1273; x_wconf 85' lang='grc' dir='ltr'>οἱ</span> <span class='ocrx_word' id='word_1_91' title='bbox 830 1251 919 1287; x_wconf 80' lang='grc' dir='ltr'><em>πρε-</em></span> 
     </span>
     <span class='ocr_line' id='line_1_20' title="bbox 183 1283 919 1334; baseline 0.003 -15"><span class='ocrx_word' id='word_1_92' title='bbox 183 1283 364 1334; x_wconf 78' lang='grc' dir='ltr'><em>σβύτεροι</em></span> <span class='ocrx_word' id='word_1_93' title='bbox 395 1286 614 1329; x_wconf 76' lang='grc' dir='ltr'><strong><em>δυσέλπιδες</em></strong></span> <span class='ocrx_word' id='word_1_94' title='bbox 646 1285 710 1320; x_wconf 80' lang='grc' dir='ltr'>διὰ</span> <span class='ocrx_word' id='word_1_95' title='bbox 748 1285 817 1332; x_wconf 79' lang='grc' dir='ltr'>τὴν</span> <span class='ocrx_word' id='word_1_96' title='bbox 851 1290 919 1331; x_wconf 81' lang='grc' dir='ltr'>ἐμ-</span> 
     </span>
     <span class='ocr_line' id='line_1_21' title="bbox 182 1334 918 1381; baseline 0.003 -14"><span class='ocrx_word' id='word_1_97' title='bbox 182 1336 343 1381; x_wconf 79' lang='grc' dir='ltr'><em>πειρίαν.</em></span> <span class='ocrx_word' id='word_1_98' title='bbox 378 1337 415 1368; x_wconf 87' lang='lat' dir='ltr'>et</span> <span class='ocrx_word' id='word_1_99' title='bbox 449 1334 526 1368; x_wconf 90' lang='lat' dir='ltr'>Cic.</span> <span class='ocrx_word' id='word_1_100' title='bbox 560 1335 619 1369; x_wconf 87' lang='lat' dir='ltr'>ad.</span> <span class='ocrx_word' id='word_1_101' title='bbox 654 1335 755 1369; x_wconf 90' lang='lat' dir='ltr'>Fam.</span> <span class='ocrx_word' id='word_1_102' title='bbox 790 1337 829 1377; x_wconf 89' lang='lat'>2,</span> <span class='ocrx_word' id='word_1_103' title='bbox 864 1338 918 1376; x_wconf 81' lang='lat'>16,</span> 
     </span>
     <span class='ocr_line' id='line_1_22' title="bbox 183 1383 918 1425; baseline 0 -9"><span class='ocrx_word' id='word_1_104' title='bbox 183 1385 223 1416; x_wconf 85' lang='lat'>6:</span> <span class='ocrx_word' id='word_1_105' title='bbox 257 1384 443 1416; x_wconf 81' lang='lat' dir='ltr'>Recordor</span> <span class='ocrx_word' id='word_1_106' title='bbox 478 1383 747 1425; x_wconf 76' lang='lat' dir='ltr'>desperationes</span> <span class='ocrx_word' id='word_1_107' title='bbox 781 1391 918 1425; x_wconf 82' lang='lat' dir='ltr'>eorum,</span> 
     </span>
     <span class='ocr_line' id='line_1_23' title="bbox 182 1430 919 1471; baseline 0.001 -8"><span class='ocrx_word' id='word_1_108' title='bbox 182 1430 246 1470; x_wconf 82' lang='lat' dir='ltr'>qui</span> <span class='ocrx_word' id='word_1_109' title='bbox 285 1438 389 1463; x_wconf 76' lang='lat' dir='ltr'>senes</span> <span class='ocrx_word' id='word_1_110' title='bbox 431 1433 537 1463; x_wconf 79' lang='lat' dir='ltr'>erant</span> <span class='ocrx_word' id='word_1_111' title='bbox 580 1431 804 1463; x_wconf 76' lang='lat' dir='ltr'>adolescente</span> <span class='ocrx_word' id='word_1_112' title='bbox 841 1439 919 1471; x_wconf 83' lang='lat' dir='ltr'>me;</span> 
     </span>
     <span class='ocr_line' id='line_1_24' title="bbox 183 1478 919 1518; baseline 0 -8"><span class='ocrx_word' id='word_1_113' title='bbox 183 1486 242 1510; x_wconf 85' lang='lat' dir='ltr'>eos</span> <span class='ocrx_word' id='word_1_114' title='bbox 285 1486 350 1518; x_wconf 76' lang='lat' dir='ltr'>eqo</span> <span class='ocrx_word' id='word_1_115' title='bbox 391 1478 548 1518; x_wconf 77' lang='lat' dir='ltr'>sortasse</span> <span class='ocrx_word' id='word_1_116' title='bbox 589 1486 686 1511; x_wconf 77' lang='lat' dir='ltr'>‘nunc</span> <span class='ocrx_word' id='word_1_117' title='bbox 723 1479 847 1511; x_wconf 77' lang='lat' dir='ltr'>imitor</span> <span class='ocrx_word' id='word_1_118' title='bbox 886 1479 919 1511; x_wconf 77' lang='lat' dir='ltr'>et</span> 
     </span>
     <span class='ocr_line' id='line_1_25' title="bbox 182 1525 919 1569; baseline 0.003 -13"><span class='ocrx_word' id='word_1_119' title='bbox 182 1527 267 1557; x_wconf 79' lang='lat' dir='ltr'>utor</span> <span class='ocrx_word' id='word_1_120' title='bbox 313 1525 445 1557; x_wconf 74' lang='lat' dir='ltr'>aetatis</span> <span class='ocrx_word' id='word_1_121' title='bbox 493 1525 593 1558; x_wconf 82' lang='lat' dir='ltr'>vilio.</span> <span class='ocrx_word' id='word_1_122' title='bbox 642 1525 754 1559; x_wconf 90' lang='lat' dir='ltr'>Hunc</span> <span class='ocrx_word' id='word_1_123' title='bbox 793 1525 919 1569; x_wconf 87' lang='lat' dir='ltr'>ipsum</span> 
     </span>
     <span class='ocr_line' id='line_1_26' title="bbox 182 1572 919 1616; baseline 0 -11"><span class='ocrx_word' id='word_1_124' title='bbox 182 1574 307 1605; x_wconf 86' lang='lat' dir='ltr'>autem</span> <span class='ocrx_word' id='word_1_125' title='bbox 358 1582 511 1606; x_wconf 86' lang='lat' dir='ltr'>sensum</span> <span class='ocrx_word' id='word_1_126' title='bbox 564 1572 721 1616; x_wconf 81' lang='lat' dir='ltr'>praebet</span> <span class='ocrx_word' id='word_1_127' title='bbox 770 1572 919 1606; x_wconf 86' lang='lat' dir='ltr'>inutilis</span> 
     </span>
     <span class='ocr_line' id='line_1_27' title="bbox 182 1618 918 1662; baseline 0 -10"><span class='ocrx_word' id='word_1_128' title='bbox 182 1618 346 1653; x_wconf 85' lang='lat' dir='ltr'>Bentleii</span> <span class='ocrx_word' id='word_1_129' title='bbox 379 1619 599 1653; x_wconf 79' lang='lat' dir='ltr'>coniectura</span> <span class='ocrx_word' id='word_1_130' title='bbox 629 1628 690 1662; x_wconf 82' lang='lat' dir='ltr'>spe</span> <span class='ocrx_word' id='word_1_131' title='bbox 707 1620 846 1660; x_wconf 64' lang='lat' dir='ltr'>lencm.</span> <span class='ocrx_word' id='word_1_132' title='bbox 873 1620 918 1662; x_wconf 85' lang='lat'>2)</span> 
     </span>
     <span class='ocr_line' id='line_1_28' title="bbox 184 1666 918 1711; baseline 0.001 -11"><span class='ocrx_word' id='word_1_133' title='bbox 184 1666 332 1709; x_wconf 87' lang='lat' dir='ltr'>„Senex</span> <span class='ocrx_word' id='word_1_134' title='bbox 365 1669 492 1711; x_wconf 82' lang='lat' dir='ltr'>sperat</span> <span class='ocrx_word' id='word_1_135' title='bbox 517 1677 557 1701; x_wconf 90' lang='lat' dir='ltr'>se</span> <span class='ocrx_word' id='word_1_136' title='bbox 587 1667 647 1700; x_wconf 87' lang='lat' dir='ltr'>vel</span> <span class='ocrx_word' id='word_1_137' title='bbox 672 1670 758 1711; x_wconf 88' lang='lat' dir='ltr'>post</span> <span class='ocrx_word' id='word_1_138' title='bbox 782 1667 918 1701; x_wconf 90' lang='lat' dir='ltr'>decen-</span> 
     </span>
     <span class='ocr_line' id='line_1_29' title="bbox 182 1714 919 1759; baseline 0.001 -12"><span class='ocrx_word' id='word_1_139' title='bbox 182 1714 288 1747; x_wconf 89' lang='lat' dir='ltr'>nium</span> <span class='ocrx_word' id='word_1_140' title='bbox 325 1714 398 1747; x_wconf 90' lang='lat' dir='ltr'>hoc</span> <span class='ocrx_word' id='word_1_141' title='bbox 432 1715 492 1748; x_wconf 87' lang='lat' dir='ltr'>vel</span> <span class='ocrx_word' id='word_1_142' title='bbox 529 1714 627 1748; x_wconf 88' lang='lat' dir='ltr'>illud</span> <span class='ocrx_word' id='word_1_143' title='bbox 659 1714 919 1759; x_wconf 84' lang='lat' dir='ltr'>perfecturum</span> 
     </span>
     <span class='ocr_line' id='line_1_30' title="bbox 182 1761 919 1806; baseline 0.003 -13"><span class='ocrx_word' id='word_1_144' title='bbox 182 1762 241 1794; x_wconf 87' lang='lat' dir='ltr'>vel</span> <span class='ocrx_word' id='word_1_145' title='bbox 260 1761 498 1805; x_wconf 86' lang='lat' dir='ltr'>adepturum,</span> <span class='ocrx_word' id='word_1_146' title='bbox 525 1761 626 1795; x_wconf 88' lang='lat' dir='ltr'>unde</span> <span class='ocrx_word' id='word_1_147' title='bbox 644 1762 684 1795; x_wconf 93' lang='lat' dir='ltr'>in</span> <span class='ocrx_word' id='word_1_148' title='bbox 701 1761 919 1806; x_wconf 83' lang='lat' dir='ltr'>praesentia</span> 
     </span>
     <span class='ocr_line' id='line_1_31' title="bbox 182 1808 917 1850; baseline 0 -9"><span class='ocrx_word' id='word_1_149' title='bbox 182 1808 287 1842; x_wconf 89' lang='lat' dir='ltr'>iners</span> <span class='ocrx_word' id='word_1_150' title='bbox 321 1812 467 1850; x_wconf 82' lang='lat' dir='ltr'>manet,</span> <span class='ocrx_word' id='word_1_151' title='bbox 501 1809 599 1841; x_wconf 89' lang='lat' dir='ltr'>nihil</span> <span class='ocrx_word' id='word_1_152' title='bbox 634 1811 787 1842; x_wconf 90' lang='lat' dir='ltr'>strenue</span> <span class='ocrx_word' id='word_1_153' title='bbox 813 1819 917 1842; x_wconf 87' lang='lat' dir='ltr'>exse-</span> 
     </span>
     <span class='ocr_line' id='line_1_32' title="bbox 183 1855 918 1899; baseline 0 -11"><span class='ocrx_word' id='word_1_154' title='bbox 183 1855 347 1899; x_wconf 84' lang='lat' dir='ltr'>quitur,“</span> <span class='ocrx_word' id='word_1_155' title='bbox 383 1858 526 1897; x_wconf 87' lang='lat' dir='ltr'>cetera,</span> <span class='ocrx_word' id='word_1_156' title='bbox 559 1858 603 1888; x_wconf 90' lang='lat' dir='ltr'>ut</span> <span class='ocrx_word' id='word_1_157' title='bbox 635 1865 760 1899; x_wconf 88' lang='lat' dir='ltr'>supra.</span> <span class='ocrx_word' id='word_1_158' title='bbox 810 1855 918 1888; x_wconf 90' lang='lat' dir='ltr'>Prio-</span> 
     </span>
     <span class='ocr_line' id='line_1_33' title="bbox 182 1901 918 1936; baseline -0.001 0"><span class='ocrx_word' id='word_1_159' title='bbox 182 1913 262 1936; x_wconf 91' lang='lat' dir='ltr'>rem</span> <span class='ocrx_word' id='word_1_160' title='bbox 287 1902 473 1936; x_wconf 83' lang='lat' dir='ltr'>rationem</span> <span class='ocrx_word' id='word_1_161' title='bbox 505 1913 588 1936; x_wconf 87' lang='lat' dir='ltr'>cum</span> <span class='ocrx_word' id='word_1_162' title='bbox 616 1901 788 1936; x_wconf 84' lang='lat' dir='ltr'>Gonodio</span> <span class='ocrx_word' id='word_1_163' title='bbox 814 1912 918 1935; x_wconf 90' lang='lat' dir='ltr'>nunc</span> 
     </span>
     <span class='ocr_line' id='line_1_34' title="bbox 182 1949 917 1994; baseline -0.003 -10"><span class='ocrx_word' id='word_1_164' title='bbox 182 1950 367 1994; x_wconf 86' lang='lat' dir='ltr'>praefero.</span> <span class='ocrx_word' id='word_1_165' title='bbox 419 1969 461 1973; x_wconf 83' lang='lat'><em>-</em></span> <span class='ocrx_word' id='word_1_166' title='bbox 513 1951 711 1990; x_wconf 76' lang='lat' dir='ltr'>avidusque</span> <span class='ocrx_word' id='word_1_167' title='bbox 776 1949 917 1992; x_wconf 76' lang='lat' dir='ltr'>futuri]</span> 
     </span>
     <span class='ocr_line' id='line_1_35' title="bbox 181 1993 917 2040; baseline 0 -11"><span class='ocrx_word' id='word_1_168' title='bbox 181 1996 334 2031; x_wconf 85' lang='lat' dir='ltr'>Aristot.</span> <span class='ocrx_word' id='word_1_169' title='bbox 368 1998 393 2030; x_wconf 93' lang='lat' dir='ltr'>l.</span> <span class='ocrx_word' id='word_1_170' title='bbox 420 1997 444 2031; x_wconf 93' lang='lat'>1.</span> <span class='ocrx_word' id='word_1_171' title='bbox 479 1996 511 2040; x_wconf 68' lang='grc' dir='ltr'>ξ.</span> <span class='ocrx_word' id='word_1_172' title='bbox 539 1999 570 2030; x_wconf 91' lang='grc'>8.</span> <span class='ocrx_word' id='word_1_173' title='bbox 607 1993 821 2038; x_wconf 78' lang='grc' dir='ltr'><em>φιλοζώους</em></span> <span class='ocrx_word' id='word_1_174' title='bbox 853 2007 917 2030; x_wconf 85' lang='lat' dir='ltr'>vo-</span> 
     </span>
     <span class='ocr_line' id='line_1_36' title="bbox 183 2044 918 2089; baseline -0.001 -11"><span class='ocrx_word' id='word_1_175' title='bbox 183 2047 252 2078; x_wconf 81' lang='lat' dir='ltr'>cat.</span> <span class='ocrx_word' id='word_1_176' title='bbox 280 2045 452 2089; x_wconf 83' lang='lat' dir='ltr'>Sophocl.</span> <span class='ocrx_word' id='word_1_177' title='bbox 486 2044 547 2077; x_wconf 87' lang='lat' dir='ltr'>Fr.</span> <span class='ocrx_word' id='word_1_178' title='bbox 583 2046 639 2078; x_wconf 85' lang='lat'>64.</span> <span class='ocrx_word' id='word_1_179' title='bbox 665 2044 797 2077; x_wconf 86' lang='lat' dir='ltr'>Dind.:</span> <span class='ocrx_word' id='word_1_180' title='bbox 841 2044 918 2077; x_wconf 87' lang='grc' dir='ltr'>Τοῦ</span> 
     </span>
     <span class='ocr_line' id='line_1_37' title="bbox 181 2088 919 2139; baseline 0 -14"><span class='ocrx_word' id='word_1_181' title='bbox 181 2092 249 2137; x_wconf 78' lang='grc' dir='ltr'>ζῇν</span> <span class='ocrx_word' id='word_1_182' title='bbox 287 2090 359 2138; x_wconf 77' lang='grc' dir='ltr'>γὰρ</span> <span class='ocrx_word' id='word_1_183' title='bbox 397 2089 523 2134; x_wconf 78' lang='grc' dir='ltr'><em>οὐδεὶς</em></span> <span class='ocrx_word' id='word_1_184' title='bbox 563 2088 614 2133; x_wconf 78' lang='grc' dir='ltr'>ὦς</span> <span class='ocrx_word' id='word_1_185' title='bbox 652 2089 674 2124; x_wconf 90' lang='grc' dir='ltr'>ὁ</span> <span class='ocrx_word' id='word_1_186' title='bbox 712 2088 919 2139; x_wconf 78' lang='grc' dir='ltr'><em>γηράσκων</em></span> 
     </span>
     <span class='ocr_line' id='line_1_38' title="bbox 181 2138 918 2186; baseline 0.001 -14"><span class='ocrx_word' id='word_1_187' title='bbox 181 2139 260 2186; x_wconf 74' lang='grc' dir='ltr'>ἐρᾷ.</span> <span class='ocrx_word' id='word_1_188' title='bbox 313 2139 506 2184; x_wconf 84' lang='lat' dir='ltr'>„Cupidus</span> <span class='ocrx_word' id='word_1_189' title='bbox 531 2138 671 2182; x_wconf 84' lang='lat' dir='ltr'>futuri,</span> <span class='ocrx_word' id='word_1_190' title='bbox 706 2142 748 2173; x_wconf 89' lang='lat' dir='ltr'>ut</span> <span class='ocrx_word' id='word_1_191' title='bbox 773 2140 918 2182; x_wconf 84' lang='lat' dir='ltr'>messis,</span> 
     </span>
     <span class='ocr_line' id='line_1_39' title="bbox 181 2186 917 2225; baseline 0 -6"><span class='ocrx_word' id='word_1_192' title='bbox 181 2187 428 2221; x_wconf 82' lang='lat' dir='ltr'>vindemiae.“</span> <span class='ocrx_word' id='word_1_193' title='bbox 489 2186 616 2220; x_wconf 76' lang='lat' dir='ltr'>COMM.</span> <span class='ocrx_word' id='word_1_194' title='bbox 666 2186 786 2225; x_wconf 78' lang='lat' dir='ltr'>CRUQ.</span> <span class='ocrx_word' id='word_1_195' title='bbox 843 2186 917 2220; x_wconf 86' lang='lat' dir='ltr'>Pro</span> 
     </span>
     <span class='ocr_line' id='line_1_40' title="bbox 182 2234 918 2275; baseline -0.003 -7"><span class='ocrx_word' id='word_1_196' title='bbox 182 2234 348 2268; x_wconf 88' lang='lat' dir='ltr'>Bentleii</span> <span class='ocrx_word' id='word_1_197' title='bbox 375 2234 595 2268; x_wconf 87' lang='lat' dir='ltr'>coniectura</span> <span class='ocrx_word' id='word_1_198' title='bbox 608 2235 838 2275; x_wconf 82' lang='lat' dir='ltr'>pavidusque</span> <span class='ocrx_word' id='word_1_199' title='bbox 863 2234 918 2267; x_wconf 85' lang='lat' dir='ltr'>fa-</span> 
     </span>
     <span class='ocr_line' id='line_1_41' title="bbox 183 2281 917 2326; baseline -0.001 -11"><span class='ocrx_word' id='word_1_200' title='bbox 183 2282 234 2315; x_wconf 88' lang='lat' dir='ltr'>cit</span> <span class='ocrx_word' id='word_1_201' title='bbox 268 2282 421 2326; x_wconf 89' lang='lat' dir='ltr'>quidem</span> <span class='ocrx_word' id='word_1_202' title='bbox 452 2281 670 2315; x_wconf 80' lang='lat' dir='ltr'>Aristotelis</span> <span class='ocrx_word' id='word_1_203' title='bbox 705 2281 728 2313; x_wconf 88' lang='lat' dir='ltr'>l.</span> <span class='ocrx_word' id='word_1_204' title='bbox 756 2282 780 2314; x_wconf 93' lang='lat' dir='ltr'>l.</span> <span class='ocrx_word' id='word_1_205' title='bbox 816 2281 847 2323; x_wconf 68' lang='grc' dir='ltr'>ξ.</span> <span class='ocrx_word' id='word_1_206' title='bbox 874 2283 917 2314; x_wconf 82' lang='lat'>7:</span> 
     </span>
     <span class='ocr_line' id='line_1_42' title="bbox 183 2325 919 2375; baseline 0 -14"><span class='ocrx_word' id='word_1_207' title='bbox 183 2330 247 2361; x_wconf 82' lang='grc' dir='ltr'>καὶ</span> <span class='ocrx_word' id='word_1_208' title='bbox 272 2329 390 2362; x_wconf 75' lang='grc' dir='ltr'><strong><em>δειλοὶ</em></strong></span> <span class='ocrx_word' id='word_1_209' title='bbox 422 2330 487 2362; x_wconf 85' lang='grc' dir='ltr'>καὶ</span> <span class='ocrx_word' id='word_1_210' title='bbox 519 2325 645 2361; x_wconf 80' lang='grc' dir='ltr'><em>πάντα</em></span> <span class='ocrx_word' id='word_1_211' title='bbox 677 2327 919 2375; x_wconf 78' lang='grc' dir='ltr'><em>προφοβητι-</em></span> 
     </span>
     <span class='ocr_line' id='line_1_43' title="bbox 182 2375 919 2421; baseline 0.001 -13"><span class='ocrx_word' id='word_1_212' title='bbox 182 2378 265 2415; x_wconf 78' lang='grc' dir='ltr'>κοί,</span> <span class='ocrx_word' id='word_1_213' title='bbox 305 2387 434 2410; x_wconf 89' lang='lat' dir='ltr'>verum</span> <span class='ocrx_word' id='word_1_214' title='bbox 472 2387 603 2421; x_wconf 85' lang='lat' dir='ltr'>parum</span> <span class='ocrx_word' id='word_1_215' title='bbox 641 2375 823 2410; x_wconf 89' lang='lat' dir='ltr'>credibile</span> <span class='ocrx_word' id='word_1_216' title='bbox 862 2378 919 2409; x_wconf 86' lang='lat' dir='ltr'>est</span> 
     </span>
     <span class='ocr_line' id='line_1_44' title="bbox 181 2422 918 2457; baseline 0 0"><span class='ocrx_word' id='word_1_217' title='bbox 181 2424 221 2457; x_wconf 91' lang='lat' dir='ltr'>in</span> <span class='ocrx_word' id='word_1_218' title='bbox 247 2423 373 2457; x_wconf 88' lang='lat' dir='ltr'>Libris</span> <span class='ocrx_word' id='word_1_219' title='bbox 398 2425 498 2457; x_wconf 86' lang='lat' dir='ltr'>notis</span> <span class='ocrx_word' id='word_1_220' title='bbox 533 2423 706 2457; x_wconf 89' lang='lat' dir='ltr'>omnibus</span> <span class='ocrx_word' id='word_1_221' title='bbox 732 2423 789 2456; x_wconf 91' lang='lat' dir='ltr'>illi</span> <span class='ocrx_word' id='word_1_222' title='bbox 815 2422 918 2457; x_wconf 83' lang='lat' dir='ltr'>adie-</span> 
     </span>
     <span class='ocr_line' id='line_1_45' title="bbox 182 2471 916 2505; baseline -0.001 -1"><span class='ocrx_word' id='word_1_223' title='bbox 182 2471 278 2505; x_wconf 83' lang='lat' dir='ltr'>ctivo</span> <span class='ocrx_word' id='word_1_224' title='bbox 313 2471 560 2505; x_wconf 85' lang='lat' dir='ltr'>substitutum</span> <span class='ocrx_word' id='word_1_225' title='bbox 596 2481 679 2504; x_wconf 88' lang='lat' dir='ltr'>esse</span> <span class='ocrx_word' id='word_1_226' title='bbox 705 2471 846 2503; x_wconf 85' lang='lat' dir='ltr'>avidus.</span> <span class='ocrx_word' id='word_1_227' title='bbox 873 2489 916 2494; x_wconf 83' lang='lat'>—-</span> 
     </span>
     <span class='ocr_line' id='line_1_46' title="bbox 180 2517 917 2563; baseline -0.005 -10"><span class='ocrx_word' id='word_1_228' title='bbox 180 2518 374 2561; x_wconf 70' lang='lat' dir='ltr'>Difficilis]</span> <span class='ocrx_word' id='word_1_229' title='bbox 414 2517 487 2551; x_wconf 78' lang='lat' dir='ltr'>Sat.</span> <span class='ocrx_word' id='word_1_230' title='bbox 521 2520 578 2563; x_wconf 56' lang='lat'>2„</span> <span class='ocrx_word' id='word_1_231' title='bbox 595 2520 636 2555; x_wconf 82' lang='lat'>5,</span> <span class='ocrx_word' id='word_1_232' title='bbox 671 2520 736 2552; x_wconf 86' lang='lat'>90:</span> <span class='ocrx_word' id='word_1_233' title='bbox 778 2518 917 2559; x_wconf 71' lang='lat' dir='ltr'>Diffici-</span> 
     </span>
     <span class='ocr_line' id='line_1_47' title="bbox 183 2564 916 2600; baseline 0 -2"><span class='ocrx_word' id='word_1_234' title='bbox 183 2567 253 2600; x_wconf 86' lang='lat' dir='ltr'>lem</span> <span class='ocrx_word' id='word_1_235' title='bbox 292 2568 324 2599; x_wconf 81' lang='lat' dir='ltr'>et</span> <span class='ocrx_word' id='word_1_236' title='bbox 361 2574 554 2599; x_wconf 84' lang='lat' dir='ltr'>morosum.</span> <span class='ocrx_word' id='word_1_237' title='bbox 606 2565 683 2599; x_wconf 84' lang='lat' dir='ltr'>Cic.</span> <span class='ocrx_word' id='word_1_238' title='bbox 719 2564 797 2598; x_wconf 85' lang='lat' dir='ltr'>Cat.</span> <span class='ocrx_word' id='word_1_239' title='bbox 831 2566 916 2598; x_wconf 85' lang='lat' dir='ltr'>mai.</span> 
     </span>
     <span class='ocr_line' id='line_1_48' title="bbox 184 2613 918 2655; baseline -0.003 -9"><span class='ocrx_word' id='word_1_240' title='bbox 184 2615 247 2655; x_wconf 87' lang='lat'>18,</span> <span class='ocrx_word' id='word_1_241' title='bbox 275 2615 338 2647; x_wconf 84' lang='lat'>65:</span> <span class='ocrx_word' id='word_1_242' title='bbox 380 2614 427 2646; x_wconf 75' lang='lat' dir='ltr'>At</span> <span class='ocrx_word' id='word_1_243' title='bbox 462 2616 546 2646; x_wconf 76' lang='lat' dir='ltr'>sunl</span> <span class='ocrx_word' id='word_1_244' title='bbox 578 2613 713 2645; x_wconf 83' lang='lat' dir='ltr'>morosi</span> <span class='ocrx_word' id='word_1_245' title='bbox 747 2615 779 2644; x_wconf 81' lang='lat' dir='ltr'>el</span> <span class='ocrx_word' id='word_1_246' title='bbox 813 2613 918 2646; x_wconf 66' lang='lat' dir='ltr'>anxii</span> 
     </span>
     <span class='ocr_line' id='line_1_49' title="bbox 183 2660 917 2702; baseline -0.001 -9"><span class='ocrx_word' id='word_1_247' title='bbox 183 2664 215 2693; x_wconf 79' lang='lat' dir='ltr'>ec</span> <span class='ocrx_word' id='word_1_248' title='bbox 253 2662 426 2694; x_wconf 78' lang='lat' dir='ltr'>iracundi</span> <span class='ocrx_word' id='word_1_249' title='bbox 463 2662 496 2693; x_wconf 84' lang='lat' dir='ltr'>el</span> <span class='ocrx_word' id='word_1_250' title='bbox 533 2660 761 2701; x_wconf 79' lang='lat' dir='ltr'>difficiles</span> <span class='ocrx_word' id='word_1_251' title='bbox 796 2668 917 2702; x_wconf 82' lang='lat' dir='ltr'>senes;</span> 
     </span>
     <span class='ocr_line' id='line_1_50' title="bbox 181 2708 918 2750; baseline 0 -10"><span class='ocrx_word' id='word_1_252' title='bbox 181 2709 212 2740; x_wconf 86' lang='lat' dir='ltr'>si</span> <span class='ocrx_word' id='word_1_253' title='bbox 238 2710 460 2750; x_wconf 82' lang='lat' dir='ltr'>quaerimus,</span> <span class='ocrx_word' id='word_1_254' title='bbox 487 2709 597 2740; x_wconf 83' lang='lat' dir='ltr'>eliam</span> <span class='ocrx_word' id='word_1_255' title='bbox 623 2708 740 2741; x_wconf 84' lang='lat' dir='ltr'>avari.</span> <span class='ocrx_word' id='word_1_256' title='bbox 760 2726 802 2730; x_wconf 91' lang='lat'><em>-</em></span> <span class='ocrx_word' id='word_1_257' title='bbox 832 2716 918 2747; x_wconf 84' lang='lat' dir='ltr'>quc-</span> 
     </span>
    </p>
   </div>
   <div class='ocr_carea' id='block_1_9' title="bbox 963 862 1707 2749">
    <p class='ocr_par' dir='ltr' id='par_1_9' title="bbox 967 862 1707 1144">
     <span class='ocr_line' id='line_1_51' title="bbox 967 862 1704 910; baseline 0.005 -15"><span class='ocrx_word' id='word_1_258' title='bbox 967 862 1087 906; x_wconf 83' lang='lat' dir='ltr'>rulus]</span> <span class='ocrx_word' id='word_1_259' title='bbox 1116 866 1152 897; x_wconf 89' lang='lat' dir='ltr'>et</span> <span class='ocrx_word' id='word_1_260' title='bbox 1177 862 1224 897; x_wconf 88' lang='lat' dir='ltr'>de</span> <span class='ocrx_word' id='word_1_261' title='bbox 1250 863 1423 909; x_wconf 85' lang='lat' dir='ltr'>singulis,</span> <span class='ocrx_word' id='word_1_262' title='bbox 1449 875 1547 910; x_wconf 81' lang='lat' dir='ltr'>quae</span> <span class='ocrx_word' id='word_1_263' title='bbox 1573 865 1704 908; x_wconf 78' lang='lat' dir='ltr'>sentit,</span> 
     </span>
     <span class='ocr_line' id='line_1_52' title="bbox 968 909 1702 957; baseline 0.004 -14"><span class='ocrx_word' id='word_1_264' title='bbox 968 909 1230 954; x_wconf 88' lang='lat' dir='ltr'>incommodis,</span> <span class='ocrx_word' id='word_1_265' title='bbox 1256 914 1294 945; x_wconf 91' lang='lat' dir='ltr'>et</span> <span class='ocrx_word' id='word_1_266' title='bbox 1317 911 1364 946; x_wconf 89' lang='lat' dir='ltr'>de</span> <span class='ocrx_word' id='word_1_267' title='bbox 1389 914 1468 946; x_wconf 84' lang='lat' dir='ltr'>tota</span> <span class='ocrx_word' id='word_1_268' title='bbox 1490 914 1702 957; x_wconf 86' lang='lat' dir='ltr'>temporum</span> 
     </span>
     <span class='ocr_line' id='line_1_53' title="bbox 968 957 1700 1001; baseline 0.004 -10"><span class='ocrx_word' id='word_1_269' title='bbox 968 957 1206 1001; x_wconf 88' lang='lat' dir='ltr'>condicione,</span> <span class='ocrx_word' id='word_1_270' title='bbox 1232 958 1294 992; x_wconf 88' lang='lat' dir='ltr'>cui</span> <span class='ocrx_word' id='word_1_271' title='bbox 1311 958 1436 994; x_wconf 82' lang='lat' dir='ltr'>minus</span> <span class='ocrx_word' id='word_1_272' title='bbox 1461 960 1535 993; x_wconf 83' lang='lat' dir='ltr'>iam</span> <span class='ocrx_word' id='word_1_273' title='bbox 1553 970 1594 994; x_wconf 88' lang='lat' dir='ltr'>se</span> <span class='ocrx_word' id='word_1_274' title='bbox 1611 959 1700 994; x_wconf 78' lang='lat' dir='ltr'>ada-</span> 
     </span>
     <span class='ocr_line' id='line_1_54' title="bbox 967 1006 1704 1050; baseline 0.003 -12"><span class='ocrx_word' id='word_1_275' title='bbox 967 1006 1074 1048; x_wconf 85' lang='lat' dir='ltr'>ptare</span> <span class='ocrx_word' id='word_1_276' title='bbox 1099 1008 1236 1049; x_wconf 87' lang='lat' dir='ltr'>potest.</span> <span class='ocrx_word' id='word_1_277' title='bbox 1284 1006 1439 1040; x_wconf 85' lang='lat' dir='ltr'>Aristot.</span> <span class='ocrx_word' id='word_1_278' title='bbox 1472 1006 1497 1040; x_wconf 90' lang='lat'>1.</span> <span class='ocrx_word' id='word_1_279' title='bbox 1522 1007 1546 1040; x_wconf 93' lang='lat' dir='ltr'>l.</span> <span class='ocrx_word' id='word_1_280' title='bbox 1579 1007 1611 1050; x_wconf 64' lang='grc' dir='ltr'>ξ.</span> <span class='ocrx_word' id='word_1_281' title='bbox 1638 1008 1704 1040; x_wconf 85' lang='lat'>15:</span> 
     </span>
     <span class='ocr_line' id='line_1_55' title="bbox 967 1050 1707 1101; baseline 0.005 -18"><span class='ocrx_word' id='word_1_282' title='bbox 967 1050 1164 1099; x_wconf 80' lang='grc' dir='ltr'><em>ὀδυρτικοί</em></span> <span class='ocrx_word' id='word_1_283' title='bbox 1195 1054 1287 1093; x_wconf 82' lang='grc' dir='ltr'><em>εἱσι,</em></span> <span class='ocrx_word' id='word_1_284' title='bbox 1320 1054 1386 1086; x_wconf 81' lang='grc' dir='ltr'>καὶ</span> <span class='ocrx_word' id='word_1_285' title='bbox 1419 1051 1490 1086; x_wconf 80' lang='grc' dir='ltr'>οὐκ</span> <span class='ocrx_word' id='word_1_286' title='bbox 1522 1050 1707 1101; x_wconf 45' lang='grc' dir='ltr'>εὖτράπεψ</span> 
     </span>
     <span class='ocr_line' id='line_1_56' title="bbox 967 1097 1417 1144; baseline 0.004 -13"><span class='ocrx_word' id='word_1_287' title='bbox 967 1097 1029 1132; x_wconf 79' lang='grc' dir='ltr'>λοι</span> <span class='ocrx_word' id='word_1_288' title='bbox 1054 1097 1143 1132; x_wconf 79' lang='grc' dir='ltr'><em>οὐδὲ</em></span> <span class='ocrx_word' id='word_1_289' title='bbox 1168 1099 1417 1144; x_wconf 81' lang='grc' dir='ltr'><em>φιλογέλοιοι.</em></span> 
     </span>
    </p>

    <p class='ocr_par' dir='ltr' id='par_1_10' title="bbox 963 1147 1706 2463">
     <span class='ocr_line' id='line_1_57' title="bbox 1018 1147 1703 1191; baseline 0.003 -11"><span class='ocrx_word' id='word_1_290' title='bbox 1018 1148 1217 1181; x_wconf 82' lang='grc'><strong>175-178.</strong></span> <span class='ocrx_word' id='word_1_291' title='bbox 1238 1149 1328 1181; x_wconf 77' lang='lat' dir='ltr'>armi</span> <span class='ocrx_word' id='word_1_292' title='bbox 1343 1147 1542 1191; x_wconf 77' lang='lat' dir='ltr'>venientes]</span> <span class='ocrx_word' id='word_1_293' title='bbox 1560 1147 1637 1182; x_wconf 84' lang='lat' dir='ltr'>Cfr.</span> <span class='ocrx_word' id='word_1_294' title='bbox 1654 1147 1703 1182; x_wconf 84' lang='lat' dir='ltr'>ad</span> 
     </span>
     <span class='ocr_line' id='line_1_58' title="bbox 968 1192 1706 1238; baseline 0.003 -12"><span class='ocrx_word' id='word_1_295' title='bbox 968 1192 1036 1227; x_wconf 91' lang='lat' dir='ltr'>Od.</span> <span class='ocrx_word' id='word_1_296' title='bbox 1063 1195 1104 1236; x_wconf 87' lang='lat'>2,</span> <span class='ocrx_word' id='word_1_297' title='bbox 1130 1196 1171 1237; x_wconf 85' lang='lat'>5,</span> <span class='ocrx_word' id='word_1_298' title='bbox 1198 1196 1261 1228; x_wconf 83' lang='lat'>14:</span> <span class='ocrx_word' id='word_1_299' title='bbox 1294 1196 1371 1238; x_wconf 79' lang='lat' dir='ltr'>illi,</span> <span class='ocrx_word' id='word_1_300' title='bbox 1405 1203 1493 1236; x_wconf 83' lang='lat' dir='ltr'>quos</span> <span class='ocrx_word' id='word_1_301' title='bbox 1518 1196 1582 1228; x_wconf 80' lang='lat' dir='ltr'>libi</span> <span class='ocrx_word' id='word_1_302' title='bbox 1605 1196 1706 1228; x_wconf 79' lang='lat' dir='ltr'>dem-</span> 
     </span>
     <span class='ocr_line' id='line_1_59' title="bbox 963 1241 1702 1286; baseline 0.004 -13"><span class='ocrx_word' id='word_1_303' title='bbox 963 1242 1101 1283; x_wconf 79' lang='lat' dir='ltr'>pserit,</span> <span class='ocrx_word' id='word_1_304' title='bbox 1162 1242 1327 1283; x_wconf 78' lang='lat' dir='ltr'>Apponel</span> <span class='ocrx_word' id='word_1_305' title='bbox 1387 1250 1514 1275; x_wconf 79' lang='lat' dir='ltr'>armos.</span> <span class='ocrx_word' id='word_1_306' title='bbox 1588 1241 1702 1286; x_wconf 85' lang='lat' dir='ltr'>Soph.</span> 
     </span>
     <span class='ocr_line' id='line_1_60' title="bbox 969 1283 1706 1336; baseline 0.003 -16"><span class='ocrx_word' id='word_1_307' title='bbox 969 1287 1145 1322; x_wconf 83' lang='lat' dir='ltr'>Trachin.</span> <span class='ocrx_word' id='word_1_308' title='bbox 1171 1290 1239 1323; x_wconf 79' lang='lat'>547</span> <span class='ocrx_word' id='word_1_309' title='bbox 1251 1299 1260 1322; x_wconf 89' lang='lat'><strong>:</strong></span> <span class='ocrx_word' id='word_1_310' title='bbox 1289 1285 1383 1336; x_wconf 81' lang='grc' dir='ltr'>Ὁρῶ</span> <span class='ocrx_word' id='word_1_311' title='bbox 1407 1286 1480 1336; x_wconf 80' lang='grc' dir='ltr'>γὰρ</span> <span class='ocrx_word' id='word_1_312' title='bbox 1505 1283 1609 1332; x_wconf 77' lang='grc' dir='ltr'>ἥβην</span> <span class='ocrx_word' id='word_1_313' title='bbox 1632 1286 1706 1332; x_wconf 77' lang='grc' dir='ltr'>τὴν</span> 
     </span>
     <span class='ocr_line' id='line_1_61' title="bbox 966 1330 1704 1383; baseline 0.001 -15"><span class='ocrx_word' id='word_1_314' title='bbox 966 1334 1040 1378; x_wconf 81' lang='grc' dir='ltr'>μὲν</span> <span class='ocrx_word' id='word_1_315' title='bbox 1085 1330 1282 1382; x_wconf 69' lang='grc' dir='ltr'><em>’ἕρπουσαν</em></span> <span class='ocrx_word' id='word_1_316' title='bbox 1332 1332 1485 1383; x_wconf 83' lang='grc' dir='ltr'><em>πρόσω,</em></span> <span class='ocrx_word' id='word_1_317' title='bbox 1536 1333 1615 1380; x_wconf 78' lang='grc' dir='ltr'>Τὴν</span> <span class='ocrx_word' id='word_1_318' title='bbox 1663 1335 1704 1369; x_wconf 77' lang='grc' dir='ltr'>δὲ</span> 
     </span>
     <span class='ocr_line' id='line_1_62' title="bbox 969 1382 1705 1426; baseline 0.003 -12"><span class='ocrx_word' id='word_1_319' title='bbox 969 1382 1201 1423; x_wconf 79' lang='grc' dir='ltr'><em>φθίνουσαν.</em></span> <span class='ocrx_word' id='word_1_320' title='bbox 1252 1383 1383 1426; x_wconf 83' lang='lat' dir='ltr'>„Anni</span> <span class='ocrx_word' id='word_1_321' title='bbox 1420 1385 1543 1417; x_wconf 81' lang='lat' dir='ltr'>autem</span> <span class='ocrx_word' id='word_1_322' title='bbox 1579 1384 1705 1417; x_wconf 75' lang='lat' dir='ltr'>venire</span> 
     </span>
     <span class='ocr_line' id='line_1_63' title="bbox 969 1429 1702 1476; baseline 0.003 -13"><span class='ocrx_word' id='word_1_323' title='bbox 969 1429 1148 1464; x_wconf 87' lang='lat' dir='ltr'>dicuntur</span> <span class='ocrx_word' id='word_1_324' title='bbox 1157 1430 1204 1464; x_wconf 80' lang='lat' dir='ltr'>ad</span> <span class='ocrx_word' id='word_1_325' title='bbox 1215 1430 1546 1476; x_wconf 81' lang='lat' dir='ltr'>quadragesimum</span> <span class='ocrx_word' id='word_1_326' title='bbox 1555 1433 1702 1465; x_wconf 84' lang='lat' dir='ltr'>sextum</span> 
     </span>
     <span class='ocr_line' id='line_1_64' title="bbox 969 1478 1704 1522; baseline 0.001 -11"><span class='ocrx_word' id='word_1_327' title='bbox 969 1488 1091 1522; x_wconf 86' lang='lat' dir='ltr'>usque</span> <span class='ocrx_word' id='word_1_328' title='bbox 1117 1488 1277 1521; x_wconf 85' lang='lat' dir='ltr'>annum,</span> <span class='ocrx_word' id='word_1_329' title='bbox 1302 1478 1392 1512; x_wconf 88' lang='lat' dir='ltr'>inde</span> <span class='ocrx_word' id='word_1_330' title='bbox 1417 1479 1518 1512; x_wconf 75' lang='lat' dir='ltr'>abire</span> <span class='ocrx_word' id='word_1_331' title='bbox 1542 1479 1617 1512; x_wconf 79' lang='lat' dir='ltr'>iam</span> <span class='ocrx_word' id='word_1_332' title='bbox 1641 1488 1704 1512; x_wconf 81' lang='lat' dir='ltr'>ac-</span> 
     </span>
     <span class='ocr_line' id='line_1_65' title="bbox 969 1524 1704 1564; baseline 0.001 -6"><span class='ocrx_word' id='word_1_333' title='bbox 969 1525 1126 1559; x_wconf 86' lang='lat' dir='ltr'>cedente</span> <span class='ocrx_word' id='word_1_334' title='bbox 1152 1526 1381 1560; x_wconf 87' lang='lat' dir='ltr'>senectute.“</span> <span class='ocrx_word' id='word_1_335' title='bbox 1426 1525 1555 1559; x_wconf 72' lang='lat' dir='ltr'>Con.</span> <span class='ocrx_word' id='word_1_336' title='bbox 1582 1524 1704 1564; x_wconf 79' lang='lat' dir='ltr'>ORUQ.</span> 
     </span>
     <span class='ocr_line' id='line_1_66' title="bbox 968 1572 1704 1618; baseline -0.001 -11"><span class='ocrx_word' id='word_1_337' title='bbox 968 1591 1014 1596; x_wconf 93' lang='lat'>—-</span> <span class='ocrx_word' id='word_1_338' title='bbox 1038 1572 1374 1616; x_wconf 74' lang='lat' dir='ltr'>Multa-adimunt]</span> <span class='ocrx_word' id='word_1_339' title='bbox 1398 1573 1493 1618; x_wconf 83' lang='lat' dir='ltr'>Epp.</span> <span class='ocrx_word' id='word_1_340' title='bbox 1520 1574 1553 1616; x_wconf 86' lang='lat'>2,</span> <span class='ocrx_word' id='word_1_341' title='bbox 1578 1574 1612 1614; x_wconf 83' lang='lat'>2,</span> <span class='ocrx_word' id='word_1_342' title='bbox 1638 1574 1704 1606; x_wconf 88' lang='lat'>55:</span> 
     </span>
     <span class='ocr_line' id='line_1_67' title="bbox 968 1620 1704 1661; baseline 0 -9"><span class='ocrx_word' id='word_1_343' title='bbox 968 1620 1123 1661; x_wconf 72' lang='lat' dir='ltr'>Siuqula</span> <span class='ocrx_word' id='word_1_344' title='bbox 1147 1621 1191 1654; x_wconf 82' lang='lat' dir='ltr'>de</span> <span class='ocrx_word' id='word_1_345' title='bbox 1225 1621 1327 1654; x_wconf 74' lang='lat' dir='ltr'>nobis</span> <span class='ocrx_word' id='word_1_346' title='bbox 1357 1621 1448 1654; x_wconf 76' lang='lat' dir='ltr'>anni</span> <span class='ocrx_word' id='word_1_347' title='bbox 1467 1621 1704 1661; x_wconf 71' lang='lat' dir='ltr'>praedantur</span> 
     </span>
     <span class='ocr_line' id='line_1_68' title="bbox 969 1667 1703 1710; baseline 0.001 -11"><span class='ocrx_word' id='word_1_348' title='bbox 969 1670 1104 1701; x_wconf 78' lang='lat' dir='ltr'>euntes.</span> <span class='ocrx_word' id='word_1_349' title='bbox 1132 1686 1174 1690; x_wconf 91' lang='lat'>—</span> <span class='ocrx_word' id='word_1_350' title='bbox 1200 1667 1424 1710; x_wconf 78' lang='lat' dir='ltr'>recedentes]</span> <span class='ocrx_word' id='word_1_351' title='bbox 1451 1667 1514 1701; x_wconf 83' lang='lat' dir='ltr'>Sic</span> <span class='ocrx_word' id='word_1_352' title='bbox 1538 1667 1703 1701; x_wconf 82' lang='lat' dir='ltr'>Franco-</span> 
     </span>
     <span class='ocr_line' id='line_1_69' title="bbox 968 1714 1699 1758; baseline -0.001 -11"><span class='ocrx_word' id='word_1_353' title='bbox 968 1714 1078 1758; x_wconf 80' lang='lat' dir='ltr'>galli:</span> <span class='ocrx_word' id='word_1_354' title='bbox 1104 1723 1156 1747; x_wconf 78' lang='lat' dir='ltr'>un</span> <span class='ocrx_word' id='word_1_355' title='bbox 1172 1715 1312 1748; x_wconf 84' lang='lat' dir='ltr'>homme</span> <span class='ocrx_word' id='word_1_356' title='bbox 1328 1723 1394 1747; x_wconf 84' lang='lat' dir='ltr'>sur</span> <span class='ocrx_word' id='word_1_357' title='bbox 1411 1723 1476 1747; x_wconf 75' lang='lat' dir='ltr'>son</span> <span class='ocrx_word' id='word_1_358' title='bbox 1498 1716 1636 1747; x_wconf 81' lang='lat' dir='ltr'>relour.</span> <span class='ocrx_word' id='word_1_359' title='bbox 1652 1732 1699 1737; x_wconf 93' lang='lat'>——</span> 
     </span>
     <span class='ocr_line' id='line_1_70' title="bbox 967 1761 1702 1804; baseline 0 -10"><span class='ocrx_word' id='word_1_360' title='bbox 967 1763 1021 1794; x_wconf 88' lang='lat' dir='ltr'>Ne</span> <span class='ocrx_word' id='word_1_361' title='bbox 1053 1763 1149 1802; x_wconf 80' lang='lat' dir='ltr'>forle</span> <span class='ocrx_word' id='word_1_362' title='bbox 1183 1761 1272 1803; x_wconf 91' lang='lat' dir='ltr'>cet.]</span> <span class='ocrx_word' id='word_1_363' title='bbox 1312 1761 1392 1803; x_wconf 82' lang='lat' dir='ltr'>„Ut</span> <span class='ocrx_word' id='word_1_364' title='bbox 1428 1771 1477 1794; x_wconf 86' lang='lat' dir='ltr'>ne</span> <span class='ocrx_word' id='word_1_365' title='bbox 1512 1762 1702 1804; x_wconf 80' lang='lat' dir='ltr'>perverta-</span> 
     </span>
     <span class='ocr_line' id='line_1_71' title="bbox 967 1806 1702 1854; baseline 0.001 -13"><span class='ocrx_word' id='word_1_366' title='bbox 967 1818 1049 1841; x_wconf 88' lang='lat' dir='ltr'>mus</span> <span class='ocrx_word' id='word_1_367' title='bbox 1067 1810 1231 1841; x_wconf 81' lang='lat' dir='ltr'>aetatum</span> <span class='ocrx_word' id='word_1_368' title='bbox 1247 1808 1506 1854; x_wconf 77' lang='grc' dir='ltr'><em>χαρακτῆρας,</em></span> <span class='ocrx_word' id='word_1_369' title='bbox 1532 1806 1702 1842; x_wconf 82' lang='lat' dir='ltr'>studiose</span> 
     </span>
     <span class='ocr_line' id='line_1_72' title="bbox 967 1854 1703 1898; baseline 0.001 -11"><span class='ocrx_word' id='word_1_370' title='bbox 967 1854 1014 1887; x_wconf 80' lang='lat' dir='ltr'>ad</span> <span class='ocrx_word' id='word_1_371' title='bbox 1047 1857 1221 1888; x_wconf 86' lang='lat' dir='ltr'>naturam</span> <span class='ocrx_word' id='word_1_372' title='bbox 1254 1855 1374 1898; x_wconf 85' lang='lat' dir='ltr'>ipsam</span> <span class='ocrx_word' id='word_1_373' title='bbox 1408 1865 1474 1889; x_wconf 86' lang='lat' dir='ltr'>eos</span> <span class='ocrx_word' id='word_1_374' title='bbox 1511 1854 1703 1888; x_wconf 86' lang='lat' dir='ltr'>describe-</span> 
     </span>
     <span class='ocr_line' id='line_1_73' title="bbox 966 1901 1700 1944; baseline 0.001 -10"><span class='ocrx_word' id='word_1_375' title='bbox 966 1902 1085 1935; x_wconf 85' lang='lat' dir='ltr'>mus.“</span> <span class='ocrx_word' id='word_1_376' title='bbox 1113 1920 1156 1925; x_wconf 85' lang='lat'>—</span> <span class='ocrx_word' id='word_1_377' title='bbox 1184 1901 1431 1944; x_wconf 80' lang='lat' dir='ltr'>Mandemur]</span> <span class='ocrx_word' id='word_1_378' title='bbox 1457 1901 1534 1935; x_wconf 79' lang='lat' dir='ltr'>Gfr.</span> <span class='ocrx_word' id='word_1_379' title='bbox 1558 1912 1592 1935; x_wconf 84' lang='lat' dir='ltr'>v.</span> <span class='ocrx_word' id='word_1_380' title='bbox 1620 1903 1700 1935; x_wconf 82' lang='lat'>104.</span> 
     </span>
     <span class='ocr_line' id='line_1_74' title="bbox 969 1948 1702 1992; baseline 0.001 -11"><span class='ocrx_word' id='word_1_381' title='bbox 969 1968 1012 1972; x_wconf 86' lang='lat'><strong>—</strong></span> <span class='ocrx_word' id='word_1_382' title='bbox 1036 1950 1165 1982; x_wconf 80' lang='lat' dir='ltr'>seniles</span> <span class='ocrx_word' id='word_1_383' title='bbox 1179 1966 1222 1975; x_wconf 90' lang='lat'>--</span> <span class='ocrx_word' id='word_1_384' title='bbox 1239 1949 1381 1992; x_wconf 82' lang='lat' dir='ltr'>viriles]</span> <span class='ocrx_word' id='word_1_385' title='bbox 1404 1948 1461 1982; x_wconf 92' lang='lat' dir='ltr'>De</span> <span class='ocrx_word' id='word_1_386' title='bbox 1486 1949 1702 1983; x_wconf 87' lang='lat' dir='ltr'>homoeote-</span> 
     </span>
     <span class='ocr_line' id='line_1_75' title="bbox 966 1995 1702 2040; baseline -0.001 -11"><span class='ocrx_word' id='word_1_387' title='bbox 966 1995 1080 2030; x_wconf 86' lang='lat' dir='ltr'>leutis</span> <span class='ocrx_word' id='word_1_388' title='bbox 1107 1996 1172 2029; x_wconf 85' lang='lat' dir='ltr'>cfr.</span> <span class='ocrx_word' id='word_1_389' title='bbox 1198 1995 1245 2029; x_wconf 82' lang='lat' dir='ltr'>ad</span> <span class='ocrx_word' id='word_1_390' title='bbox 1270 2006 1304 2030; x_wconf 77' lang='lat' dir='ltr'>v.</span> <span class='ocrx_word' id='word_1_391' title='bbox 1328 1998 1372 2030; x_wconf 87' lang='grc'>99</span> <span class='ocrx_word' id='word_1_392' title='bbox 1400 2006 1455 2040; x_wconf 88' lang='lat' dir='ltr'>sq.</span> <span class='ocrx_word' id='word_1_393' title='bbox 1480 1995 1702 2030; x_wconf 75' lang='lat' dir='ltr'>Eustathius</span> 
     </span>
     <span class='ocr_line' id='line_1_76' title="bbox 967 2039 1702 2086; baseline 0 -10"><span class='ocrx_word' id='word_1_394' title='bbox 967 2043 1014 2076; x_wconf 86' lang='lat' dir='ltr'>ad</span> <span class='ocrx_word' id='word_1_395' title='bbox 1038 2043 1145 2077; x_wconf 82' lang='lat' dir='ltr'>Iliad.</span> <span class='ocrx_word' id='word_1_396' title='bbox 1178 2054 1221 2086; x_wconf 83' lang='grc' dir='ltr'>χ,</span> <span class='ocrx_word' id='word_1_397' title='bbox 1255 2045 1343 2077; x_wconf 88' lang='lat'>383:</span> <span class='ocrx_word' id='word_1_398' title='bbox 1385 2040 1465 2084; x_wconf 71' lang='grc' dir='ltr'>ἔχει</span> <span class='ocrx_word' id='word_1_399' title='bbox 1496 2042 1536 2076; x_wconf 85' lang='grc' dir='ltr'>δὲ</span> <span class='ocrx_word' id='word_1_400' title='bbox 1562 2039 1702 2084; x_wconf 82' lang='grc' dir='ltr'><strong><em>κάλλος</em></strong></span> 
     </span>
     <span class='ocr_line' id='line_1_77' title="bbox 966 2086 1701 2138; baseline 0.001 -15"><span class='ocrx_word' id='word_1_401' title='bbox 966 2092 1033 2123; x_wconf 83' lang='grc' dir='ltr'>καὶ</span> <span class='ocrx_word' id='word_1_402' title='bbox 1057 2088 1105 2123; x_wconf 82' lang='grc' dir='ltr'>τὰ</span> <span class='ocrx_word' id='word_1_403' title='bbox 1122 2090 1164 2138; x_wconf 68' lang='grc' dir='ltr'>ἐνι</span> <span class='ocrx_word' id='word_1_404' title='bbox 1180 2090 1278 2123; x_wconf 77' lang='grc' dir='ltr'><strong><em>τέλει</em></strong></span> <span class='ocrx_word' id='word_1_405' title='bbox 1294 2091 1436 2131; x_wconf 78' lang='grc' dir='ltr'><em>στίχων</em></span> <span class='ocrx_word' id='word_1_406' title='bbox 1458 2086 1528 2124; x_wconf 81' lang='grc' dir='ltr'>δύο</span> <span class='ocrx_word' id='word_1_407' title='bbox 1545 2086 1701 2138; x_wconf 77' lang='grc' dir='ltr'><em>πάρισα,</em></span> 
     </span>
     <span class='ocr_line' id='line_1_78' title="bbox 967 2133 1702 2179; baseline -0.001 -8"><span class='ocrx_word' id='word_1_408' title='bbox 967 2135 1011 2171; x_wconf 86' lang='grc' dir='ltr'>τὸ</span> <span class='ocrx_word' id='word_1_409' title='bbox 1037 2136 1169 2171; x_wconf 82' lang='grc' dir='ltr'><em>τοῦδε</em></span> <span class='ocrx_word' id='word_1_410' title='bbox 1196 2134 1430 2179; x_wconf 80' lang='grc' dir='ltr'><em>πεσόντος</em></span> <span class='ocrx_word' id='word_1_411' title='bbox 1453 2139 1522 2171; x_wconf 80' lang='grc' dir='ltr'>καὶ</span> <span class='ocrx_word' id='word_1_412' title='bbox 1538 2133 1702 2171; x_wconf 36' lang='grc' dir='ltr'><strong>(Έκτο-</strong></span> 
     </span>
     <span class='ocr_line' id='line_1_79' title="bbox 967 2181 1702 2231; baseline 0 -13"><span class='ocrx_word' id='word_1_413' title='bbox 967 2196 1047 2231; x_wconf 83' lang='grc' dir='ltr'>ρος</span> <span class='ocrx_word' id='word_1_414' title='bbox 1080 2183 1236 2218; x_wconf 74' lang='grc' dir='ltr'><em>οὐκέτ’</em></span> <span class='ocrx_word' id='word_1_415' title='bbox 1270 2181 1444 2227; x_wconf 80' lang='grc' dir='ltr'><strong><em>ἐόντος.</em></strong></span> <span class='ocrx_word' id='word_1_416' title='bbox 1469 2204 1513 2209; x_wconf 86' lang='grc'><strong>-</strong></span> <span class='ocrx_word' id='word_1_417' title='bbox 1540 2184 1586 2219; x_wconf 85' lang='lat' dir='ltr'>V.</span> <span class='ocrx_word' id='word_1_418' title='bbox 1611 2193 1702 2218; x_wconf 85' lang='lat' dir='ltr'>aevo</span> 
     </span>
     <span class='ocr_line' id='line_1_80' title="bbox 966 2232 1702 2277; baseline -0.001 -11"><span class='ocrx_word' id='word_1_419' title='bbox 966 2233 1014 2266; x_wconf 85' lang='lat' dir='ltr'>ad</span> <span class='ocrx_word' id='word_1_420' title='bbox 1055 2235 1258 2277; x_wconf 90' lang='lat' dir='ltr'>utrumque</span> <span class='ocrx_word' id='word_1_421' title='bbox 1299 2243 1333 2266; x_wconf 85' lang='lat' dir='ltr'>v.</span> <span class='ocrx_word' id='word_1_422' title='bbox 1375 2233 1556 2266; x_wconf 75' lang='lat' dir='ltr'>adiunctis</span> <span class='ocrx_word' id='word_1_423' title='bbox 1597 2232 1702 2275; x_wconf 78' lang='grc' dir='ltr'><strong>(τοῖς</strong></span> 
     </span>
     <span class='ocr_line' id='line_1_81' title="bbox 968 2279 1700 2327; baseline 0 -15"><span class='ocrx_word' id='word_1_424' title='bbox 968 2281 1271 2327; x_wconf 75' lang='grc' dir='ltr'><em>παρακειμένοις,</em></span> <span class='ocrx_word' id='word_1_425' title='bbox 1299 2279 1529 2324; x_wconf 80' lang='lat' dir='ltr'>„propriis“)</span> <span class='ocrx_word' id='word_1_426' title='bbox 1549 2281 1586 2313; x_wconf 85' lang='lat' dir='ltr'>ct</span> <span class='ocrx_word' id='word_1_427' title='bbox 1603 2280 1700 2321; x_wconf 72' lang='lat' dir='ltr'>aptis</span> 
     </span>
     <span class='ocr_line' id='line_1_82' title="bbox 965 2326 1702 2372; baseline -0.001 -11"><span class='ocrx_word' id='word_1_428' title='bbox 965 2328 1142 2372; x_wconf 83' lang='lat' dir='ltr'>pertinet.</span> <span class='ocrx_word' id='word_1_429' title='bbox 1161 2346 1203 2351; x_wconf 97' lang='lat'>—</span> <span class='ocrx_word' id='word_1_430' title='bbox 1227 2326 1467 2369; x_wconf 77' lang='lat' dir='ltr'>morabimur]</span> <span class='ocrx_word' id='word_1_431' title='bbox 1494 2326 1567 2365; x_wconf 85' lang='lat' dir='ltr'>Qui</span> <span class='ocrx_word' id='word_1_432' title='bbox 1592 2336 1702 2371; x_wconf 77' lang='lat' dir='ltr'>prae·</span> 
     </span>
     <span class='ocr_line' id='line_1_83' title="bbox 966 2374 1701 2418; baseline -0.003 -10"><span class='ocrx_word' id='word_1_433' title='bbox 966 2375 1136 2408; x_wconf 88' lang='lat' dir='ltr'>tulerunt</span> <span class='ocrx_word' id='word_1_434' title='bbox 1183 2376 1413 2417; x_wconf 82' lang='lat' dir='ltr'>morabitur,</span> <span class='ocrx_word' id='word_1_435' title='bbox 1472 2374 1701 2418; x_wconf 82' lang='lat' dir='ltr'>supplebant</span> 
     </span>
     <span class='ocr_line' id='line_1_84' title="bbox 969 2422 1135 2463; baseline -0.006 -7"><span class='ocrx_word' id='word_1_436' title='bbox 969 2447 985 2463; x_wconf 85' lang='lat'>„</span> <span class='ocrx_word' id='word_1_437' title='bbox 1018 2422 1135 2456; x_wconf 44' lang='lat' dir='ltr'>oetam*</span> 
     </span>
    </p>

    <p class='ocr_par' dir='ltr' id='par_1_11' title="bbox 966 2433 1701 2749">
     <span class='ocr_line' id='line_1_85' title="bbox 990 2433 1699 2503; baseline -0.003 -1"><span class='ocrx_word' id='word_1_438' title='bbox 990 2433 1081 2503; x_wconf 73' lang='lat' dir='ltr'>va.</span> <span class='ocrx_word' id='word_1_439' title='bbox 1101 2470 1300 2502; x_wconf 82' lang='lat'>179—192.</span> <span class='ocrx_word' id='word_1_440' title='bbox 1325 2469 1378 2503; x_wconf 86' lang='lat' dir='ltr'>ita</span> <span class='ocrx_word' id='word_1_441' title='bbox 1395 2469 1598 2502; x_wconf 87' lang='lat' dir='ltr'>cohaerent</span> <span class='ocrx_word' id='word_1_442' title='bbox 1614 2477 1699 2501; x_wconf 87' lang='lat' dir='ltr'>cum</span> 
     </span>
     <span class='ocr_line' id='line_1_86' title="bbox 966 2513 1701 2561; baseline -0.003 -11"><span class='ocrx_word' id='word_1_443' title='bbox 966 2516 1175 2561; x_wconf 87' lang='lat' dir='ltr'>prioribus:</span> <span class='ocrx_word' id='word_1_444' title='bbox 1227 2515 1387 2560; x_wconf 84' lang='lat' dir='ltr'>„Neque</span> <span class='ocrx_word' id='word_1_445' title='bbox 1427 2526 1516 2549; x_wconf 77' lang='lat' dir='ltr'>vero</span> <span class='ocrx_word' id='word_1_446' title='bbox 1559 2513 1701 2548; x_wconf 83' lang='lat' dir='ltr'>sufficit</span> 
     </span>
     <span class='ocr_line' id='line_1_87' title="bbox 966 2562 1699 2598; baseline -0.007 0"><span class='ocrx_word' id='word_1_447' title='bbox 966 2574 1090 2598; x_wconf 88' lang='lat' dir='ltr'>mores</span> <span class='ocrx_word' id='word_1_448' title='bbox 1131 2573 1174 2597; x_wconf 88' lang='lat' dir='ltr'>ac</span> <span class='ocrx_word' id='word_1_449' title='bbox 1216 2573 1426 2597; x_wconf 89' lang='lat' dir='ltr'>sermonem</span> <span class='ocrx_word' id='word_1_450' title='bbox 1464 2562 1699 2596; x_wconf 81' lang='lat' dir='ltr'>diversarum</span> 
     </span>
     <span class='ocr_line' id='line_1_88' title="bbox 968 2608 1699 2645; baseline -0.004 0"><span class='ocrx_word' id='word_1_451' title='bbox 968 2611 1232 2645; x_wconf 90' lang='lat' dir='ltr'>condicionum</span> <span class='ocrx_word' id='word_1_452' title='bbox 1280 2613 1316 2644; x_wconf 91' lang='lat' dir='ltr'>et</span> <span class='ocrx_word' id='word_1_453' title='bbox 1362 2611 1526 2643; x_wconf 84' lang='lat' dir='ltr'>aetatum</span> <span class='ocrx_word' id='word_1_454' title='bbox 1573 2608 1699 2642; x_wconf 84' lang='lat' dir='ltr'>obser-</span> 
     </span>
     <span class='ocr_line' id='line_1_89' title="bbox 967 2657 1699 2702; baseline -0.003 -11"><span class='ocrx_word' id='word_1_455' title='bbox 967 2669 1092 2701; x_wconf 78' lang='lat' dir='ltr'>vasse3</span> <span class='ocrx_word' id='word_1_456' title='bbox 1119 2657 1211 2702; x_wconf 85' lang='lat' dir='ltr'>quid</span> <span class='ocrx_word' id='word_1_457' title='bbox 1237 2667 1373 2691; x_wconf 87' lang='lat' dir='ltr'>scenae</span> <span class='ocrx_word' id='word_1_458' title='bbox 1388 2659 1586 2701; x_wconf 81' lang='lat' dir='ltr'>praeterea</span> <span class='ocrx_word' id='word_1_459' title='bbox 1611 2665 1699 2690; x_wconf 92' lang='lat' dir='ltr'>con-</span> 
     </span>
     <span class='ocr_line' id='line_1_90' title="bbox 967 2703 1698 2749; baseline -0.004 -10"><span class='ocrx_word' id='word_1_460' title='bbox 967 2707 1103 2748; x_wconf 81' lang='lat' dir='ltr'>veniat,</span> <span class='ocrx_word' id='word_1_461' title='bbox 1126 2704 1244 2749; x_wconf 87' lang='lat' dir='ltr'>probe</span> <span class='ocrx_word' id='word_1_462' title='bbox 1262 2703 1530 2738; x_wconf 85' lang='lat' dir='ltr'>attendendum</span> <span class='ocrx_word' id='word_1_463' title='bbox 1557 2705 1625 2746; x_wconf 90' lang='lat' dir='ltr'>est,</span> <span class='ocrx_word' id='word_1_464' title='bbox 1649 2712 1698 2736; x_wconf 85' lang='lat' dir='ltr'>ne</span> 
     </span>
    </p>
   </div>
  </div>
 </body>
</html>
