1774 2930
144 155 232 196 438
619 154 831 190 HORATII
853 155 1202 191 EPISTOLARUM

651 282 1163 324 EXCIJRSUS.

408 362 415 369 .
468 361 476 369 .
569 362 577 369 .
812 362 819 370 .
907 363 915 370 .
1053 363 1070 381 u
1190 363 1199 371 .

146 361 1667 456 111„ae{gamit-‘51:11{¹ffiffzxaffzaff?&zizimifissfflqtsffiztffitt¹23?

145 457 334 502 gumenti,
368 467 452 490 cum
488 456 661 502 singulae
694 457 740 491 ad
773 457 898 502 poesis
930 457 1054 492 studia
1077 458 1303 503 pertineant.
1350 459 1396 494 In
1420 460 1543 505 prima
1566 462 1667 495 enim

146 504 383 549 antiquiores
401 506 536 549 poetae
553 504 713 538 Romani
740 514 824 538 cum
850 505 1126 539 recentioribus
1151 506 1284 540 aetatis
1300 505 1528 552 Augusteae,
1552 511 1666 552 atque

146 551 300 585 omnino
325 551 491 585 Graecae
515 552 642 596 poesis
667 552 826 586 historia
852 554 889 586 et
913 552 1059 587 indoles
1087 562 1171 586 cum
1196 555 1275 587 toto
1298 553 1492 589 Romanae
1516 566 1667 600 genere,

146 599 412 642 conferuntur;
445 599 485 632 in
512 599 633 633 altera
657 602 787 633 narrat
812 599 991 634 Horatius
1025 600 1071 634 de
1097 601 1175 634 suis
1201 601 1335 635 studiis
1361 602 1540 646 poeticis,
1575 605 1667 636 tunc

145 646 299 690 quidem
332 657 354 680 a
387 656 427 680 se
462 645 660 691 depositis,
699 649 812 691 atque
847 646 893 681 de
926 647 1130 681 multorum
1166 648 1226 682 sui
1258 649 1439 693 temporis
1470 651 1667 694 poetarum

143 693 393 737 perversitate
419 695 456 727 et
479 693 654 738 ineptiis;
686 694 726 727 in
752 694 865 728 tertia
889 694 1054 739 denique
1080 695 1176 729 artis
1201 698 1405 741 praecepta
1427 696 1552 731 tradit.
1601 697 1667 731 At-

145 751 219 785 que
243 741 358 775 huius
385 741 537 785 quidem
569 740 713 786 primae
740 741 921 786 epistolae
949 742 1096 776 occasio
1123 741 1302 777 Suetonio
1338 745 1433 778 teste
1467 743 1565 787 (Vit.
1589 744 1667 778 Ho-

144 788 230 830 rat.)
268 788 361 822 haec
397 788 490 822 fuit:
537 788 722 830 Auauslus
755 791 837 830 post
859 798 1040 822 sermones
1068 790 1175 823 lectos
1199 790 1345 824 nullam
1368 792 1427 824 sui
1449 792 1668 826 mentionem

143 837 305 878 lla-hilam
328 837 385 869 ita
412 838 462 869 est
488 839 654 877 questus:
689 836 826 878 „Irasci
857 847 915 870 me
946 837 1014 870 tibi
1042 837 1149 879 scito,
1176 837 1278 882 quod
1303 848 1380 871 non
1405 837 1446 871 in
1471 838 1666 883 plerisque

145 882 330 917 eiusmodi
357 883 509 927 scriptis
535 894 682 917 mecum
706 884 945 928 potissimum
978 884 1159 928 loquaris.
1207 884 1267 918 An
1293 886 1453 927 vereris,
1486 896 1534 920 ne
1565 885 1667 930 apud

144 933 319 974 posteros
345 930 414 964 tibi
439 930 579 965 infame
606 931 666 972 sit,
693 930 794 975 quod
819 931 982 966 videaris
1008 931 1204 965 familiaris
1229 931 1338 966 nobis
1357 933 1494 967 esse?“
1522 941 1668 975 expres-

143 978 260 1018 sitque
286 979 481 1020 Ecloqam,
508 979 611 1011 cuius
635 979 782 1011 initium
808 981 881 1012 est:
922 978 1038 1021 „Cum
1072 981 1127 1012 tot
1161 980 1370 1014 sustineas“
1398 981 1469 1014 cet.
1519 979 1667 1025 Optime

145 1027 271 1059 autem
305 1025 378 1059 hoc
410 1025 649 1070 potissimum
681 1028 943 1071 argumentum
982 1028 1094 1070 poeta
1127 1026 1199 1060 sibi
1233 1027 1412 1072 sumpsit,
1453 1029 1584 1072 utpote
1621 1027 1669 1062 ad

144 1071 359 1117 principem
386 1072 555 1106 scribens
582 1075 619 1106 et
644 1072 829 1117 elegantis
854 1073 986 1106 iudicii
1014 1076 1051 1107 et
1067 1075 1197 1118 poetas
1221 1074 1394 1119 egregios
1419 1074 1606 1108 foventem
1631 1077 1670 1108 et

145 1120 321 1154 omnibus
354 1119 555 1164 praesidiis
590 1119 637 1153 ad
661 1120 851 1154 Romanas
875 1119 1002 1155 Musas
1037 1120 1252 1154 excitandas
1283 1123 1397 1166 atque
1427 1121 1583 1156 alendas
1609 1122 1667 1155 in-

145 1169 343 1201 structum.
392 1167 484 1202 Post
515 1166 753 1212 splendidum
786 1167 979 1202 exordium
1014 1168 1093 1210 (w.
1121 1168 1287 1211 1—17.)
1320 1168 1475 1202 nimiam
1499 1171 1668 1203 veterum

146 1216 346 1259 poEtarum
371 1214 661 1249 admirationem
686 1215 850 1260 exagitat
875 1217 911 1249 et
937 1215 1119 1257 ostendit,
1154 1225 1266 1260 quam
1290 1226 1427 1260 parum
1457 1215 1606 1249 firmum
1631 1219 1671 1250 et

144 1265 292 1296 rectum
319 1262 369 1296 sit
394 1272 527 1296 eorum
552 1261 754 1304 iudicium,
788 1262 855 1307 qui
888 1264 1061 1306 poemata
1093 1264 1240 1296 tantum
1272 1273 1318 1296 ex
1341 1264 1526 1297 vetustate
1557 1262 1668 1297 aesti-

143 1313 258 1343 ment.
286 1310 335 1352 (ν.
361 1310 434 1352 49.)
462 1309 559 1343 Tum
584 1310 644 1343 his
670 1309 763 1354 ipsis
789 1309 979 1343 veteribus
1003 1309 1259 1343 Romanorum
1291 1309 1414 1354 poetis
1438 1309 1492 1344 ita
1517 1320 1670 1344 enume-
1707 1343 1711 1345 ,

145 1357 251 1399 ratis,
277 1358 322 1390 ut
345 1358 383 1390 et
409 1357 632 1391 criticorum
659 1357 810 1391 sibimet
834 1357 907 1401 ipsi
932 1358 1158 1401 plerumque
1181 1357 1403 1402 iniquorum
1434 1359 1547 1402 atque
1573 1357 1670 1391 anti-

146 1405 328 1449 quissima
354 1415 528 1449 quaeque
556 1405 595 1438 in
622 1404 804 1438 invidiam
829 1415 968 1447 novae,
1001 1407 1043 1438 ut
1072 1404 1126 1438 ita
1151 1403 1293 1448 dicam,
1325 1406 1520 1449 poetarum
1546 1407 1669 1439 sectae
1706 1398 1712 1406 Χ

144 1452 258 1486 unice
283 1451 597 1496 praedicantium,
625 1455 663 1485 et
688 1452 879 1496 propriam
906 1462 1011 1486 suam
1038 1451 1084 1485 de
1109 1451 1242 1486 iisdem
1269 1452 1492 1486 sententiam
1510 1454 1670 1496 exponat

147 1500 196 1542 (v,
215 1499 302 1542 89.)‚
328 1499 506 1533 extremis
525 1499 633 1543 quasi
653 1499 893 1533 lineamentis
918 1499 1156 1543 descriptam,
1181 1499 1248 1533 sed
1270 1509 1453 1544 perquam
1474 1500 1672 1544 ingenioso

146 1546 379 1581 Graecorum
414 1549 451 1581 et
474 1546 729 1580 Romanorum
763 1546 929 1581 indolem
962 1547 1138 1591 vitaeque
1170 1547 1338 1581 rationes
1371 1546 1472 1580 inter
1504 1557 1543 1580 se
1569 1557 1671 1580 com·

147 1597 256 1638 parat
283 1595 331 1637 (v.
361 1593 473 1636 106.)‚
500 1604 543 1628 eo
572 1594 725 1639 quidem
752 1594 928 1637 consilio,
954 1597 998 1627 ut
1021 1593 1270 1636 demonstret,
1297 1594 1328 1628 si
1355 1593 1584 1628 Graecorum
1607 1604 1671 1628 ve·

149 1641 360 1676 tustissima
378 1651 550 1686 quaeque
575 1641 743 1680 carmina
767 1652 808 1675 re
826 1652 914 1675 vera
940 1641 1017 1675 sint
1042 1641 1153 1675 etiam
1179 1641 1330 1686 optima,
1354 1641 1426 1675 hoc
1450 1640 1550 1675 idem
1574 1641 1673 1675 indi-

146 1689 248 1723 cium
288 1689 328 1722 in
354 1689 610 1722 Romanorum
639 1689 877 1723 ‚carminibus
911 1689 1037 1722 locum
1069 1688 1209 1723 habere
1243 1699 1320 1722 non
1351 1698 1474 1733 posse.
1522 1687 1670 1722 Deinde

146 1747 232 1771 cum
251 1736 512 1780 antiquiorum
529 1736 785 1770 Romanorum
809 1736 963 1781 ingenio
987 1747 1009 1770 a
1026 1735 1290 1769 subtilioribus
1307 1735 1499 1769 Musarum
1524 1734 1670 1768 artibus

147 1783 273 1817 alieno
307 1795 384 1817 non
420 1783 502 1817 sine
536 1784 666 1827 aliqua
699 1783 890 1817 derisione
925 1783 1110 1816 fervidum
1142 1782 1239 1815 illud
1273 1782 1440 1816 studium
1466 1781 1670 1825 componit,

147 1841 222 1874 quo
257 1841 347 1864 suae
381 1830 515 1864 aetatis
549 1830 720 1864 homines
755 1830 802 1863 ad
835 1840 968 1863 versus
1003 1829 1221 1863 scribendos
1246 1828 1455 1873 rapiantur,
1488 1827 1669 1873 additque

145 1878 273 1922 poEsis
299 1877 567 1919 laudationem,
592 1877 633 1910 in
659 1887 734 1921 qua
759 1888 782 1911 a
807 1877 935 1910 iocosa
960 1878 998 1909 et
1023 1876 1210 1910 submissa
1235 1876 1459 1910 tractatione
1482 1886 1605 1920 usque
1623 1875 1670 1909 ad

146 1924 346 1959 sublimem
372 1924 593 1969 gravitatem
619 1924 785 1969 assurgit
812 1924 858 1966 (V.
880 1923 987 1965 138.).
1019 1923 1156 1957 Postea
1179 1923 1317 1957 fautori
1343 1934 1411 1957 suo
1436 1922 1563 1967 poesis
1581 1933 1669 1957 con-

146 1971 336 2006 dicionem
362 1974 400 2006 et
424 1971 622 2014 rationem,
649 1972 772 2015 qualis
798 1973 889 2004 tunc
914 1970 1055 2005 Romae
1080 1971 1163 2013 fuit,
1189 1971 1362 2005 scenicae
1386 1969 1584 2014 imprimis,
1609 1980 1670 2004 ex-

145 2020 253 2064 ponit
279 2020 328 2062 (V.
356 2019 454 2062 213.)
488 2022 600 2063 atque
636 2019 747 2052 etiam
781 2019 948 2062 reliquos
979 2019 1110 2062 poetas
1134 2020 1285 2062 praeter
1309 2017 1481 2052 scenicos
1505 2016 1671 2061 principi

148 2066 395 2109 commendat,
423 2077 467 2101 eo
494 2066 733 2110 potissimum
760 2066 913 2100 nomine
938 2076 1015 2099 non
1041 2065 1298 2110 negligendos,
1323 2064 1425 2110 quod
1441 2064 1616 2110 generosi
1634 2066 1672 2098 et

147 2114 279 2159 populi
316 2116 353 2148 et
385 2114 573 2159 principis
607 2113 759 2147 intersit
791 2113 1006 2158 praeclaros
1030 2113 1223 2157 praeclare
1254 2112 1439 2147 factorum
1462 2121 1670 2157 praecones

148 2162 319 2195 nancisci
347 2162 396 2204 (v.
423 2161 544 2204 250.);
578 2160 680 2205 quod
707 2160 795 2194 dum
822 2160 915 2194 dicit
941 2163 1073 2204 sponte
1100 2160 1209 2204 quasi
1235 2162 1273 2194 et
1296 2160 1379 2204 ipsa
1403 2158 1587 2193 sermonis
1612 2157 1673 2193 via

151 2208 198 2243 ad
226 2220 307 2243 eam
334 2209 615 2243 excusationem
638 2208 818 2251 defertur,
845 2218 919 2252 qua
936 2207 1037 2241 haud
1055 2207 1171 2241 semel
1187 2207 1227 2240 in
1243 2207 1427 2252 poematis
1444 2206 1523 2241 suis
1539 2205 1670 2248 utitur,

153 2266 193 2290 se
221 2256 373 2300 quidem
400 2256 514 2290 tantis
540 2259 689 2300 tamque
716 2255 926 2299 splendidis
952 2255 1066 2289 rebus
1091 2255 1136 2288 ab
1154 2255 1326 2299 Augusto
1351 2255 1466 2299 gestis
1491 2253 1672 2298 imparem

153 2313 237 2337 esse
257 2303 529 2338 celebrandis.“
558 2303 671 2336 ZELL.
697 2302 857 2344 Etenim,
883 2305 924 2336 ut
949 2302 1040 2336 alibi
1065 2302 1139 2336 iam
1163 2301 1468 2346 significavimus,
1492 2301 1672 2335 abhorre-

151 2349 216 2384 bat
233 2351 381 2385 animus
399 2351 651 2395 voluntasque
670 2350 751 2384 eius
770 2361 791 2384 a
808 2353 886 2384 toto
903 2349 970 2383 illo
994 2360 1132 2394 genere
1156 2349 1400 2394 panegyrico,
1424 2347 1546 2382 medio
1572 2347 1673 2381 inter

152 2398 301 2442 epicum
336 2401 372 2432 et
410 2398 574 2443 lyricum
610 2400 646 2431 et
680 2397 724 2431 ab
760 2400 925 2442 utroque
964 2400 1098 2431 emoto.
1152 2396 1298 2440 Scripta
1329 2393 1476 2430 videtur
1506 2394 1677 2439 Epistola

148 2455 181 2479 a.
209 2456 245 2478 u.
273 2455 304 2479 c.
331 2447 430 2488 744„
454 2445 603 2479 Horatii
629 2444 707 2477 LV.

808 2584 1021 2595 ΙΙ
