1774 2930
678 147 772 182 Lm.
797 147 827 181 1.
874 146 1027 180 EPIST.
1051 146 1079 180 Ι.

243 251 302 294 Ut
331 265 419 293 nox
446 250 594 305 longa,
626 248 780 305 quibus
810 247 1014 290 mentitur
1043 246 1198 298 amica,
1231 244 1407 300 diesque

1552 143 1637 185 255

1581 243 1638 284 20

244 322 398 377 Longa
427 320 596 363 videtur
627 333 733 374 opus
765 302 1037 370 debentibus,
1069 321 1118 358 ut
1147 316 1271 373 piger
1301 329 1438 358 annus

246 392 448 448 Pupillis,
481 404 588 447 quos
620 389 725 431 dura
754 389 910 445 premit
940 387 1132 430 custodia
1160 390 1367 429 matrum:

249 463 321 505 Sic
341 462 447 504 mihi
477 461 600 503 tarda
629 453 767 501 fluunt
795 459 1048 515 ingrataque
1078 463 1290 514 tempora,
1324 470 1432 512 quae
1455 470 1575 512 spem

250 533 571 588 Consiliumque
602 533 822 573 morantur
851 529 1006 585 agendi
1035 529 1200 571 naviter
1229 527 1292 581 id,
1326 526 1439 583 quod

248 604 399 660 Aeque
429 603 691 659 pauperibus
722 601 915 658 prodest,
946 599 1229 655 locupletibus
1261 612 1419 653 aeque,

1585 597 1642 638 25

250 674 400 730 Aeque
432 674 674 729 neglectum
704 672 850 728 pueris
881 671 1141 726 senibusque
1170 669 1362 712 nocebit:

250 745 421 798 Restat,
453 748 501 786 ut
530 744 598 785 his
630 757 710 799 ego
740 742 934 798 mevipse
964 755 1111 796 regam
1132 741 1327 796 solerque
1348 739 1584 782 elementis.

229 876 285 908 21.
309 875 426 908 Lenta
450 873 645 908 Bentleius
672 883 691 906 e
718 871 808 906 Cod.
835 871 982 905 Barthii
1006 873 1043 904 et
1069 870 1123 904 sic
1149 880 1249 904 unus
1273 868 1425 903 Iaeckii.

133 974 259 1019 iisque
294 973 465 1018 superior
503 973 589 1015 sim,
626 971 716 1005 dum
753 972 864 1013 laeto,

135 1021 203 1056 sed
218 1021 409 1055 moderato
427 1021 522 1054 vitae
549 1030 621 1054 usu
647 1021 865 1053 contentum

135 1068 265 1102 nullae
290 1067 567 1102 sollicitudines
593 1068 756 1112 angunt,
782 1065 866 1098 nul-

136 1115 195 1149 lae
222 1115 446 1159 cupiditates
472 1117 726 1148 transversum
750 1114 866 1158 agunt

137 1162 381 1206 vexantque.“

186 1210 308 1243 20-26.
324 1217 399 1242 nox
418 1210 573 1250 lonqan
583 1209 728 1248 diesque
742 1208 867 1248 Lonaa

137 1255 297 1298 videtur]
326 1256 505 1290 Eiusdem
529 1255 705 1289 vocabuli
730 1254 868 1298 repeti-

139 1303 192 1336 tio
222 1302 491 1347 impatientiam
517 1305 554 1335 et
578 1302 772 1343 amatoris,
807 1301 868 1334 cui

140 1349 495 1393 puellapromissam
509 1351 656 1382 noctem
670 1358 747 1381 non
760 1358 869 1392 prae-

141 1398 227 1438 stat,
259 1399 297 1429 et
321 1396 483 1439 operarii
511 1396 622 1440 longe
647 1395 782 1428 melius
807 1405 869 1428 ex-

142 1443 289 1487 primit,
322 1453 434 1487 quam
458 1442 591 1486 putida
622 1442 689 1475 1118
713 1442 869 1475 variatio

144 1490 435 1531 loriam-Lenta.
472 1489 515 1522 A.
540 1489 582 1522 P.
608 1490 695 1522 292:
722 1497 871 1521 car-men

138 1537 405 1578 reprehendite,
431 1537 526 1577 quod
549 1545 624 1570 ποπ
646 1536 771 1570 Multa
795 1537 871 1568 dies

142 1585 177 1617 et
200 1585 318 1617 multa
356 1584 469 1616 litura
504 1584 672 1616 coercuit.
705 1602 747 1606 -—
782 1591 870 1624 opus

138 1630 364 1673 debentibus]
377 1631 599 1674 praesertim
612 1629 774 1671 ancillis,
788 1630 871 1673 qui-

141 1677 213 1711 bus
237 1688 397 1721 pensum
430 1677 608 1710 diurnum
641 1677 871 1721 assignatum

142 1726 212 1766 est,
235 1725 325 1758 item
348 1724 592 1758 mercenariis
618 1724 658 1766 in
684 1733 792 1765 opere
809 1735 872 1757 ru-

141 1771 249 1805 stico.
275 1790 319 1795 —
345 1772 509 1804 custodia
532 1771 712 1814 malrum]
749 1770 871 1804 Probe

141 1817 235 1852 haec
267 1818 438 1852 custodia
470 1818 738 1863 distinguenda
761 1829 783 1851 a
813 1821 872 1851 tu-

143 1865 236 1907 tela,
262 1876 357 1910 quae
381 1876 403 1898 a
426 1865 608 1899 matribus
634 1865 758 1899 aliena
783 1867 872 1898 erat.

142 1911 288 1946 Seneca
312 1912 358 1946 ad
382 1912 496 1946 Marc.
523 1914 586 1945 24:
628 1913 794 1953 Pupillus
818 1921 875 1944 re-

146 1959 251 1991 uetus
265 1959 380 2001 (filius
398 1959 501 2001 tuus)
520 1961 585 1992 sub
604 1961 766 1992 lucorum
783 1968 874 1992 cura

143 2013 258 2045 usque
277 2007 326 2039 αα
341 2006 518 2038 decimum
544 2008 718 2046 quartum
737 2014 875 2038 annum

144 2052 236 2092 suit,
268 2053 334 2084 sub
357 2053 487 2085 matris
520 2054 685 2085 custodia
717 2061 875 2093 semper,-

148 2105 230 2130 ωιτη
264 2099 410 2131 haberet
442 2107 525 2131 suos
554 2101 724 2140 penates,
763 2100 876 2131 relin-

147 2148 260 2184 quere
298 2147 377 2177 mos
413 2146 542 2178 noluit.
590 2145 721 2189 Itaque
765 2146 877 2178 etiam

149 2200 235 2224 cum
260 2193 308 2224 ad
331 2200 436 2224 suam
462 2193 613 2224 tulela-m
630 2193 877 2232 pervenissem

148 2236 244 2280 (Cic.
270 2237 317 2271 de
342 2237 405 2271 Or.
425 2241 456 2280 1,
483 2240 539 2280 39,
567 2239 659 2280 180.)
687 2238 764 2271 sive
789 2247 877 2271 suae

150 2286 285 2318 tutelae
302 2286 391 2326 sacti
409 2288 523 2318 essent
542 2285 643 2327 (Seu.
657 2284 775 2329 Epist.
794 2285 878 2326 33.),

149 2332 393 2366 remanebant
418 2332 487 2365 sub
513 2335 671 2366 matrum
698 2331 878 2374 custodia,

149 2389 275 2422 saepe,
300 2381 343 2412 ut
368 2380 513 2422 opinor,
539 2379 657 2412 donec
682 2379 728 2412 ab
754 2379 801 2412 iis
825 2388 879 2412 se-

147 2427 362 2467 miqrarem.
389 2426 481 2468 (Cic.
506 2437 575 2470 pro
595 2425 721 2460 Caelio
749 2427 780 2467 7,
809 2426 878 2467 18.)

150 2472 351 2506 Praeterea
376 2483 461 2507 cum
485 2483 570 2507 raro
596 2473 721 2515 fieret,
755 2475 798 2506 ut
823 2476 881 2506 tu-

150 2521 252 2553 tores
288 2520 362 2563 ipsi
399 2520 632 2564 pupillorum
666 2519 879 2553 educationi

103 2588 112 2596 .
150 2576 196 2599 ac
219 2566 441 2611 disciplinae
459 2567 684 2601 domesticae
710 2567 881 2611 invigila-

153 2616 249 2654 rent,
271 2614 581 2657 quemadmodum
598 2614 771 2648 fecerunt
790 2613 879 2647 Cato

152 2661 192 2692 et
201 2659 343 2702 Cicero,
361 2660 514 2694 Luculli
531 2662 639 2705 pueri
657 2663 800 2694 tutores
819 2660 880 2703 (de

154 2705 264 2739 Finn.
282 2709 314 2748 3,
338 2708 398 2749 2.),
424 2719 467 2742 ea
493 2718 584 2742 cura
608 2706 810 2755 praecipue
836 2708 882 2741 ad

913 972 1050 1004 matres
1099 969 1321 1014 pertinebat.
1394 968 1460 1002 Est
1507 968 1647 1013 igitur:

916 1016 1069 1059 „Omnis
1095 1027 1218 1051 annus
1241 1017 1333 1059 (non
1361 1016 1493 1057 solum,
1519 1017 1563 1048 ut
1582 1014 1648 1049 alii

914 1064 1057 1105 volunt,
1082 1064 1292 1108 pupillatus
1318 1063 1493 1105 ultimus)
1522 1062 1647 1096 adole-

915 1112 1109 1146 scentibus
1135 1111 1285 1145 lascivis
1311 1111 1407 1144 solet
1423 1110 1544 1144 videri
1566 1109 1647 1143 lon-

914 1170 996 1204 gus,
1011 1158 1130 1193 donec
1140 1169 1292 1192 severae
1306 1158 1437 1191 matris
1452 1156 1648 1191 custodiae

917 1205 1206 1248 (Aussicht)
1243 1205 1393 1239 tandem
1427 1215 1466 1238 se
1502 1204 1649 1238 subtra-

916 1253 1041 1287 hant.“
1077 1271 1122 1276 —
1156 1252 1294 1294 fluunt]
1331 1253 1367 1285 h.
1402 1252 1426 1285 1.
1461 1251 1506 1284 de
1546 1251 1649 1285 lento

917 1302 1033 1341 motu,
1060 1302 1102 1332 ut
1125 1299 1255 1332 Iuven.
1282 1301 1315 1338 7,
1341 1301 1405 1332 32:
1440 1299 1565 1339 defluit
1590 1306 1650 1331 ae-

917 1350 984 1380 tas.
1010 1366 1055 1370 -
1081 1348 1138 1388 id,
1173 1348 1269 1386 quod
1294 1345 1385 1388 cet.]
1426 1356 1558 1386 „verae
1593 1355 1651 1378 sa-

880 1427 890 1437 ,
917 1394 1082 1438 pientiae
1117 1393 1302 1435 studium,
1336 1392 1436 1436 quod
1463 1392 1564 1426 omni
1592 1403 1651 1426 or-

919 1440 1002 1474 dim·-
1036 1443 1149 1484 atque
1186 1440 1299 1474 aetati
1337 1450 1456 1484 aeque
1497 1439 1652 1483 prodest

919 1488 1011 1521 cet.“
1044 1487 1202 1530 Propter
1219 1487 1294 1520 vim
1313 1486 1535 1528 sententiae,
1554 1497 1650 1530 quae

919 1535 1063 1568 nullam
1088 1534 1252 1568 admittit
1281 1534 1559 1578 exceptionem,
1593 1535 1651 1566 ter

919 1590 1035 1622 aeque
1053 1581 1248 1625 repetitur.
1276 1581 1382 1614 Conf.
1399 1581 1516 1614 Tacit.
1525 1581 1651 1625 Agric.

920 1639 952 1662 c.
980 1630 1041 1662 15:
1082 1637 1198 1669 aeque
1222 1629 1442 1661 discordiam
1464 1629 1652 1669 praeposi-

920 1678 1060 1718 torum,
1086 1684 1202 1716 aeque
1228 1676 1458 1708 concordiam
1482 1676 1652 1708 subiectis

922 1724 1123 1757 exitiosam.

969 1772 1024 1803 27.
1050 1771 1176 1804 Restat
1195 1769 1279 1812 cet.]
1303 1769 1419 1811 „Cum
1438 1769 1653 1803 etiamnunc

920 1817 1124 1861 impediar,
1160 1818 1361 1861 quominus
1395 1816 1581 1860 adspirem
1606 1816 1654 1850 ad

921 1865 1125 1908 perfectam
1159 1864 1399 1908 sapientiam,
1434 1864 1565 1897 saltem
1595 1874 1654 1897 me

922 1913 1045 1956 ipsum
1072 1911 1127 1954 (id
1154 1911 1254 1955 quod
1280 1911 1445 1944 omnium
1480 1911 1655 1955 gravissi-

923 1969 1024 1991 mum
1042 1959 1113 2000 est)
1140 1969 1268 2003 regam
1285 1959 1356 1999 his,
1382 1968 1478 2002 quae
1497 1969 1542 1991 ex
1560 1958 1654 1991 meis

925 2005 1255 2050 qualibuscunque
1282 2006 1487 2049 sapientiae
1521 2004 1655 2038 studiis

924 2052 1110 2086 deducere
1129 2055 1240 2096 atque
1260 2053 1438 2097 colligere
1456 2052 1564 2095 potui
1581 2051 1655 2084 ini-

924 2099 988 2132 tiis
1015 2099 1242 2141 (elementis),
1267 2099 1361 2132 alios
1380 2099 1452 2132 sibi
1475 2099 1590 2142 ipsos,
1616 2101 1658 2131 ut

925 2146 1075 2186 volunt,
1124 2145 1309 2179 moderari
1358 2145 1468 2179 facile
1515 2146 1658 2189 patior3

926 2193 1050 2224 aliena
1075 2192 1175 2224 enim
1203 2193 1349 2233 negotia
1373 2203 1450 2225 non
1475 2201 1583 2234 curo,
1616 2195 1658 2225 ut

925 2238 1017 2271 facit
1032 2238 1314 2282 Damasippus.“
1336 2258 1379 2262 —
1397 2239 1507 2282 soler]
1535 2242 1658 2281 „tran-

927 2285 1117 2329 quillem,“
1145 2296 1221 2319 11011
1240 2288 1313 2319 tam
1339 2286 1379 2319 in
1397 2287 1510 2320 rebus
1528 2287 1660 2320 adver-

928 2332 998 2374 sis,
1037 2343 1195 2376 quarum
1221 2343 1287 2376 per
1314 2335 1431 2367 totam
1454 2333 1659 2378 Epistolam

927 2380 1070 2413 nullam
1104 2380 1331 2414 mentionem
1365 2380 1500 2422 inficit,
1528 2391 1658 2425 quam:

930 2426 1017 2469 „ubi
1054 2427 1219 2460 minores
1253 2438 1366 2471 quam
1402 2428 1537 2461 vellem
1574 2439 1660 2472 pro-

927 2484 1079 2518 gressus
1097 2474 1193 2508 facio
1218 2474 1259 2507 in
1276 2475 1415 2509 virtute
1440 2485 1484 2508 ac
1511 2475 1660 2518 sapien-

927 2521 1013 2554 tia.“
1043 2539 1086 2543 —
1113 2522 1310 2565 elementis]
1338 2521 1533 2555 Elementa
1561 2525 1660 2555 exte-

929 2578 1052 2601 nuans
1071 2567 1162 2601 dicit
1179 2569 1285 2612 quasi
1303 2569 1494 2602 doctrinas
1514 2568 1659 2612 simpli-

929 2614 1097 2648 cissimas
1123 2625 1165 2648 ac
1192 2615 1344 2648 minime
1370 2615 1584 2655 abstrusas,
1620 2618 1662 2648 ut

931 2661 1056 2705 quivis
1091 2673 1218 2695 earum
1244 2663 1439 2696 veritatem
1471 2662 1662 2707 intelligat

932 2708 1056 2752 iisque
1083 2709 1138 2742 uti
1165 2712 1287 2753 queat.
