<?xml version="1.0" encoding="UTF-8"?>
<!DOCTYPE html PUBLIC "-//W3C//DTD XHTML 1.0 Transitional//EN"
    "http://www.w3.org/TR/xhtml1/DTD/xhtml1-transitional.dtd">
<html xmlns="http://www.w3.org/1999/xhtml" xml:lang="en" lang="en">
 <head>
  <title>
</title>
<meta http-equiv="Content-Type" content="text/html;charset=utf-8" />
  <meta name='ocr-system' content='tesseract 3.04.00' />
  <meta name='ocr-capabilities' content='ocr_page ocr_carea ocr_par ocr_line ocrx_word'/>
</head>
<body>
  <div class='ocr_page' id='page_1' title='image "./qhoratiusflaccus00horauoft_0544.png"; bbox 0 0 1774 2930; ppageno 0'>
   <div class='ocr_carea' id='block_1_1' title="bbox 148 123 232 164">
    <p class='ocr_par' dir='ltr' id='par_1_1' title="bbox 148 123 232 164">
     <span class='ocr_line' id='line_1_1' title="bbox 148 123 232 164; baseline 0 0"><span class='ocrx_word' id='word_1_1' title='bbox 148 123 232 164; x_wconf 85' lang='lat'>536</span> 
     </span>
    </p>
   </div>
   <div class='ocr_carea' id='block_1_2' title="bbox 802 123 1010 160">
    <p class='ocr_par' dir='ltr' id='par_1_2' title="bbox 802 123 1010 160">
     <span class='ocr_line' id='line_1_2' title="bbox 802 123 1010 160; baseline 0.01 -2"><span class='ocrx_word' id='word_1_2' title='bbox 802 123 1010 160; x_wconf 71' lang='lat' dir='ltr'>HORATH</span> 
     </span>
    </p>
   </div>
   <div class='ocr_carea' id='block_1_3' title="bbox 263 224 1560 495">
    <p class='ocr_par' dir='ltr' id='par_1_3' title="bbox 263 224 1560 422">
     <span class='ocr_line' id='line_1_3' title="bbox 265 224 1510 285; baseline 0.005 -19"><span class='ocrx_word' id='word_1_3' title='bbox 265 224 356 266; x_wconf 90' lang='lat' dir='ltr'>Nec</span> <span class='ocrx_word' id='word_1_4' title='bbox 388 225 492 266; x_wconf 88' lang='lat' dir='ltr'>satis</span> <span class='ocrx_word' id='word_1_5' title='bbox 525 229 591 267; x_wconf 87' lang='lat' dir='ltr'>est</span> <span class='ocrx_word' id='word_1_6' title='bbox 622 225 808 268; x_wconf 82' lang='lat' dir='ltr'>dixisse:</span> <span class='ocrx_word' id='word_1_7' title='bbox 841 224 938 281; x_wconf 86' lang='lat' dir='ltr'>Ego</span> <span class='ocrx_word' id='word_1_8' title='bbox 969 226 1078 268; x_wconf 89' lang='lat' dir='ltr'>mira</span> <span class='ocrx_word' id='word_1_9' title='bbox 1107 230 1310 283; x_wconf 70' lang='lat' dir='ltr'>poemata</span> <span class='ocrx_word' id='word_1_10' title='bbox 1345 243 1510 285; x_wconf 71' lang='lat' dir='ltr'>pango,</span> 
     </span>
     <span class='ocr_line' id='line_1_4' title="bbox 266 289 1560 356; baseline 0.003 -19"><span class='ocrx_word' id='word_1_11' title='bbox 266 295 459 351; x_wconf 81' lang='lat' dir='ltr'>Occupet</span> <span class='ocrx_word' id='word_1_12' title='bbox 490 299 732 338; x_wconf 85' lang='lat' dir='ltr'>extremum</span> <span class='ocrx_word' id='word_1_13' title='bbox 764 296 955 350; x_wconf 85' lang='lat' dir='ltr'>scabies;</span> <span class='ocrx_word' id='word_1_14' title='bbox 987 296 1094 338; x_wconf 91' lang='lat' dir='ltr'>mihi</span> <span class='ocrx_word' id='word_1_15' title='bbox 1123 301 1250 354; x_wconf 89' lang='lat' dir='ltr'>turpe</span> <span class='ocrx_word' id='word_1_16' title='bbox 1279 289 1464 356; x_wconf 83' lang='lat' dir='ltr'>relinqui</span> <span class='ocrx_word' id='word_1_17' title='bbox 1494 303 1560 343; x_wconf 87' lang='lat' dir='ltr'>est</span> 
     </span>
     <span class='ocr_line' id='line_1_5' title="bbox 263 365 1292 422; baseline 0.003 -15"><span class='ocrx_word' id='word_1_18' title='bbox 263 365 340 420; x_wconf 87' lang='lat' dir='ltr'>Et,</span> <span class='ocrx_word' id='word_1_19' title='bbox 375 366 488 422; x_wconf 91' lang='lat' dir='ltr'>quod</span> <span class='ocrx_word' id='word_1_20' title='bbox 518 381 604 409; x_wconf 91' lang='lat' dir='ltr'>non</span> <span class='ocrx_word' id='word_1_21' title='bbox 637 366 786 420; x_wconf 87' lang='lat' dir='ltr'>didici,</span> <span class='ocrx_word' id='word_1_22' title='bbox 820 381 924 409; x_wconf 89' lang='lat' dir='ltr'>sane</span> <span class='ocrx_word' id='word_1_23' title='bbox 954 367 1121 410; x_wconf 83' lang='lat' dir='ltr'>nescire</span> <span class='ocrx_word' id='word_1_24' title='bbox 1153 368 1292 411; x_wconf 90' lang='lat' dir='ltr'>fateri.</span> 
     </span>
    </p>

    <p class='ocr_par' dir='ltr' id='par_1_4' title="bbox 264 437 1509 495">
     <span class='ocr_line' id='line_1_6' title="bbox 264 437 1509 495; baseline 0.005 -18"><span class='ocrx_word' id='word_1_25' title='bbox 264 437 321 478; x_wconf 87' lang='lat' dir='ltr'>Ut</span> <span class='ocrx_word' id='word_1_26' title='bbox 352 451 520 493; x_wconf 82' lang='lat' dir='ltr'>praeco,</span> <span class='ocrx_word' id='word_1_27' title='bbox 554 438 608 479; x_wconf 88' lang='lat' dir='ltr'>ad</span> <span class='ocrx_word' id='word_1_28' title='bbox 638 452 803 481; x_wconf 88' lang='lat' dir='ltr'>merces</span> <span class='ocrx_word' id='word_1_29' title='bbox 834 438 1004 480; x_wconf 88' lang='lat' dir='ltr'>turbam</span> <span class='ocrx_word' id='word_1_30' title='bbox 1036 439 1109 494; x_wconf 92' lang='lat' dir='ltr'>qui</span> <span class='ocrx_word' id='word_1_31' title='bbox 1140 440 1256 495; x_wconf 85' lang='lat' dir='ltr'>cogit</span> <span class='ocrx_word' id='word_1_32' title='bbox 1288 440 1509 495; x_wconf 83' lang='lat' dir='ltr'>emendas,</span> 
     </span>
    </p>
   </div>
   <div class='ocr_carea' id='block_1_4' title="bbox 264 508 1258 566">
    <p class='ocr_par' dir='ltr' id='par_1_5' title="bbox 264 508 1258 566">
     <span class='ocr_line' id='line_1_7' title="bbox 264 508 1258 566; baseline 0.004 -17"><span class='ocrx_word' id='word_1_33' title='bbox 264 508 568 551; x_wconf 85' lang='lat' dir='ltr'>Assentatores</span> <span class='ocrx_word' id='word_1_34' title='bbox 600 508 720 551; x_wconf 89' lang='lat' dir='ltr'>iubet</span> <span class='ocrx_word' id='word_1_35' title='bbox 751 508 806 551; x_wconf 88' lang='lat' dir='ltr'>ad</span> <span class='ocrx_word' id='word_1_36' title='bbox 836 509 1002 551; x_wconf 87' lang='lat' dir='ltr'>lucrum</span> <span class='ocrx_word' id='word_1_37' title='bbox 1033 510 1097 552; x_wconf 91' lang='lat' dir='ltr'>ire</span> <span class='ocrx_word' id='word_1_38' title='bbox 1127 513 1258 566; x_wconf 70' lang='lat' dir='ltr'>poeta</span> 
     </span>
    </p>
   </div>
   <div class='ocr_carea' id='block_1_5' title="bbox 1581 513 1666 554">
    <p class='ocr_par' dir='ltr' id='par_1_6' title="bbox 1581 513 1666 554">
     <span class='ocr_line' id='line_1_8' title="bbox 1581 513 1666 554; baseline 0.012 -1"><span class='ocrx_word' id='word_1_39' title='bbox 1581 513 1666 554; x_wconf 81' lang='lat'>420</span> 
     </span>
    </p>
   </div>
   <div class='ocr_carea' id='block_1_6' title="bbox 262 578 1383 709">
    <p class='ocr_par' dir='ltr' id='par_1_7' title="bbox 262 578 1383 709">
     <span class='ocr_line' id='line_1_9' title="bbox 262 578 1383 636; baseline 0.003 -16"><span class='ocrx_word' id='word_1_40' title='bbox 262 578 397 621; x_wconf 83' lang='lat' dir='ltr'>Dives</span> <span class='ocrx_word' id='word_1_41' title='bbox 429 580 558 635; x_wconf 85' lang='lat' dir='ltr'>agris,</span> <span class='ocrx_word' id='word_1_42' title='bbox 592 579 712 622; x_wconf 86' lang='lat' dir='ltr'>dives</span> <span class='ocrx_word' id='word_1_43' title='bbox 744 580 897 636; x_wconf 88' lang='lat' dir='ltr'>positis</span> <span class='ocrx_word' id='word_1_44' title='bbox 929 581 974 622; x_wconf 90' lang='lat' dir='ltr'>in</span> <span class='ocrx_word' id='word_1_45' title='bbox 1005 580 1153 623; x_wconf 91' lang='lat' dir='ltr'>fenore</span> <span class='ocrx_word' id='word_1_46' title='bbox 1184 582 1383 623; x_wconf 83' lang='lat' dir='ltr'>nummis.</span> 
     </span>
     <span class='ocr_line' id='line_1_10' title="bbox 264 649 1382 709; baseline 0.003 -18"><span class='ocrx_word' id='word_1_47' title='bbox 264 649 310 691; x_wconf 82' lang='lat' dir='ltr'>Si</span> <span class='ocrx_word' id='word_1_48' title='bbox 342 665 444 692; x_wconf 80' lang='lat' dir='ltr'>vero</span> <span class='ocrx_word' id='word_1_49' title='bbox 476 654 561 705; x_wconf 89' lang='lat' dir='ltr'>est,</span> <span class='ocrx_word' id='word_1_50' title='bbox 594 655 770 693; x_wconf 90' lang='lat' dir='ltr'>unctum</span> <span class='ocrx_word' id='word_1_51' title='bbox 801 651 875 708; x_wconf 92' lang='lat' dir='ltr'>qui</span> <span class='ocrx_word' id='word_1_52' title='bbox 906 655 1021 694; x_wconf 87' lang='lat' dir='ltr'>recte</span> <span class='ocrx_word' id='word_1_53' title='bbox 1052 666 1214 708; x_wconf 90' lang='lat' dir='ltr'>ponere</span> <span class='ocrx_word' id='word_1_54' title='bbox 1244 653 1382 709; x_wconf 77' lang='lat' dir='ltr'><strong>possit</strong></span> 
     </span>
    </p>
   </div>
   <div class='ocr_carea' id='block_1_7' title="bbox 190 780 1621 872">
    <p class='ocr_par' dir='ltr' id='par_1_8' title="bbox 190 780 1621 872">
     <span class='ocr_line' id='line_1_11' title="bbox 244 780 1620 826; baseline 0.002 -13"><span class='ocrx_word' id='word_1_55' title='bbox 244 782 319 814; x_wconf 72' lang='lat'><strong>116.</strong></span> <span class='ocrx_word' id='word_1_56' title='bbox 345 782 429 814; x_wconf 82' lang='lat' dir='ltr'>Non</span> <span class='ocrx_word' id='word_1_57' title='bbox 453 780 482 813; x_wconf 92' lang='lat' dir='ltr'>B</span> <span class='ocrx_word' id='word_1_58' title='bbox 509 781 650 825; x_wconf 87' lang='lat' dir='ltr'>aliique</span> <span class='ocrx_word' id='word_1_59' title='bbox 677 780 778 826; x_wconf 89' lang='lat' dir='ltr'>apud</span> <span class='ocrx_word' id='word_1_60' title='bbox 805 780 1030 824; x_wconf 82' lang='lat' dir='ltr'>Gonodium,</span> <span class='ocrx_word' id='word_1_61' title='bbox 1056 783 1161 816; x_wconf 78' lang='lat' dir='ltr'>Nunc</span> <span class='ocrx_word' id='word_1_62' title='bbox 1185 781 1310 825; x_wconf 82' lang='lat' dir='ltr'>ETbo,</span> <span class='ocrx_word' id='word_1_63' title='bbox 1334 782 1480 825; x_wconf 84' lang='lat' dir='ltr'>LCtFJ,</span> <span class='ocrx_word' id='word_1_64' title='bbox 1505 782 1620 817; x_wconf 81' lang='lat' dir='ltr'>Godd.</span> 
     </span>
     <span class='ocr_line' id='line_1_12' title="bbox 190 827 1621 872; baseline 0.003 -12"><span class='ocrx_word' id='word_1_65' title='bbox 190 827 359 862; x_wconf 84' lang='lat' dir='ltr'>Monacc.</span> <span class='ocrx_word' id='word_1_66' title='bbox 386 830 424 861; x_wconf 91' lang='lat' dir='ltr'>et</span> <span class='ocrx_word' id='word_1_67' title='bbox 447 827 623 862; x_wconf 85' lang='lat' dir='ltr'>Pottierii</span> <span class='ocrx_word' id='word_1_68' title='bbox 648 831 799 872; x_wconf 89' lang='lat' dir='ltr'>praeter</span> <span class='ocrx_word' id='word_1_69' title='bbox 835 839 953 862; x_wconf 91' lang='lat' dir='ltr'>unum</span> <span class='ocrx_word' id='word_1_70' title='bbox 980 840 1130 872; x_wconf 86' lang='lat' dir='ltr'>omnes,</span> <span class='ocrx_word' id='word_1_71' title='bbox 1169 831 1267 864; x_wconf 81' lang='lat' dir='ltr'>Num</span> <span class='ocrx_word' id='word_1_72' title='bbox 1301 829 1391 864; x_wconf 82' lang='lat' dir='ltr'>God.</span> <span class='ocrx_word' id='word_1_73' title='bbox 1416 829 1621 864; x_wconf 84' lang='lat' dir='ltr'>Melkensis</span> 
     </span>
    </p>
   </div>
   <div class='ocr_carea' id='block_1_8' title="bbox 193 874 658 917">
    <p class='ocr_par' dir='ltr' id='par_1_9' title="bbox 193 874 658 917">
     <span class='ocr_line' id='line_1_13' title="bbox 193 874 658 917; baseline 0.002 -9"><span class='ocrx_word' id='word_1_74' title='bbox 193 874 273 908; x_wconf 85' lang='lat' dir='ltr'>See.</span> <span class='ocrx_word' id='word_1_75' title='bbox 298 874 344 909; x_wconf 90' lang='lat' dir='ltr'>X.</span> <span class='ocrx_word' id='word_1_76' title='bbox 373 875 445 917; x_wconf 85' lang='lat' dir='ltr'>(Ut</span> <span class='ocrx_word' id='word_1_77' title='bbox 471 886 552 917; x_wconf 90' lang='lat' dir='ltr'>nos,</span> <span class='ocrx_word' id='word_1_78' title='bbox 580 875 658 917; x_wconf 85' lang='lat' dir='ltr'>Sd.)</span> 
     </span>
    </p>
   </div>
   <div class='ocr_carea' id='block_1_9' title="bbox 135 994 882 2740">
    <p class='ocr_par' dir='ltr' id='par_1_10' title="bbox 135 994 882 2740">
     <span class='ocr_line' id='line_1_14' title="bbox 141 994 882 1036; baseline 0.003 -10"><span class='ocrx_word' id='word_1_79' title='bbox 141 995 211 1026; x_wconf 88' lang='lat' dir='ltr'>rat.</span> <span class='ocrx_word' id='word_1_80' title='bbox 246 1013 288 1017; x_wconf 82' lang='lat'>——</span> <span class='ocrx_word' id='word_1_81' title='bbox 324 995 387 1034; x_wconf 78' lang='lat' dir='ltr'>qui</span> <span class='ocrx_word' id='word_1_82' title='bbox 420 995 551 1034; x_wconf 77' lang='lat' dir='ltr'>Pythia</span> <span class='ocrx_word' id='word_1_83' title='bbox 585 994 730 1036; x_wconf 78' lang='lat' dir='ltr'>cantat]</span> <span class='ocrx_word' id='word_1_84' title='bbox 765 996 882 1028; x_wconf 85' lang='lat' dir='ltr'>certa-</span> 
     </span>
     <span class='ocr_line' id='line_1_15' title="bbox 141 1037 882 1086; baseline 0.001 -13"><span class='ocrx_word' id='word_1_85' title='bbox 141 1041 262 1083; x_wconf 84' lang='lat' dir='ltr'>mina,</span> <span class='ocrx_word' id='word_1_86' title='bbox 302 1037 558 1084; x_wconf 60' lang='lat' dir='ltr'>„Hvfflav&#39;hyg,</span> <span class='ocrx_word' id='word_1_87' title='bbox 596 1042 628 1075; x_wconf 88' lang='lat' dir='ltr'>is</span> <span class='ocrx_word' id='word_1_88' title='bbox 654 1042 720 1085; x_wconf 89' lang='lat' dir='ltr'>qui</span> <span class='ocrx_word' id='word_1_89' title='bbox 746 1041 785 1074; x_wconf 91' lang='lat' dir='ltr'>in</span> <span class='ocrx_word' id='word_1_90' title='bbox 811 1041 882 1086; x_wconf 79' lang='lat' dir='ltr'>Py-</span> 
     </span>
     <span class='ocr_line' id='line_1_16' title="bbox 141 1087 881 1132; baseline 0.003 -12"><span class='ocrx_word' id='word_1_91' title='bbox 141 1087 231 1121; x_wconf 87' lang='lat' dir='ltr'>thiis</span> <span class='ocrx_word' id='word_1_92' title='bbox 252 1087 441 1132; x_wconf 85' lang='lat' dir='ltr'>Apollinis</span> <span class='ocrx_word' id='word_1_93' title='bbox 468 1091 658 1122; x_wconf 85' lang='lat' dir='ltr'>certamen</span> <span class='ocrx_word' id='word_1_94' title='bbox 685 1099 770 1122; x_wconf 86' lang='lat' dir='ltr'>cum</span> <span class='ocrx_word' id='word_1_95' title='bbox 796 1088 881 1122; x_wconf 86' lang='lat' dir='ltr'>dra-</span> 
     </span>
     <span class='ocr_line' id='line_1_17' title="bbox 143 1135 881 1180; baseline 0.001 -12"><span class='ocrx_word' id='word_1_96' title='bbox 143 1145 237 1168; x_wconf 91' lang='lat' dir='ltr'>cone</span> <span class='ocrx_word' id='word_1_97' title='bbox 271 1135 406 1180; x_wconf 83' lang='lat' dir='ltr'>Pythio</span> <span class='ocrx_word' id='word_1_98' title='bbox 441 1135 534 1170; x_wconf 88' lang='lat' dir='ltr'>tibia</span> <span class='ocrx_word' id='word_1_99' title='bbox 568 1135 708 1169; x_wconf 77' lang='lat' dir='ltr'>canit.“</span> <span class='ocrx_word' id='word_1_100' title='bbox 738 1155 781 1160; x_wconf 91' lang='lat'>—-</span> <span class='ocrx_word' id='word_1_101' title='bbox 807 1138 881 1170; x_wconf 84' lang='lat' dir='ltr'>Nec</span> 
     </span>
     <span class='ocr_line' id='line_1_18' title="bbox 141 1182 882 1228; baseline 0.003 -12"><span class='ocrx_word' id='word_1_102' title='bbox 141 1182 226 1224; x_wconf 86' lang='lat' dir='ltr'>cet.]</span> <span class='ocrx_word' id='word_1_103' title='bbox 266 1183 432 1217; x_wconf 85' lang='lat' dir='ltr'>Tametsi</span> <span class='ocrx_word' id='word_1_104' title='bbox 458 1183 681 1217; x_wconf 85' lang='lat' dir='ltr'>auctoritate</span> <span class='ocrx_word' id='word_1_105' title='bbox 706 1194 882 1228; x_wconf 82' lang='lat' dir='ltr'>praegra-</span> 
     </span>
     <span class='ocr_line' id='line_1_19' title="bbox 139 1230 882 1276; baseline 0.003 -14"><span class='ocrx_word' id='word_1_106' title='bbox 139 1233 202 1263; x_wconf 81' lang='lat' dir='ltr'>vat</span> <span class='ocrx_word' id='word_1_107' title='bbox 239 1230 351 1264; x_wconf 89' lang='lat' dir='ltr'>lectio</span> <span class='ocrx_word' id='word_1_108' title='bbox 386 1232 509 1273; x_wconf 76' lang='lat' dir='ltr'>Nunc,</span> <span class='ocrx_word' id='word_1_109' title='bbox 548 1233 674 1264; x_wconf 87' lang='lat' dir='ltr'>tamen</span> <span class='ocrx_word' id='word_1_110' title='bbox 711 1231 882 1276; x_wconf 82' lang='lat' dir='ltr'>profecta</span> 
     </span>
     <span class='ocr_line' id='line_1_20' title="bbox 140 1277 881 1322; baseline 0.001 -12"><span class='ocrx_word' id='word_1_111' title='bbox 140 1277 290 1311; x_wconf 86' lang='lat' dir='ltr'>videtur</span> <span class='ocrx_word' id='word_1_112' title='bbox 316 1278 363 1311; x_wconf 82' lang='lat' dir='ltr'>ab</span> <span class='ocrx_word' id='word_1_113' title='bbox 389 1278 563 1320; x_wconf 89' lang='lat' dir='ltr'>homine,</span> <span class='ocrx_word' id='word_1_114' title='bbox 598 1278 665 1322; x_wconf 93' lang='lat' dir='ltr'>qui</span> <span class='ocrx_word' id='word_1_115' title='bbox 699 1278 790 1313; x_wconf 86' lang='lat' dir='ltr'>satis</span> <span class='ocrx_word' id='word_1_116' title='bbox 821 1278 881 1311; x_wconf 91' lang='lat' dir='ltr'>in-</span> 
     </span>
     <span class='ocr_line' id='line_1_21' title="bbox 139 1325 880 1372; baseline 0.001 -14"><span class='ocrx_word' id='word_1_117' title='bbox 139 1325 358 1368; x_wconf 77' lang='lat' dir='ltr'>tempestive</span> <span class='ocrx_word' id='word_1_118' title='bbox 397 1325 471 1360; x_wconf 90' lang='lat' dir='ltr'>loci</span> <span class='ocrx_word' id='word_1_119' title='bbox 509 1327 703 1372; x_wconf 80' lang='grc' dir='ltr'><em>εἰρωνείαν</em></span> <span class='ocrx_word' id='word_1_120' title='bbox 741 1336 880 1371; x_wconf 86' lang='lat' dir='ltr'>augere</span> 
     </span>
     <span class='ocr_line' id='line_1_22' title="bbox 140 1372 880 1418; baseline 0.003 -14"><span class='ocrx_word' id='word_1_121' title='bbox 140 1372 316 1406; x_wconf 78' lang='lat' dir='ltr'>voluerit.</span> <span class='ocrx_word' id='word_1_122' title='bbox 345 1372 393 1406; x_wconf 86' lang='lat' dir='ltr'>Et</span> <span class='ocrx_word' id='word_1_123' title='bbox 417 1372 457 1406; x_wconf 90' lang='lat' dir='ltr'>in</span> <span class='ocrx_word' id='word_1_124' title='bbox 485 1374 600 1407; x_wconf 86' lang='lat' dir='ltr'>satira</span> <span class='ocrx_word' id='word_1_125' title='bbox 626 1373 777 1418; x_wconf 90' lang='lat' dir='ltr'>quidem</span> <span class='ocrx_word' id='word_1_126' title='bbox 803 1373 880 1407; x_wconf 85' lang='lat' dir='ltr'>for-</span> 
     </span>
     <span class='ocr_line' id='line_1_23' title="bbox 139 1420 881 1464; baseline 0.001 -11"><span class='ocrx_word' id='word_1_127' title='bbox 139 1421 240 1453; x_wconf 87' lang='lat' dir='ltr'>tasse</span> <span class='ocrx_word' id='word_1_128' title='bbox 269 1422 369 1454; x_wconf 91' lang='lat' dir='ltr'>esset</span> <span class='ocrx_word' id='word_1_129' title='bbox 402 1423 507 1464; x_wconf 83' lang='lat' dir='ltr'>apta3</span> <span class='ocrx_word' id='word_1_130' title='bbox 543 1420 610 1455; x_wconf 89' lang='lat' dir='ltr'>sed</span> <span class='ocrx_word' id='word_1_131' title='bbox 642 1421 675 1454; x_wconf 88' lang='lat' dir='ltr'>si</span> <span class='ocrx_word' id='word_1_132' title='bbox 708 1421 745 1454; x_wconf 89' lang='lat' dir='ltr'>h.</span> <span class='ocrx_word' id='word_1_133' title='bbox 770 1421 795 1454; x_wconf 90' lang='lat'>1.</span> <span class='ocrx_word' id='word_1_134' title='bbox 822 1431 881 1454; x_wconf 89' lang='lat' dir='ltr'>ac-</span> 
     </span>
     <span class='ocr_line' id='line_1_24' title="bbox 140 1467 881 1512; baseline 0.001 -12"><span class='ocrx_word' id='word_1_135' title='bbox 140 1467 310 1501; x_wconf 83' lang='lat' dir='ltr'>curatius</span> <span class='ocrx_word' id='word_1_136' title='bbox 343 1468 574 1512; x_wconf 80' lang='lat' dir='ltr'>inspexeris,</span> <span class='ocrx_word' id='word_1_137' title='bbox 611 1468 757 1502; x_wconf 84' lang='lat' dir='ltr'>videbis</span> <span class='ocrx_word' id='word_1_138' title='bbox 784 1468 881 1501; x_wconf 90' lang='lat' dir='ltr'>nihil</span> 
     </span>
     <span class='ocr_line' id='line_1_25' title="bbox 140 1515 882 1559; baseline 0.001 -12"><span class='ocrx_word' id='word_1_139' title='bbox 140 1525 232 1548; x_wconf 90' lang='lat' dir='ltr'>sane</span> <span class='ocrx_word' id='word_1_140' title='bbox 257 1515 427 1559; x_wconf 89' lang='lat' dir='ltr'>potuisse</span> <span class='ocrx_word' id='word_1_141' title='bbox 451 1515 634 1549; x_wconf 85' lang='lat' dir='ltr'>rusticius</span> <span class='ocrx_word' id='word_1_142' title='bbox 653 1515 727 1549; x_wconf 90' lang='lat' dir='ltr'>dici</span> <span class='ocrx_word' id='word_1_143' title='bbox 745 1516 785 1548; x_wconf 92' lang='lat' dir='ltr'>in</span> <span class='ocrx_word' id='word_1_144' title='bbox 804 1515 882 1559; x_wconf 90' lang='lat' dir='ltr'>epi-</span> 
     </span>
     <span class='ocr_line' id='line_1_26' title="bbox 140 1562 881 1607; baseline 0.003 -13"><span class='ocrx_word' id='word_1_145' title='bbox 140 1562 255 1595; x_wconf 89' lang='lat' dir='ltr'>stola:</span> <span class='ocrx_word' id='word_1_146' title='bbox 296 1562 425 1607; x_wconf 84' lang='lat' dir='ltr'>„Ergo</span> <span class='ocrx_word' id='word_1_147' title='bbox 461 1562 640 1607; x_wconf 89' lang='lat' dir='ltr'>quoniam</span> <span class='ocrx_word' id='word_1_148' title='bbox 674 1573 777 1596; x_wconf 92' lang='lat' dir='ltr'>nunc</span> <span class='ocrx_word' id='word_1_149' title='bbox 810 1563 881 1596; x_wconf 92' lang='lat' dir='ltr'>hoc</span> 
     </span>
     <span class='ocr_line' id='line_1_27' title="bbox 140 1608 881 1654; baseline 0.003 -12"><span class='ocrx_word' id='word_1_150' title='bbox 140 1608 282 1643; x_wconf 85' lang='lat' dir='ltr'>dixisse</span> <span class='ocrx_word' id='word_1_151' title='bbox 310 1610 461 1652; x_wconf 85' lang='lat' dir='ltr'>sufficit,</span> <span class='ocrx_word' id='word_1_152' title='bbox 486 1612 527 1643; x_wconf 91' lang='lat' dir='ltr'>tu</span> <span class='ocrx_word' id='word_1_153' title='bbox 550 1621 715 1654; x_wconf 91' lang='lat' dir='ltr'>quoque,</span> <span class='ocrx_word' id='word_1_154' title='bbox 741 1610 881 1654; x_wconf 92' lang='lat' dir='ltr'>optime</span> 
     </span>
     <span class='ocr_line' id='line_1_28' title="bbox 139 1655 881 1712; baseline 0.003 -23"><span class='ocrx_word' id='word_1_155' title='bbox 139 1655 239 1699; x_wconf 90' lang='lat' dir='ltr'>Piso,</span> <span class='ocrx_word' id='word_1_156' title='bbox 265 1656 320 1690; x_wconf 89' lang='lat' dir='ltr'>sic</span> <span class='ocrx_word' id='word_1_157' title='bbox 347 1657 497 1690; x_wconf 50' lang='lat' dir='ltr'>dicito!</span> <span class='ocrx_word' id='word_1_158' title='bbox 543 1657 685 1712; x_wconf 83' lang='lat' dir='ltr'>Atque,</span> <span class='ocrx_word' id='word_1_159' title='bbox 712 1660 753 1691; x_wconf 91' lang='lat' dir='ltr'>ut</span> <span class='ocrx_word' id='word_1_160' title='bbox 778 1660 881 1691; x_wconf 82' lang='lat' dir='ltr'>recte</span> 
     </span>
     <span class='ocr_line' id='line_1_29' title="bbox 139 1703 879 1749; baseline 0.003 -12"><span class='ocrx_word' id='word_1_161' title='bbox 139 1703 336 1738; x_wconf 89' lang='lat' dir='ltr'>Bentleius</span> <span class='ocrx_word' id='word_1_162' title='bbox 378 1704 588 1749; x_wconf 84' lang='lat' dir='ltr'>significat,</span> <span class='ocrx_word' id='word_1_163' title='bbox 638 1706 671 1739; x_wconf 89' lang='lat' dir='ltr'>si</span> <span class='ocrx_word' id='word_1_164' title='bbox 712 1704 879 1749; x_wconf 78' lang='lat' dir='ltr'>antiquis</span> 
     </span>
     <span class='ocr_line' id='line_1_30' title="bbox 140 1752 879 1796; baseline 0.003 -12"><span class='ocrx_word' id='word_1_165' title='bbox 140 1752 373 1795; x_wconf 82' lang='lat' dir='ltr'>temporibus</span> <span class='ocrx_word' id='word_1_166' title='bbox 393 1763 462 1785; x_wconf 86' lang='lat' dir='ltr'>sua</span> <span class='ocrx_word' id='word_1_167' title='bbox 479 1763 671 1796; x_wconf 86' lang='lat' dir='ltr'>opponere</span> <span class='ocrx_word' id='word_1_168' title='bbox 685 1752 879 1794; x_wconf 82' lang='lat' dir='ltr'>voluisset,</span> 
     </span>
     <span class='ocr_line' id='line_1_31' title="bbox 139 1799 879 1833; baseline 0 -2"><span class='ocrx_word' id='word_1_169' title='bbox 139 1799 254 1832; x_wconf 84' lang='lat' dir='ltr'>verbo</span> <span class='ocrx_word' id='word_1_170' title='bbox 294 1799 426 1833; x_wconf 89' lang='lat' dir='ltr'>saltem</span> <span class='ocrx_word' id='word_1_171' title='bbox 471 1810 625 1833; x_wconf 89' lang='lat' dir='ltr'>monere</span> <span class='ocrx_word' id='word_1_172' title='bbox 663 1799 879 1833; x_wconf 82' lang='lat' dir='ltr'>debuisset:</span> 
     </span>
     <span class='ocr_line' id='line_1_32' title="bbox 141 1845 880 1889; baseline 0.001 -11"><span class='ocrx_word' id='word_1_173' title='bbox 141 1845 265 1886; x_wconf 80' lang='lat' dir='ltr'>„Olim</span> <span class='ocrx_word' id='word_1_174' title='bbox 292 1847 356 1889; x_wconf 93' lang='lat' dir='ltr'>qui</span> <span class='ocrx_word' id='word_1_175' title='bbox 382 1846 454 1880; x_wconf 86' lang='lat' dir='ltr'>arti</span> <span class='ocrx_word' id='word_1_176' title='bbox 481 1846 671 1888; x_wconf 85' lang='lat' dir='ltr'>studebat,</span> <span class='ocrx_word' id='word_1_177' title='bbox 698 1865 712 1872; x_wconf 93' lang='lat'><em>-</em></span> <span class='ocrx_word' id='word_1_178' title='bbox 730 1865 745 1871; x_wconf 97' lang='lat'>-</span> <span class='ocrx_word' id='word_1_179' title='bbox 763 1847 880 1879; x_wconf 86' lang='lat' dir='ltr'>multa</span> 
     </span>
     <span class='ocr_line' id='line_1_33' title="bbox 139 1892 878 1937; baseline 0 -12"><span class='ocrx_word' id='word_1_180' title='bbox 139 1892 285 1926; x_wconf 82' lang='lat' dir='ltr'>ferebat</span> <span class='ocrx_word' id='word_1_181' title='bbox 321 1904 436 1937; x_wconf 87' lang='lat' dir='ltr'>puer:</span> <span class='ocrx_word' id='word_1_182' title='bbox 478 1904 581 1926; x_wconf 91' lang='lat' dir='ltr'>nunc</span> <span class='ocrx_word' id='word_1_183' title='bbox 620 1895 750 1926; x_wconf 88' lang='lat' dir='ltr'>contra</span> <span class='ocrx_word' id='word_1_184' title='bbox 787 1893 878 1927; x_wconf 83' lang='lat' dir='ltr'>est.“</span> 
     </span>
     <span class='ocr_line' id='line_1_34' title="bbox 140 1939 879 1985; baseline 0 -12"><span class='ocrx_word' id='word_1_185' title='bbox 140 1939 316 1973; x_wconf 79' lang='lat' dir='ltr'>Ceterum</span> <span class='ocrx_word' id='word_1_186' title='bbox 341 1941 490 1975; x_wconf 86' lang='lat' dir='ltr'>inanem</span> <span class='ocrx_word' id='word_1_187' title='bbox 509 1940 761 1985; x_wconf 78' lang='lat' dir='ltr'>arrogantiam</span> <span class='ocrx_word' id='word_1_188' title='bbox 783 1940 879 1973; x_wconf 93' lang='lat' dir='ltr'>mul-</span> 
     </span>
     <span class='ocr_line' id='line_1_35' title="bbox 140 1987 879 2032; baseline 0.001 -12"><span class='ocrx_word' id='word_1_189' title='bbox 140 1989 263 2020; x_wconf 87' lang='lat' dir='ltr'>torum</span> <span class='ocrx_word' id='word_1_190' title='bbox 291 1990 412 2029; x_wconf 87' lang='lat' dir='ltr'>notat,</span> <span class='ocrx_word' id='word_1_191' title='bbox 445 1987 512 2032; x_wconf 91' lang='lat' dir='ltr'>qui</span> <span class='ocrx_word' id='word_1_192' title='bbox 539 1990 656 2022; x_wconf 88' lang='lat' dir='ltr'>semet</span> <span class='ocrx_word' id='word_1_193' title='bbox 681 1988 785 2032; x_wconf 88' lang='lat' dir='ltr'>ipsos</span> <span class='ocrx_word' id='word_1_194' title='bbox 811 1998 879 2031; x_wconf 92' lang='lat' dir='ltr'>pro</span> 
     </span>
     <span class='ocr_line' id='line_1_36' title="bbox 140 2035 879 2079; baseline 0 -12"><span class='ocrx_word' id='word_1_195' title='bbox 140 2035 287 2068; x_wconf 84' lang='lat' dir='ltr'>eximiis</span> <span class='ocrx_word' id='word_1_196' title='bbox 324 2035 446 2079; x_wconf 66' lang='lat' dir='ltr'>poetis</span> <span class='ocrx_word' id='word_1_197' title='bbox 483 2035 667 2078; x_wconf 79' lang='lat' dir='ltr'>habeant,</span> <span class='ocrx_word' id='word_1_198' title='bbox 711 2035 879 2079; x_wconf 85' lang='lat' dir='ltr'>quamvis</span> 
     </span>
     <span class='ocr_line' id='line_1_37' title="bbox 139 2082 880 2125; baseline 0 -10"><span class='ocrx_word' id='word_1_199' title='bbox 139 2084 257 2115; x_wconf 86' lang='lat' dir='ltr'>artem</span> <span class='ocrx_word' id='word_1_200' title='bbox 295 2082 449 2116; x_wconf 89' lang='lat' dir='ltr'>minime</span> <span class='ocrx_word' id='word_1_201' title='bbox 489 2082 709 2125; x_wconf 90' lang='lat' dir='ltr'>didicerint;</span> <span class='ocrx_word' id='word_1_202' title='bbox 757 2082 880 2116; x_wconf 86' lang='lat' dir='ltr'>neuti-</span> 
     </span>
     <span class='ocr_line' id='line_1_38' title="bbox 140 2130 880 2174; baseline 0.001 -12"><span class='ocrx_word' id='word_1_203' title='bbox 140 2140 253 2173; x_wconf 83' lang='lat' dir='ltr'>quam</span> <span class='ocrx_word' id='word_1_204' title='bbox 279 2141 366 2163; x_wconf 89' lang='lat' dir='ltr'>vero</span> <span class='ocrx_word' id='word_1_205' title='bbox 407 2132 553 2163; x_wconf 85' lang='lat' dir='ltr'>certum</span> <span class='ocrx_word' id='word_1_206' title='bbox 591 2130 755 2174; x_wconf 86' lang='lat' dir='ltr'>aliquem</span> <span class='ocrx_word' id='word_1_207' title='bbox 790 2140 880 2163; x_wconf 87' lang='lat' dir='ltr'>suae</span> 
     </span>
     <span class='ocr_line' id='line_1_39' title="bbox 139 2176 880 2220; baseline 0.001 -11"><span class='ocrx_word' id='word_1_208' title='bbox 139 2178 272 2211; x_wconf 86' lang='lat' dir='ltr'>aetatis</span> <span class='ocrx_word' id='word_1_209' title='bbox 291 2179 439 2220; x_wconf 72' lang='lat' dir='ltr'>poetam</span> <span class='ocrx_word' id='word_1_210' title='bbox 458 2178 621 2211; x_wconf 86' lang='lat' dir='ltr'>vellicat.</span> <span class='ocrx_word' id='word_1_211' title='bbox 654 2177 729 2211; x_wconf 86' lang='lat' dir='ltr'>Cfr.</span> <span class='ocrx_word' id='word_1_212' title='bbox 747 2176 880 2210; x_wconf 87' lang='lat' dir='ltr'>Iacobs</span> 
     </span>
     <span class='ocr_line' id='line_1_40' title="bbox 138 2223 881 2270; baseline 0 -13"><span class='ocrx_word' id='word_1_213' title='bbox 138 2223 259 2257; x_wconf 86' lang='lat' dir='ltr'>Lectt.</span> <span class='ocrx_word' id='word_1_214' title='bbox 276 2224 420 2258; x_wconf 86' lang='lat' dir='ltr'>Venus.</span> <span class='ocrx_word' id='word_1_215' title='bbox 445 2235 530 2270; x_wconf 82' lang='lat' dir='ltr'>pag.</span> <span class='ocrx_word' id='word_1_216' title='bbox 557 2226 613 2259; x_wconf 85' lang='lat'>42.</span> <span class='ocrx_word' id='word_1_217' title='bbox 641 2244 684 2248; x_wconf 88' lang='lat'>—</span> <span class='ocrx_word' id='word_1_218' title='bbox 708 2226 881 2266; x_wconf 61' lang='lat' dir='ltr'>poemata</span> 
     </span>
     <span class='ocr_line' id='line_1_41' title="bbox 135 2271 881 2316; baseline 0 -12"><span class='ocrx_word' id='word_1_219' title='bbox 135 2272 276 2314; x_wconf 68' lang='lat' dir='ltr'>panae]</span> <span class='ocrx_word' id='word_1_220' title='bbox 309 2271 384 2305; x_wconf 82' lang='lat' dir='ltr'>Cfr.</span> <span class='ocrx_word' id='word_1_221' title='bbox 410 2272 505 2316; x_wconf 86' lang='lat' dir='ltr'>Epp.</span> <span class='ocrx_word' id='word_1_222' title='bbox 535 2274 564 2314; x_wconf 80' lang='lat'>1,</span> <span class='ocrx_word' id='word_1_223' title='bbox 594 2274 648 2314; x_wconf 88' lang='lat'>18,</span> <span class='ocrx_word' id='word_1_224' title='bbox 675 2274 731 2305; x_wconf 90' lang='lat'>40.</span> <span class='ocrx_word' id='word_1_225' title='bbox 750 2290 793 2295; x_wconf 83' lang='lat'>—-</span> <span class='ocrx_word' id='word_1_226' title='bbox 814 2272 881 2304; x_wconf 85' lang='lat' dir='ltr'>Oc-</span> 
     </span>
     <span class='ocr_line' id='line_1_42' title="bbox 141 2319 881 2362; baseline 0 -11"><span class='ocrx_word' id='word_1_227' title='bbox 141 2321 244 2359; x_wconf 76' lang='lat' dir='ltr'>cupec</span> <span class='ocrx_word' id='word_1_228' title='bbox 263 2319 348 2362; x_wconf 91' lang='lat' dir='ltr'>cet.]</span> <span class='ocrx_word' id='word_1_229' title='bbox 367 2319 570 2353; x_wconf 71' lang='lat' dir='ltr'>Poetarum</span> <span class='ocrx_word' id='word_1_230' title='bbox 588 2319 881 2353; x_wconf 85' lang='lat' dir='ltr'>aemulationem</span> 
     </span>
     <span class='ocr_line' id='line_1_43' title="bbox 140 2367 880 2410; baseline 0.001 -12"><span class='ocrx_word' id='word_1_231' title='bbox 140 2375 225 2398; x_wconf 89' lang='lat' dir='ltr'>cum</span> <span class='ocrx_word' id='word_1_232' title='bbox 264 2376 398 2400; x_wconf 87' lang='lat' dir='ltr'>cursus</span> <span class='ocrx_word' id='word_1_233' title='bbox 439 2367 644 2400; x_wconf 87' lang='lat' dir='ltr'>certamine</span> <span class='ocrx_word' id='word_1_234' title='bbox 679 2367 880 2410; x_wconf 88' lang='lat' dir='ltr'>comparat.</span> 
     </span>
     <span class='ocr_line' id='line_1_44' title="bbox 141 2412 879 2457; baseline 0.001 -12"><span class='ocrx_word' id='word_1_235' title='bbox 141 2412 230 2455; x_wconf 85' lang='lat' dir='ltr'>„Est</span> <span class='ocrx_word' id='word_1_236' title='bbox 255 2414 473 2457; x_wconf 85' lang='lat' dir='ltr'>imprecatio</span> <span class='ocrx_word' id='word_1_237' title='bbox 500 2416 620 2448; x_wconf 90' lang='lat' dir='ltr'>tracta</span> <span class='ocrx_word' id='word_1_238' title='bbox 643 2425 664 2447; x_wconf 85' lang='lat' dir='ltr'>a</span> <span class='ocrx_word' id='word_1_239' title='bbox 681 2413 771 2447; x_wconf 87' lang='lat' dir='ltr'>ludo</span> <span class='ocrx_word' id='word_1_240' title='bbox 789 2423 879 2457; x_wconf 92' lang='lat' dir='ltr'>pue-</span> 
     </span>
     <span class='ocr_line' id='line_1_45' title="bbox 138 2460 879 2505; baseline 0 -12"><span class='ocrx_word' id='word_1_241' title='bbox 138 2460 221 2503; x_wconf 81' lang='lat' dir='ltr'>rili3</span> <span class='ocrx_word' id='word_1_242' title='bbox 249 2461 315 2505; x_wconf 92' lang='lat' dir='ltr'>qui</span> <span class='ocrx_word' id='word_1_243' title='bbox 342 2461 442 2494; x_wconf 90' lang='lat' dir='ltr'>enim</span> <span class='ocrx_word' id='word_1_244' title='bbox 467 2464 620 2505; x_wconf 86' lang='lat' dir='ltr'>praeest</span> <span class='ocrx_word' id='word_1_245' title='bbox 638 2460 879 2494; x_wconf 85' lang='lat' dir='ltr'>currentibus</span> 
     </span>
     <span class='ocr_line' id='line_1_46' title="bbox 139 2507 880 2551; baseline 0 -11"><span class='ocrx_word' id='word_1_246' title='bbox 139 2507 186 2541; x_wconf 91' lang='lat' dir='ltr'>ad</span> <span class='ocrx_word' id='word_1_247' title='bbox 224 2510 360 2542; x_wconf 83' lang='lat' dir='ltr'>metam</span> <span class='ocrx_word' id='word_1_248' title='bbox 400 2509 548 2551; x_wconf 86' lang='lat' dir='ltr'>pueris,</span> <span class='ocrx_word' id='word_1_249' title='bbox 591 2508 718 2542; x_wconf 88' lang='lat' dir='ltr'>dicere</span> <span class='ocrx_word' id='word_1_250' title='bbox 761 2508 880 2541; x_wconf 87' lang='lat' dir='ltr'>solet:</span> 
     </span>
     <span class='ocr_line' id='line_1_47' title="bbox 140 2554 879 2599; baseline 0 -12"><span class='ocrx_word' id='word_1_251' title='bbox 140 2554 213 2593; x_wconf 82' lang='lat' dir='ltr'>Qui</span> <span class='ocrx_word' id='word_1_252' title='bbox 239 2555 385 2599; x_wconf 84' lang='lat' dir='ltr'>primus</span> <span class='ocrx_word' id='word_1_253' title='bbox 411 2555 458 2589; x_wconf 86' lang='lat' dir='ltr'>ad</span> <span class='ocrx_word' id='word_1_254' title='bbox 489 2558 626 2589; x_wconf 88' lang='lat' dir='ltr'>metam</span> <span class='ocrx_word' id='word_1_255' title='bbox 650 2555 813 2597; x_wconf 86' lang='lat' dir='ltr'>venerit,</span> <span class='ocrx_word' id='word_1_256' title='bbox 847 2554 879 2587; x_wconf 87' lang='lat' dir='ltr'>is</span> 
     </span>
     <span class='ocr_line' id='line_1_48' title="bbox 139 2602 880 2647; baseline 0.001 -13"><span class='ocrx_word' id='word_1_257' title='bbox 139 2602 274 2636; x_wconf 83' lang='lat' dir='ltr'>vicerit</span> <span class='ocrx_word' id='word_1_258' title='bbox 300 2613 461 2647; x_wconf 90' lang='lat' dir='ltr'>eumque</span> <span class='ocrx_word' id='word_1_259' title='bbox 488 2603 528 2636; x_wconf 89' lang='lat' dir='ltr'>in</span> <span class='ocrx_word' id='word_1_260' title='bbox 555 2603 666 2636; x_wconf 87' lang='lat' dir='ltr'>ulnas</span> <span class='ocrx_word' id='word_1_261' title='bbox 692 2612 793 2636; x_wconf 84' lang='lat' dir='ltr'>meas</span> <span class='ocrx_word' id='word_1_262' title='bbox 820 2612 880 2635; x_wconf 88' lang='lat' dir='ltr'>ac-</span> 
     </span>
     <span class='ocr_line' id='line_1_49' title="bbox 140 2650 881 2694; baseline 0 -12"><span class='ocrx_word' id='word_1_263' title='bbox 140 2650 295 2693; x_wconf 78' lang='lat' dir='ltr'>cipiam3</span> <span class='ocrx_word' id='word_1_264' title='bbox 323 2651 388 2694; x_wconf 91' lang='lat' dir='ltr'>qui</span> <span class='ocrx_word' id='word_1_265' title='bbox 410 2660 500 2684; x_wconf 84' lang='lat' dir='ltr'>vero</span> <span class='ocrx_word' id='word_1_266' title='bbox 527 2650 601 2683; x_wconf 87' lang='lat' dir='ltr'>erit</span> <span class='ocrx_word' id='word_1_267' title='bbox 626 2650 794 2691; x_wconf 88' lang='lat' dir='ltr'>ultimus,</span> <span class='ocrx_word' id='word_1_268' title='bbox 821 2659 881 2682; x_wconf 90' lang='lat' dir='ltr'>oc-</span> 
     </span>
     <span class='ocr_line' id='line_1_50' title="bbox 140 2697 881 2740; baseline 0 -11"><span class='ocrx_word' id='word_1_269' title='bbox 140 2700 253 2740; x_wconf 85' lang='lat' dir='ltr'>cupet</span> <span class='ocrx_word' id='word_1_270' title='bbox 279 2708 364 2731; x_wconf 91' lang='lat' dir='ltr'>eum</span> <span class='ocrx_word' id='word_1_271' title='bbox 391 2697 554 2738; x_wconf 82' lang='lat' dir='ltr'>scabies,</span> <span class='ocrx_word' id='word_1_272' title='bbox 586 2707 671 2731; x_wconf 92' lang='lat' dir='ltr'>eum</span> <span class='ocrx_word' id='word_1_273' title='bbox 705 2706 881 2740; x_wconf 88' lang='lat' dir='ltr'>respuam</span> 
     </span>
    </p>
   </div>
   <div class='ocr_carea' id='block_1_10' title="bbox 928 994 1707 2729">
    <p class='ocr_par' dir='ltr' id='par_1_11' title="bbox 928 994 1707 2729">
     <span class='ocr_line' id='line_1_51' title="bbox 931 994 1667 1038; baseline 0.001 -10"><span class='ocrx_word' id='word_1_274' title='bbox 931 998 974 1028; x_wconf 87' lang='lat' dir='ltr'>ut</span> <span class='ocrx_word' id='word_1_275' title='bbox 991 995 1237 1029; x_wconf 89' lang='lat' dir='ltr'>scabiosum.“</span> <span class='ocrx_word' id='word_1_276' title='bbox 1267 994 1394 1029; x_wconf 72' lang='lat' dir='ltr'>Gonu.</span> <span class='ocrx_word' id='word_1_277' title='bbox 1415 995 1534 1034; x_wconf 77' lang='lat' dir='ltr'>ORUQ.</span> <span class='ocrx_word' id='word_1_278' title='bbox 1560 997 1667 1038; x_wconf 84' lang='lat' dir='ltr'>„Sca-</span> 
     </span>
     <span class='ocr_line' id='line_1_52' title="bbox 931 1042 1667 1086; baseline 0.004 -12"><span class='ocrx_word' id='word_1_279' title='bbox 931 1043 1004 1075; x_wconf 77' lang='lat' dir='ltr'>bies</span> <span class='ocrx_word' id='word_1_280' title='bbox 1028 1042 1141 1076; x_wconf 87' lang='lat' dir='ltr'>ludus</span> <span class='ocrx_word' id='word_1_281' title='bbox 1163 1053 1367 1086; x_wconf 89' lang='lat' dir='ltr'>puerorum</span> <span class='ocrx_word' id='word_1_282' title='bbox 1393 1045 1459 1085; x_wconf 87' lang='lat' dir='ltr'>est,</span> <span class='ocrx_word' id='word_1_283' title='bbox 1485 1045 1527 1076; x_wconf 92' lang='lat' dir='ltr'>ut</span> <span class='ocrx_word' id='word_1_284' title='bbox 1550 1043 1667 1077; x_wconf 86' lang='lat' dir='ltr'>habes</span> 
     </span>
     <span class='ocr_line' id='line_1_53' title="bbox 930 1089 1667 1134; baseline 0.004 -13"><span class='ocrx_word' id='word_1_285' title='bbox 930 1089 970 1122; x_wconf 93' lang='lat' dir='ltr'>in</span> <span class='ocrx_word' id='word_1_286' title='bbox 1002 1089 1183 1124; x_wconf 81' lang='lat' dir='ltr'>Suetonio</span> <span class='ocrx_word' id='word_1_287' title='bbox 1216 1089 1475 1134; x_wconf 79' lang='lat' dir='ltr'>Tranquillo.“</span> <span class='ocrx_word' id='word_1_288' title='bbox 1517 1089 1667 1124; x_wconf 66' lang='lat' dir='ltr'>Aenon.</span> 
     </span>
     <span class='ocr_line' id='line_1_54' title="bbox 929 1136 1667 1183; baseline 0.001 -14"><span class='ocrx_word' id='word_1_289' title='bbox 929 1136 1120 1171; x_wconf 90' lang='lat' dir='ltr'>Puerilem</span> <span class='ocrx_word' id='word_1_290' title='bbox 1154 1137 1235 1170; x_wconf 89' lang='lat' dir='ltr'>ludi</span> <span class='ocrx_word' id='word_1_291' title='bbox 1259 1137 1458 1171; x_wconf 80' lang='lat' dir='ltr'>formulam</span> <span class='ocrx_word' id='word_1_292' title='bbox 1483 1137 1667 1183; x_wconf 82' lang='lat' dir='ltr'>singulari</span> 
     </span>
     <span class='ocr_line' id='line_1_55' title="bbox 930 1184 1667 1229; baseline 0.003 -13"><span class='ocrx_word' id='word_1_293' title='bbox 930 1186 1126 1218; x_wconf 84' lang='lat' dir='ltr'>venustate</span> <span class='ocrx_word' id='word_1_294' title='bbox 1153 1186 1318 1219; x_wconf 83' lang='lat' dir='ltr'>sectatus</span> <span class='ocrx_word' id='word_1_295' title='bbox 1345 1187 1421 1226; x_wconf 85' lang='lat' dir='ltr'>est,</span> <span class='ocrx_word' id='word_1_296' title='bbox 1447 1186 1489 1218; x_wconf 91' lang='lat' dir='ltr'>ut</span> <span class='ocrx_word' id='word_1_297' title='bbox 1511 1184 1606 1229; x_wconf 82' lang='lat' dir='ltr'>Epp.</span> <span class='ocrx_word' id='word_1_298' title='bbox 1636 1187 1667 1226; x_wconf 88' lang='lat'>1,</span> 
     </span>
     <span class='ocr_line' id='line_1_56' title="bbox 932 1232 1668 1274; baseline 0.001 -10"><span class='ocrx_word' id='word_1_299' title='bbox 932 1232 964 1272; x_wconf 93' lang='lat'>1,</span> <span class='ocrx_word' id='word_1_300' title='bbox 983 1233 1046 1265; x_wconf 83' lang='lat'>59:</span> <span class='ocrx_word' id='word_1_301' title='bbox 1073 1233 1155 1265; x_wconf 74' lang='lat' dir='ltr'>Rex</span> <span class='ocrx_word' id='word_1_302' title='bbox 1179 1233 1260 1273; x_wconf 73' lang='lat' dir='ltr'>eris,</span> <span class='ocrx_word' id='word_1_303' title='bbox 1285 1233 1402 1274; x_wconf 73' lang='lat' dir='ltr'>aium,</span> <span class='ocrx_word' id='word_1_304' title='bbox 1426 1233 1465 1267; x_wconf 80' lang='lat' dir='ltr'>Si</span> <span class='ocrx_word' id='word_1_305' title='bbox 1487 1234 1586 1266; x_wconf 73' lang='lat' dir='ltr'>recte</span> <span class='ocrx_word' id='word_1_306' title='bbox 1610 1233 1668 1273; x_wconf 83' lang='grc' dir='ltr'>Ῑα-</span> 
     </span>
     <span class='ocr_line' id='line_1_57' title="bbox 931 1278 1668 1322; baseline 0.001 -11"><span class='ocrx_word' id='word_1_307' title='bbox 931 1279 1013 1311; x_wconf 81' lang='lat' dir='ltr'>cies.</span> <span class='ocrx_word' id='word_1_308' title='bbox 1032 1297 1075 1302; x_wconf 85' lang='lat'>-</span> <span class='ocrx_word' id='word_1_309' title='bbox 1093 1278 1196 1322; x_wconf 78' lang='lat' dir='ltr'>sane]</span> <span class='ocrx_word' id='word_1_310' title='bbox 1222 1278 1307 1312; x_wconf 81' lang='lat' dir='ltr'>Non</span> <span class='ocrx_word' id='word_1_311' title='bbox 1330 1281 1403 1312; x_wconf 86' lang='lat' dir='ltr'>est:</span> <span class='ocrx_word' id='word_1_312' title='bbox 1433 1289 1558 1321; x_wconf 82' lang='lat' dir='ltr'>„more</span> <span class='ocrx_word' id='word_1_313' title='bbox 1583 1278 1668 1312; x_wconf 86' lang='lat' dir='ltr'>sani</span> 
     </span>
     <span class='ocr_line' id='line_1_58' title="bbox 929 1325 1667 1369; baseline 0.003 -11"><span class='ocrx_word' id='word_1_314' title='bbox 929 1325 1096 1360; x_wconf 87' lang='lat' dir='ltr'>hominis</span> <span class='ocrx_word' id='word_1_315' title='bbox 1128 1328 1165 1359; x_wconf 92' lang='lat' dir='ltr'>et</span> <span class='ocrx_word' id='word_1_316' title='bbox 1196 1326 1412 1368; x_wconf 75' lang='lat' dir='ltr'>modeste,“</span> <span class='ocrx_word' id='word_1_317' title='bbox 1451 1328 1494 1360; x_wconf 89' lang='lat' dir='ltr'>ut</span> <span class='ocrx_word' id='word_1_318' title='bbox 1517 1326 1667 1369; x_wconf 76' lang='lat' dir='ltr'>volunt3</span> 
     </span>
     <span class='ocr_line' id='line_1_59' title="bbox 930 1373 1668 1417; baseline 0.001 -11"><span class='ocrx_word' id='word_1_319' title='bbox 930 1373 997 1407; x_wconf 90' lang='lat' dir='ltr'>sed</span> <span class='ocrx_word' id='word_1_320' title='bbox 1037 1373 1227 1417; x_wconf 87' lang='lat' dir='ltr'>„utique“</span> <span class='ocrx_word' id='word_1_321' title='bbox 1267 1384 1313 1407; x_wconf 83' lang='lat' dir='ltr'>ex</span> <span class='ocrx_word' id='word_1_322' title='bbox 1346 1373 1515 1407; x_wconf 88' lang='lat' dir='ltr'>oratione</span> <span class='ocrx_word' id='word_1_323' title='bbox 1551 1375 1668 1416; x_wconf 86' lang='lat' dir='ltr'>recta,</span> 
     </span>
     <span class='ocr_line' id='line_1_60' title="bbox 933 1420 1667 1462; baseline 0 -8"><span class='ocrx_word' id='word_1_324' title='bbox 933 1431 1045 1462; x_wconf 86' lang='lat' dir='ltr'>„sane</span> <span class='ocrx_word' id='word_1_325' title='bbox 1070 1432 1130 1455; x_wconf 87' lang='lat' dir='ltr'>me</span> <span class='ocrx_word' id='word_1_326' title='bbox 1156 1420 1304 1455; x_wconf 88' lang='lat' dir='ltr'>nescire</span> <span class='ocrx_word' id='word_1_327' title='bbox 1329 1421 1483 1459; x_wconf 79' lang='lat' dir='ltr'>fateor,“</span> <span class='ocrx_word' id='word_1_328' title='bbox 1511 1420 1550 1454; x_wconf 91' lang='lat' dir='ltr'>in</span> <span class='ocrx_word' id='word_1_329' title='bbox 1572 1420 1667 1455; x_wconf 91' lang='lat' dir='ltr'>obli-</span> 
     </span>
     <span class='ocr_line' id='line_1_61' title="bbox 932 1468 1629 1512; baseline 0 -11"><span class='ocrx_word' id='word_1_330' title='bbox 932 1479 1043 1512; x_wconf 90' lang='lat' dir='ltr'>quam</span> <span class='ocrx_word' id='word_1_331' title='bbox 1068 1468 1266 1502; x_wconf 85' lang='lat' dir='ltr'>deflexum.</span> <span class='ocrx_word' id='word_1_332' title='bbox 1613 1482 1629 1501; x_wconf 71' lang='lat' dir='ltr'>e</span> 
     </span>
     <span class='ocr_line' id='line_1_62' title="bbox 978 1514 1669 1560; baseline 0.001 -12"><span class='ocrx_word' id='word_1_333' title='bbox 978 1517 1179 1549; x_wconf 74' lang='lat'>419—425.</span> <span class='ocrx_word' id='word_1_334' title='bbox 1208 1517 1249 1548; x_wconf 77' lang='lat' dir='ltr'>Ut</span> <span class='ocrx_word' id='word_1_335' title='bbox 1266 1515 1350 1558; x_wconf 88' lang='lat' dir='ltr'>cet.]</span> <span class='ocrx_word' id='word_1_336' title='bbox 1379 1514 1543 1557; x_wconf 80' lang='lat' dir='ltr'>„Verum</span> <span class='ocrx_word' id='word_1_337' title='bbox 1559 1525 1669 1560; x_wconf 87' lang='lat' dir='ltr'>prae-</span> 
     </span>
     <span class='ocr_line' id='line_1_63' title="bbox 931 1562 1669 1606; baseline 0 -10"><span class='ocrx_word' id='word_1_338' title='bbox 931 1565 988 1596; x_wconf 91' lang='lat' dir='ltr'>ter</span> <span class='ocrx_word' id='word_1_339' title='bbox 1021 1562 1296 1606; x_wconf 81' lang='lat' dir='ltr'>permultorum</span> <span class='ocrx_word' id='word_1_340' title='bbox 1329 1562 1517 1597; x_wconf 82' lang='lat' dir='ltr'>levitatem</span> <span class='ocrx_word' id='word_1_341' title='bbox 1543 1565 1580 1596; x_wconf 90' lang='lat' dir='ltr'>et</span> <span class='ocrx_word' id='word_1_342' title='bbox 1609 1573 1669 1596; x_wconf 88' lang='lat' dir='ltr'>so·</span> 
     </span>
     <span class='ocr_line' id='line_1_64' title="bbox 931 1609 1668 1654; baseline -0.001 -10"><span class='ocrx_word' id='word_1_343' title='bbox 931 1609 1100 1644; x_wconf 85' lang='lat' dir='ltr'>cordiam</span> <span class='ocrx_word' id='word_1_344' title='bbox 1118 1610 1159 1643; x_wconf 90' lang='lat' dir='ltr'>in</span> <span class='ocrx_word' id='word_1_345' title='bbox 1177 1609 1312 1643; x_wconf 88' lang='lat' dir='ltr'>studiis</span> <span class='ocrx_word' id='word_1_346' title='bbox 1329 1609 1490 1654; x_wconf 73' lang='lat' dir='ltr'>poeticis</span> <span class='ocrx_word' id='word_1_347' title='bbox 1507 1610 1668 1644; x_wconf 87' lang='lat' dir='ltr'>alterum</span> 
     </span>
     <span class='ocr_line' id='line_1_65' title="bbox 932 1657 1668 1702; baseline 0 -12"><span class='ocrx_word' id='word_1_348' title='bbox 932 1668 1084 1702; x_wconf 90' lang='lat' dir='ltr'>quoque</span> <span class='ocrx_word' id='word_1_349' title='bbox 1109 1657 1323 1701; x_wconf 89' lang='lat' dir='ltr'>periculum</span> <span class='ocrx_word' id='word_1_350' title='bbox 1341 1657 1562 1691; x_wconf 81' lang='lat' dir='ltr'>minitantur</span> <span class='ocrx_word' id='word_1_351' title='bbox 1579 1659 1668 1701; x_wconf 60' lang='lat' dir='ltr'>poe-</span> 
     </span>
     <span class='ocr_line' id='line_1_66' title="bbox 928 1704 1669 1749; baseline -0.001 -11"><span class='ocrx_word' id='word_1_352' title='bbox 928 1705 976 1738; x_wconf 89' lang='lat' dir='ltr'>tis</span> <span class='ocrx_word' id='word_1_353' title='bbox 1001 1705 1186 1749; x_wconf 90' lang='lat' dir='ltr'>imprimis</span> <span class='ocrx_word' id='word_1_354' title='bbox 1221 1704 1475 1748; x_wconf 86' lang='lat' dir='ltr'>locupletibus</span> <span class='ocrx_word' id='word_1_355' title='bbox 1501 1706 1669 1739; x_wconf 85' lang='lat' dir='ltr'>assenta-</span> 
     </span>
     <span class='ocr_line' id='line_1_67' title="bbox 928 1751 1667 1796; baseline -0.001 -11"><span class='ocrx_word' id='word_1_356' title='bbox 928 1754 1052 1785; x_wconf 87' lang='lat' dir='ltr'>torum</span> <span class='ocrx_word' id='word_1_357' title='bbox 1090 1754 1204 1795; x_wconf 87' lang='lat' dir='ltr'>atque</span> <span class='ocrx_word' id='word_1_358' title='bbox 1241 1751 1479 1785; x_wconf 88' lang='lat' dir='ltr'>adulatorum</span> <span class='ocrx_word' id='word_1_359' title='bbox 1521 1760 1667 1796; x_wconf 84' lang='lat' dir='ltr'>greges,</span> 
     </span>
     <span class='ocr_line' id='line_1_68' title="bbox 929 1797 1669 1842; baseline 0 -11"><span class='ocrx_word' id='word_1_360' title='bbox 929 1799 995 1842; x_wconf 89' lang='lat' dir='ltr'>qui</span> <span class='ocrx_word' id='word_1_361' title='bbox 1021 1801 1201 1842; x_wconf 87' lang='lat' dir='ltr'>patronos</span> <span class='ocrx_word' id='word_1_362' title='bbox 1228 1808 1318 1832; x_wconf 89' lang='lat' dir='ltr'>suos</span> <span class='ocrx_word' id='word_1_363' title='bbox 1351 1798 1457 1831; x_wconf 83' lang='lat' dir='ltr'>falsis</span> <span class='ocrx_word' id='word_1_364' title='bbox 1490 1797 1669 1832; x_wconf 83' lang='lat' dir='ltr'>laudibus</span> 
     </span>
     <span class='ocr_line' id='line_1_69' title="bbox 929 1844 1669 1889; baseline -0.001 -10"><span class='ocrx_word' id='word_1_365' title='bbox 929 1845 1135 1889; x_wconf 87' lang='lat' dir='ltr'>decipiunt.</span> <span class='ocrx_word' id='word_1_366' title='bbox 1161 1845 1194 1878; x_wconf 79' lang='lat' dir='ltr'>A</span> <span class='ocrx_word' id='word_1_367' title='bbox 1219 1845 1360 1879; x_wconf 88' lang='lat' dir='ltr'>talibus</span> <span class='ocrx_word' id='word_1_368' title='bbox 1386 1846 1447 1886; x_wconf 87' lang='lat' dir='ltr'>tu,</span> <span class='ocrx_word' id='word_1_369' title='bbox 1472 1844 1574 1887; x_wconf 87' lang='lat' dir='ltr'>Piso,</span> <span class='ocrx_word' id='word_1_370' title='bbox 1599 1844 1669 1878; x_wconf 89' lang='lat' dir='ltr'>tibi</span> 
     </span>
     <span class='ocr_line' id='line_1_70' title="bbox 929 1891 1667 1936; baseline -0.001 -10"><span class='ocrx_word' id='word_1_371' title='bbox 929 1892 1110 1926; x_wconf 79' lang='lat' dir='ltr'>caveto!“</span> <span class='ocrx_word' id='word_1_372' title='bbox 1140 1911 1183 1916; x_wconf 88' lang='lat'>—</span> <span class='ocrx_word' id='word_1_373' title='bbox 1211 1893 1260 1925; x_wconf 86' lang='lat' dir='ltr'>ad</span> <span class='ocrx_word' id='word_1_374' title='bbox 1283 1900 1420 1925; x_wconf 72' lang='lat' dir='ltr'>merces</span> <span class='ocrx_word' id='word_1_375' title='bbox 1447 1891 1533 1934; x_wconf 84' lang='lat' dir='ltr'>cet.]</span> <span class='ocrx_word' id='word_1_376' title='bbox 1573 1891 1667 1936; x_wconf 83' lang='lat' dir='ltr'>„qui</span> 
     </span>
     <span class='ocr_line' id='line_1_71' title="bbox 929 1940 1669 1984; baseline -0.003 -11"><span class='ocrx_word' id='word_1_377' title='bbox 929 1950 1062 1984; x_wconf 85' lang='lat' dir='ltr'>magno</span> <span class='ocrx_word' id='word_1_378' title='bbox 1090 1940 1252 1973; x_wconf 91' lang='lat' dir='ltr'>clamore</span> <span class='ocrx_word' id='word_1_379' title='bbox 1283 1949 1429 1973; x_wconf 87' lang='lat' dir='ltr'>merces</span> <span class='ocrx_word' id='word_1_380' title='bbox 1454 1949 1542 1972; x_wconf 83' lang='lat' dir='ltr'>suas</span> <span class='ocrx_word' id='word_1_381' title='bbox 1569 1948 1669 1972; x_wconf 87' lang='lat' dir='ltr'>oom-</span> 
     </span>
     <span class='ocr_line' id='line_1_72' title="bbox 928 1986 1671 2031; baseline -0.001 -11"><span class='ocrx_word' id='word_1_382' title='bbox 928 1986 1142 2020; x_wconf 87' lang='lat' dir='ltr'>mendando</span> <span class='ocrx_word' id='word_1_383' title='bbox 1179 1988 1366 2030; x_wconf 87' lang='lat' dir='ltr'>emptores</span> <span class='ocrx_word' id='word_1_384' title='bbox 1399 1989 1603 2031; x_wconf 83' lang='lat' dir='ltr'>congregat</span> <span class='ocrx_word' id='word_1_385' title='bbox 1634 1988 1671 2019; x_wconf 89' lang='lat' dir='ltr'>et</span> 
     </span>
     <span class='ocr_line' id='line_1_73' title="bbox 930 2034 1670 2076; baseline -0.004 -8"><span class='ocrx_word' id='word_1_386' title='bbox 930 2034 1069 2076; x_wconf 88' lang='lat' dir='ltr'>allicit,</span> <span class='ocrx_word' id='word_1_387' title='bbox 1101 2042 1310 2067; x_wconf 78' lang='lat' dir='ltr'>zusammen</span> <span class='ocrx_word' id='word_1_388' title='bbox 1333 2034 1450 2066; x_wconf 73' lang='lat' dir='ltr'>treibt.</span> <span class='ocrx_word' id='word_1_389' title='bbox 1456 2034 1473 2051; x_wconf 87' lang='lat'>“</span> <span class='ocrx_word' id='word_1_390' title='bbox 1502 2051 1545 2056; x_wconf 92' lang='lat'><strong>—</strong></span> <span class='ocrx_word' id='word_1_391' title='bbox 1571 2034 1670 2066; x_wconf 80' lang='lat' dir='ltr'>iubet</span> 
     </span>
     <span class='ocr_line' id='line_1_74' title="bbox 930 2080 1671 2123; baseline -0.001 -8"><span class='ocrx_word' id='word_1_392' title='bbox 930 2083 979 2115; x_wconf 87' lang='lat' dir='ltr'>ad</span> <span class='ocrx_word' id='word_1_393' title='bbox 1006 2083 1146 2115; x_wconf 79' lang='lat' dir='ltr'>lucrum</span> <span class='ocrx_word' id='word_1_394' title='bbox 1172 2081 1240 2123; x_wconf 80' lang='lat' dir='ltr'>ire]</span> <span class='ocrx_word' id='word_1_395' title='bbox 1269 2081 1349 2123; x_wconf 81' lang='lat' dir='ltr'>„vel</span> <span class='ocrx_word' id='word_1_396' title='bbox 1375 2080 1512 2114; x_wconf 84' lang='lat' dir='ltr'>tacitus</span> <span class='ocrx_word' id='word_1_397' title='bbox 1537 2080 1671 2114; x_wconf 85' lang='lat' dir='ltr'>invitat</span> 
     </span>
     <span class='ocr_line' id='line_1_75' title="bbox 930 2126 1671 2171; baseline -0.004 -9"><span class='ocrx_word' id='word_1_398' title='bbox 930 2129 1102 2163; x_wconf 87' lang='lat' dir='ltr'>homines</span> <span class='ocrx_word' id='word_1_399' title='bbox 1128 2128 1234 2170; x_wconf 84' lang='lat' dir='ltr'>viles,</span> <span class='ocrx_word' id='word_1_400' title='bbox 1259 2130 1301 2162; x_wconf 86' lang='lat' dir='ltr'>ut</span> <span class='ocrx_word' id='word_1_401' title='bbox 1324 2127 1425 2171; x_wconf 87' lang='lat' dir='ltr'>apud</span> <span class='ocrx_word' id='word_1_402' title='bbox 1449 2127 1591 2171; x_wconf 89' lang='lat' dir='ltr'>ipsum,</span> <span class='ocrx_word' id='word_1_403' title='bbox 1618 2126 1671 2159; x_wconf 83' lang='lat' dir='ltr'>vi-</span> 
     </span>
     <span class='ocr_line' id='line_1_76' title="bbox 930 2173 1670 2220; baseline -0.004 -10"><span class='ocrx_word' id='word_1_404' title='bbox 930 2187 1014 2210; x_wconf 89' lang='lat' dir='ltr'>rum</span> <span class='ocrx_word' id='word_1_405' title='bbox 1040 2176 1279 2220; x_wconf 83' lang='lat' dir='ltr'>locupletem,</span> <span class='ocrx_word' id='word_1_406' title='bbox 1310 2175 1491 2208; x_wconf 89' lang='lat' dir='ltr'>lucellum</span> <span class='ocrx_word' id='word_1_407' title='bbox 1515 2173 1670 2218; x_wconf 89' lang='lat' dir='ltr'>aliquod</span> 
     </span>
     <span class='ocr_line' id='line_1_77' title="bbox 931 2221 1669 2268; baseline -0.004 -11"><span class='ocrx_word' id='word_1_408' title='bbox 931 2226 1129 2268; x_wconf 87' lang='lat' dir='ltr'>quaerant,</span> <span class='ocrx_word' id='word_1_409' title='bbox 1162 2223 1294 2256; x_wconf 89' lang='lat' dir='ltr'>saltem</span> <span class='ocrx_word' id='word_1_410' title='bbox 1320 2231 1488 2256; x_wconf 86' lang='lat' dir='ltr'>mensam</span> <span class='ocrx_word' id='word_1_411' title='bbox 1514 2221 1669 2265; x_wconf 87' lang='lat' dir='ltr'>opipare</span> 
     </span>
     <span class='ocr_line' id='line_1_78' title="bbox 930 2269 1669 2315; baseline -0.004 -11"><span class='ocrx_word' id='word_1_412' title='bbox 930 2273 1108 2315; x_wconf 82' lang='lat' dir='ltr'>paratam,</span> <span class='ocrx_word' id='word_1_413' title='bbox 1123 2270 1194 2304; x_wconf 87' lang='lat' dir='ltr'>etsi</span> <span class='ocrx_word' id='word_1_414' title='bbox 1208 2269 1377 2303; x_wconf 90' lang='lat' dir='ltr'>nondum</span> <span class='ocrx_word' id='word_1_415' title='bbox 1390 2269 1528 2310; x_wconf 82' lang='lat' dir='ltr'>sciunt,</span> <span class='ocrx_word' id='word_1_416' title='bbox 1541 2271 1669 2301; x_wconf 84' lang='lat' dir='ltr'>utrum</span> 
     </span>
     <span class='ocr_line' id='line_1_79' title="bbox 931 2314 1671 2363; baseline -0.007 -11"><span class='ocrx_word' id='word_1_417' title='bbox 931 2319 1057 2363; x_wconf 87' lang='lat' dir='ltr'>largus</span> <span class='ocrx_word' id='word_1_418' title='bbox 1075 2318 1141 2351; x_wconf 90' lang='lat' dir='ltr'>ille</span> <span class='ocrx_word' id='word_1_419' title='bbox 1160 2317 1209 2350; x_wconf 91' lang='lat' dir='ltr'>sit</span> <span class='ocrx_word' id='word_1_420' title='bbox 1226 2326 1358 2350; x_wconf 88' lang='lat' dir='ltr'>necne</span> <span class='ocrx_word' id='word_1_421' title='bbox 1363 2316 1540 2349; x_wconf 73' lang='lat' dir='ltr'>“—Dives</span> <span class='ocrx_word' id='word_1_422' title='bbox 1553 2314 1671 2358; x_wconf 71' lang='grc' dir='ltr'>αρνίε]</span> 
     </span>
     <span class='ocr_line' id='line_1_80' title="bbox 930 2362 1670 2406; baseline -0.003 -9"><span class='ocrx_word' id='word_1_423' title='bbox 930 2365 1092 2399; x_wconf 86' lang='lat' dir='ltr'>Versum</span> <span class='ocrx_word' id='word_1_424' title='bbox 1131 2364 1202 2398; x_wconf 90' lang='lat' dir='ltr'>sibi</span> <span class='ocrx_word' id='word_1_425' title='bbox 1241 2364 1315 2398; x_wconf 90' lang='lat' dir='ltr'>iam</span> <span class='ocrx_word' id='word_1_426' title='bbox 1353 2363 1443 2397; x_wconf 91' lang='lat' dir='ltr'>olim</span> <span class='ocrx_word' id='word_1_427' title='bbox 1487 2362 1670 2406; x_wconf 89' lang='lat' dir='ltr'>placitum</span> 
     </span>
     <span class='ocr_line' id='line_1_81' title="bbox 928 2410 1707 2461; baseline -0.006 -15"><span class='ocrx_word' id='word_1_428' title='bbox 928 2412 1061 2446; x_wconf 86' lang='lat' dir='ltr'>festive</span> <span class='ocrx_word' id='word_1_429' title='bbox 1088 2411 1224 2456; x_wconf 86' lang='lat' dir='ltr'>repetit</span> <span class='ocrx_word' id='word_1_430' title='bbox 1251 2421 1295 2444; x_wconf 84' lang='lat' dir='ltr'>ex</span> <span class='ocrx_word' id='word_1_431' title='bbox 1321 2410 1396 2444; x_wconf 79' lang='lat' dir='ltr'>Sat.</span> <span class='ocrx_word' id='word_1_432' title='bbox 1425 2412 1456 2451; x_wconf 84' lang='lat'>1,</span> <span class='ocrx_word' id='word_1_433' title='bbox 1475 2411 1508 2451; x_wconf 80' lang='lat'>2,</span> <span class='ocrx_word' id='word_1_434' title='bbox 1528 2411 1602 2451; x_wconf 60' lang='lat'>13„</span> <span class='ocrx_word' id='word_1_435' title='bbox 1627 2411 1671 2442; x_wconf 86' lang='lat' dir='ltr'>ut</span> <span class='ocrx_word' id='word_1_436' title='bbox 1703 2452 1707 2461; x_wconf 90' lang='lat'>.</span> 
     </span>
     <span class='ocr_line' id='line_1_82' title="bbox 930 2457 1671 2499; baseline -0.004 -7"><span class='ocrx_word' id='word_1_437' title='bbox 930 2459 1004 2492; x_wconf 83' lang='lat' dir='ltr'>Sat.</span> <span class='ocrx_word' id='word_1_438' title='bbox 1034 2462 1072 2498; x_wconf 87' lang='lat'>1,</span> <span class='ocrx_word' id='word_1_439' title='bbox 1098 2461 1139 2499; x_wconf 84' lang='lat'>4,</span> <span class='ocrx_word' id='word_1_440' title='bbox 1166 2460 1222 2491; x_wconf 83' lang='lat'>92.</span> <span class='ocrx_word' id='word_1_441' title='bbox 1250 2469 1295 2492; x_wconf 89' lang='lat' dir='ltr'>ex</span> <span class='ocrx_word' id='word_1_442' title='bbox 1322 2457 1398 2491; x_wconf 82' lang='lat' dir='ltr'>Sat.</span> <span class='ocrx_word' id='word_1_443' title='bbox 1426 2459 1464 2498; x_wconf 91' lang='grc'>1,</span> <span class='ocrx_word' id='word_1_444' title='bbox 1491 2458 1524 2498; x_wconf 83' lang='grc'>2,</span> <span class='ocrx_word' id='word_1_445' title='bbox 1550 2458 1607 2490; x_wconf 80' lang='grc'>27.</span> <span class='ocrx_word' id='word_1_446' title='bbox 1633 2458 1671 2489; x_wconf 87' lang='lat' dir='ltr'>et</span> 
     </span>
     <span class='ocr_line' id='line_1_83' title="bbox 928 2503 1668 2550; baseline -0.005 -10"><span class='ocrx_word' id='word_1_447' title='bbox 928 2507 1022 2550; x_wconf 86' lang='lat' dir='ltr'>Epp.</span> <span class='ocrx_word' id='word_1_448' title='bbox 1051 2509 1082 2547; x_wconf 88' lang='lat'>1,</span> <span class='ocrx_word' id='word_1_449' title='bbox 1111 2509 1141 2548; x_wconf 90' lang='lat'>1,</span> <span class='ocrx_word' id='word_1_450' title='bbox 1167 2507 1223 2538; x_wconf 84' lang='lat'>56.</span> <span class='ocrx_word' id='word_1_451' title='bbox 1250 2515 1296 2538; x_wconf 86' lang='lat' dir='ltr'>ex</span> <span class='ocrx_word' id='word_1_452' title='bbox 1323 2503 1395 2538; x_wconf 80' lang='lat' dir='ltr'>Sat.</span> <span class='ocrx_word' id='word_1_453' title='bbox 1424 2506 1455 2546; x_wconf 92' lang='lat'>1,</span> <span class='ocrx_word' id='word_1_454' title='bbox 1482 2505 1514 2544; x_wconf 90' lang='grc'>6,</span> <span class='ocrx_word' id='word_1_455' title='bbox 1542 2505 1597 2537; x_wconf 80' lang='lat'>74.</span> <span class='ocrx_word' id='word_1_456' title='bbox 1625 2521 1668 2526; x_wconf 89' lang='lat'>——</span> 
     </span>
     <span class='ocr_line' id='line_1_84' title="bbox 928 2551 1668 2595; baseline -0.007 -7"><span class='ocrx_word' id='word_1_457' title='bbox 928 2556 966 2588; x_wconf 85' lang='lat' dir='ltr'>Si</span> <span class='ocrx_word' id='word_1_458' title='bbox 989 2562 1075 2587; x_wconf 78' lang='lat' dir='ltr'>vero</span> <span class='ocrx_word' id='word_1_459' title='bbox 1102 2552 1187 2595; x_wconf 89' lang='lat' dir='ltr'>cet.]</span> <span class='ocrx_word' id='word_1_460' title='bbox 1215 2552 1313 2594; x_wconf 80' lang='lat' dir='ltr'>„Iam</span> <span class='ocrx_word' id='word_1_461' title='bbox 1340 2551 1372 2586; x_wconf 89' lang='lat' dir='ltr'>si</span> <span class='ocrx_word' id='word_1_462' title='bbox 1397 2553 1586 2584; x_wconf 84' lang='lat' dir='ltr'>noverunt</span> <span class='ocrx_word' id='word_1_463' title='bbox 1610 2560 1668 2583; x_wconf 88' lang='lat' dir='ltr'>as-</span> 
     </span>
     <span class='ocr_line' id='line_1_85' title="bbox 930 2597 1669 2635; baseline -0.008 0"><span class='ocrx_word' id='word_1_464' title='bbox 930 2603 1139 2635; x_wconf 85' lang='lat' dir='ltr'>sentatores</span> <span class='ocrx_word' id='word_1_465' title='bbox 1157 2599 1310 2632; x_wconf 85' lang='lat' dir='ltr'>divitem</span> <span class='ocrx_word' id='word_1_466' title='bbox 1334 2598 1443 2631; x_wconf 88' lang='lat' dir='ltr'>illum</span> <span class='ocrx_word' id='word_1_467' title='bbox 1461 2597 1572 2630; x_wconf 85' lang='lat' dir='ltr'>etiam</span> <span class='ocrx_word' id='word_1_468' title='bbox 1589 2607 1669 2629; x_wconf 92' lang='lat' dir='ltr'>mu-</span> 
     </span>
     <span class='ocr_line' id='line_1_86' title="bbox 930 2643 1666 2690; baseline -0.005 -9"><span class='ocrx_word' id='word_1_469' title='bbox 930 2647 1084 2682; x_wconf 87' lang='lat' dir='ltr'>nificum</span> <span class='ocrx_word' id='word_1_470' title='bbox 1122 2657 1222 2687; x_wconf 88' lang='lat' dir='ltr'>esse,</span> <span class='ocrx_word' id='word_1_471' title='bbox 1264 2646 1379 2679; x_wconf 81' lang='lat' dir='ltr'>veluti</span> <span class='ocrx_word' id='word_1_472' title='bbox 1417 2644 1529 2690; x_wconf 89' lang='lat' dir='ltr'>globo</span> <span class='ocrx_word' id='word_1_473' title='bbox 1566 2643 1666 2677; x_wconf 85' lang='lat' dir='ltr'>facto</span> 
     </span>
     <span class='ocr_line' id='line_1_87' title="bbox 930 2692 1669 2729; baseline -0.008 0"><span class='ocrx_word' id='word_1_474' title='bbox 930 2695 976 2729; x_wconf 87' lang='lat' dir='ltr'>ad</span> <span class='ocrx_word' id='word_1_475' title='bbox 1014 2705 1098 2728; x_wconf 90' lang='lat' dir='ltr'>eum</span> <span class='ocrx_word' id='word_1_476' title='bbox 1136 2692 1411 2728; x_wconf 76' lang='lat' dir='ltr'>concurrunt.“</span> <span class='ocrx_word' id='word_1_477' title='bbox 1443 2710 1483 2716; x_wconf 88' lang='lat'>--</span> <span class='ocrx_word' id='word_1_478' title='bbox 1518 2693 1669 2724; x_wconf 73' lang='lat' dir='ltr'>unctum</span> 
     </span>
    </p>
   </div>
  </div>
 </body>
</html>
