1774 2930
668 166 764 208 ΑΒΕ
787 171 1012 208 ΡΟΕΤΙΟΑ.

203 275 368 333 Aequis
399 275 613 332 accipiunt
644 274 798 317 animis
817 273 1043 316 *donantve
1073 285 1241 315 corona.

1514 170 1600 212 513

1511 271 1598 312 250

206 346 380 404 Syllaba
408 347 538 402 longa
567 346 688 388 brevi
719 344 914 388 subiecta
941 346 1118 386 vocatur
1146 342 1333 395 iambus,

202 418 289 461 Pes
321 418 454 471 citus3
485 416 599 459 unde
631 416 760 459 etiam
789 415 994 458 trimetris
1026 427 1267 457 accrescere
1297 413 1424 455 iussit

203 488 372 531 Nomen
402 487 602 542 iambeis‚
635 500 731 529 cum
762 499 888 528 senos
918 484 1116 528 redderet
1146 485 1256 527 ictus

203 559 375 602 Primus
406 558 461 600 ad
491 562 730 600 extremum
760 556 910 598 similis
942 556 1037 598 sibi.
1083 555 1180 597 Non
1210 555 1272 597 ita
1301 554 1485 611 pridem,

205 629 386 680 Tardior
414 633 463 670 ut
493 628 621 684 paulo
652 628 906 684 graviorque
935 626 1102 669 veniret
1134 625 1188 668 ad
1219 639 1364 679 auree,

1515 624 1600 665 255

182 777 262 811 252.
288 774 505 818 accrescere]
532 773 593 809 Sic
619 774 729 809 etiam
755 773 894 808 nostri:
921 774 1090 806 accedere
1108 771 1224 806 Codd.
1249 772 1361 817 pauci
1387 782 1433 806 ex
1456 771 1555 817 glos-

134 826 286 858 somate.

86 946 278 991 Aristoph.
302 945 428 990 Equit.
459 947 536 988 41.,
568 943 719 978 infimus
750 954 817 988 po·

85 993 231 1049 pellas,
262 993 328 1038 qui
352 1003 421 1038 per
444 991 589 1036 plateas
614 992 706 1026 talia
730 990 818 1024 emit

86 1040 212 1085 iisque
221 1019 407 1084 quotidie
436 1039 613 1074 vescitur.
639 1037 715 1071 Gfr.
743 1037 816 1072 Sat.

89 1089 201 1130 1,8,
235 1088 314 1120 115.
362 1087 481 1120 Nuces
515 1085 817 1130 complectuntur

87 1111 201 1168 et’iani
215 1133 405 1168 avellanas
421 1135 459 1167 et
471 1135 677 1167 castaneas.
694 1131 816 1166 Plaut.

84 1179 200 1214 Poen.
229 1182 269 1223 1,
294 1181 335 1222 2,
363 1182 448 1214 115:
481 1181 583 1214 Nihil
606 1181 679 1212 nisi
705 1180 817 1213 laten-

85 1228 196 1269 culos,
213 1228 400 1262 sesamum
421 1235 725 1268 panaceremwe,
752 1228 818 1259 tri-

86 1273 200 1307 ticam
241 1276 274 1306 et
320 1275 446 1315 ''i-ictas
485 1278 618 1306 nucea·
654 1273 817 1307 Martial.

89 1322 129 1362 1,
164 1321 250 1363 104,
294 1322 356 1354 lo:
396 1321 483 1353 Asse
524 1321 617 1353 cicer
659 1321 819 1361 tepidum

87 1367 194 1410 (oleo
218 1366 394 1409 frictum)
429 1369 566 1399 constat
599 1369 632 1400 et
658 1375 738 1400 asse
761 1376 819 1400 ve-

85 1422 166 1448 mas.
215 1413 345 1448 Lectio
386 1415 498 1455 t’raeii
539 1415 663 1447 ciceris
705 1424 818 1447 sensu

88 1461 270 1495 destituta
302 1463 370 1495 est.
405 1479 450 1484 -
482 1461 615 1500 Aequis
632 1478 647 1484 -
665 1461 818 1504 animis]

84 1506 212 1542 Minus
238 1507 350 1542 etiam
375 1507 568 1551 accipiunt
591 1508 713 1540 animo
730 1517 819 1549 oau-

87 1556 189 1588 denii
213 1563 258 1588 ac
284 1556 419 1596 libenti,
447 1565 558 1598 quem
583 1563 700 1595 aequo
727 1565 818 1599 quo-

86 1601 283 1636 dammodo
317 1601 475 1646 opponit
507 1601 638 1635 Cicero
672 1601 718 1635 ad
743 1602 818 1636 Att.

86 1649 119 1690 2,
146 1651 179 1690 4,
205 1650 238 1682 2.

134 1697 349 1729 251-254,
389 1695 540 1736 syllaba
581 1695 674 1738 cet.]
715 1695 815 1730 Loco

84 1742 244 1776 maxime
277 1744 364 1786 apto
396 1744 599 1786 praecepta
629 1742 675 1776 de
701 1744 817 1777 versi-

84 1788 259 1824 ficatione
296 1788 411 1823 tradit
445 1799 501 1822 vv.
540 1791 740 1823 251—274.
779 1792 817 1823 et

88 1836 241 1881 quidem
281 1835 328 1870 de
374 1835 499 1870 iambo
541 1836 815 1880 tantummodo3

85 1893 171 1917 nam
205 1885 349 1917 ceteros
382 1893 559 1917 numeros
591 1886 748 1918 tractare
774 1885 814 1917 in

84 1930 155 1963 hac
181 1930 338 1973 epistola
362 1930 534 1974 putidum
560 1930 706 1964 fuisset.
740 1930 814 1964 Ve-

86 1985 171 2008 rum
197 1985 282 2008 cum
307 1976 353 2009 de
379 1976 526 2019 legibus
543 1977 656 2010 iambi
682 1988 702 2010 a
725 1980 814 2020 poe-

85 2021 135 2055 tis
167 2021 314 2055 Latinis
346 2023 597 2066 negligentius
631 2023 814 2057 elaborati

76 2070 240 2102 -acturus
264 2070 374 2110 esset,
398 2070 501 2102 vafre
527 2068 670 2112 incepit
694 2080 716 2102 a
739 2071 816 2114 pri-

85 2115 157 2148 mis
181 2115 390 2154 elementis,
415 2118 604 2159 tamquam
628 2126 755 2149 merus
772 2127 816 2150 ac

87 2161 249 2206 simplex
284 2162 561 2207 grammaticus.
589 2181 631 2185 -
663 2165 732 2195 Pes
768 2165 816 2196 ci-

86 2208 158 2251 ms]
185 2208 253 2242 Od.
279 2212 310 2251 1,
337 2211 392 2250 16,
419 2211 482 2242 24:
509 2210 641 2242 celeres
664 2211 815 2244 iambos.

88 2254 340 2290 Terentianus
357 2255 514 2290 Maurus
531 2266 564 2289 v,
584 2257 696 2289 2182:
721 2258 816 2290 Ade-

85 2305 157 2345 sto,
195 2304 314 2336 iambe
344 2311 517 2344 praepes,
557 2305 590 2336 et
624 2305 678 2336 tui
703 2305 817 2338 tenax

90 2350 231 2390 Viam-is
272 2351 366 2383 adde
407 2350 584 2382 concitum
626 2351 720 2383 celer
753 2360 816 2392 pe·

88 2397 189 2429 dem:
201 2415 215 2421 -
228 2414 244 2421 ·
257 2415 271 2422 -
284 2415 299 2422 -
314 2398 433 2438 Vides,

83 2443 162 2483 peel
206 2444 370 2485 impetus.
421 2443 496 2477 Ofr.
544 2454 657 2487 supra
696 2455 729 2477 v.
772 2447 815 2478 79

86 2499 168 2534 sqq.
196 2508 238 2512 ——
268 2491 364 2523 unde
397 2490 480 2533 cet.]
516 2490 649 2533 „Quae
685 2491 817 2525 celeri-

84 2537 143 2570 tas
169 2536 311 2579 effecit,
335 2539 394 2579 ut,
420 2547 504 2570 cum
516 2515 610 2570 ”bini
635 2538 748 2571 iambi
775 2539 815 2572 in

87 2582 279 2626 dipodiam
302 2562 649 2629 coniungerentur,
683 2585 815 2619 solitus

91 2627 269 2664 dramatis
309 2641 440 2665 versus
477 2633 634 2665 trimetri
671 2633 817 2665 iambici

90 2676 189 2718 apud
230 2676 393 2712 Graecos
434 2689 572 2712 nomen
614 2679 815 2724 acciperet,

91 2721 160 2755 etsi
187 2733 252 2758 sex
276 2724 373 2759 ictus
392 2721 550 2772 (ἄρσεις)
566 2726 689 2768 habet,
716 2726 816 2760 unde

160 2791 262 2820 Horat.
274 2793 338 2819 Vol.
351 2794 389 2820 11.
416 2794 470 2820 Ed.
488 2796 582 2820 minor
594 2796 628 2821 V.

214 2844 226 2873 0

458 2399 499 2429 ut
523 2398 596 2429 icta
620 2398 730 2430 verba
755 2406 816 2431 ra·
826 2410 829 2413 ³

851 2589 918 2620 ,ἡαπ

866 941 1014 977 Latinis
1055 944 1114 976 est
1153 943 1355 976 senaria-§.⁴⁴
1393 960 1440 966 —-
1481 950 1601 975 accre-

866 998 964 1023 scere
977 989 1097 1032 iussit]
1113 988 1236 1031 „fecit‚
1254 992 1296 1022 ut
1313 989 1600 1034 adiungeretur-3

866 1036 1016 1078 indidit,
1032 1036 1205 1069 verlieh.“
1224 1055 1264 1060 —-
1280 1036 1445 1079 iambeis]
1461 1035 1601 1079 „Grae-

867 1093 910 1117 ca
934 1084 1053 1118 forma
1076 1094 1146 1127 pro
1170 1082 1306 1117 Latina
1330 1085 1495 1117 iambicis
1520 1093 1601 1117 ver-

867 1131 925 1164 sui
965 1131 1090 1164 minus
1122 1130 1361 1165 commoda.“
1410 1131 1601 1165 DILLENB.

865 1176 973 1212 Nunc
1013 1181 1069 1212 est
1110 1172 1216 1221 ἅπαξ
1252 1175 1472 1222 λεγόμενον.
1523 1177 1600 1212 Cfr.

868 1224 935 1258 od.
983 1226 1025 1266 2,
1067 1227 1107 1266 6,
1109 1227 1132 1252 ’³
1154 1226 1188 1258 5.
1242 1226 1403 1266 Arqeost‘
1454 1227 1601 1259 Primus

868 1274 917 1305 ad
942 1271 1215 1315 extremum]„
1221 1272 1407 1306 Trimeter
1432 1283 1454 1306 a
1477 1273 1600 1317 primo

867 1329 988 1363 usque
1027 1318 1088 1383 adu
1113 1321 1257 1353 sextum
1295 1319 1429 1364 pedem
1465 1319 1600 1354 iambis

868 1366 1088 1407 constans?
1127 1369 1171 1399 ut
1206 1366 1338 1411 Eurip.
1374 1366 1488 1400 Herc.
1525 1367 1600 1400 fur.

867 1415 957 1448 5:33
1001 1414 1045 1445 Τι’
1082 1410 1185 1468 φῄς,·
1223 1414 1291 1446 τίν’
1327 1413 1367 1455 ἐς
1403 1411 1601 1460 ταοαγιιὸν

867 1456 1026 1503 ήκοιιει,
1043 1458 1180 1507 advesp-
1198 1460 1244 1494 de
1262 1461 1471 1497 cuiusmodi
1489 1471 1601 1495 versu

869 1507 1120 1541 Terentianus
1146 1509 1258 1542 2185:
1292 1509 1360 1542 sed
1392 1510 1468 1549 ipse
1495 1517 1601 1542 verm

867 1556 1079 1595 inteaerque
1102 1556 1256 1588 sea-iem.

916 1603 1116 1635 254—258.
1142 1603 1224 1635 Non
1247 1603 1303 1635 ita
1324 1601 1480 1644 pridem]
1497 1602 1601 1637 Haec

866 1648 1082 1682 necessario
1117 1648 1310 1694 iungenda
1340 1652 1430 1683 sunt
1455 1659 1540 1682 cum
1565 1660 1599 1683 v.

864 1697 999 1737 recepit
1032 1706 1157 1740 neque
1191 1696 1237 1730 ab
1262 1695 1486 1730 Hochedero
1520 1696 1599 1730 vio-

865 1742 987 1776 lenter
1027 1742 1075 1776 ab
1116 1743 1187 1776 hoc
1229 1742 1358 1776 divelli
1399 1743 1599 1778 debebant.

864 1788 1006 1823 Verum
1032 1789 1216 1833 quomodo
1243 1790 1516 1834 explicabimus
1540 1801 1598 1825 vv.

864 1844 938 1869 non
960 1838 1017 1869 ila
1045 1837 1215 1878 pridem?
1254 1836 1348 1870 Nam
1374 1841 1412 1871 et
1435 1837 1476 1870 in
1502 1838 1598 1872 anti·

865 1883 1055 1927 quissimis
1081 1883 1261 1918 trimetris
1280 1883 1435 1919 Graecis
1462 1886 1511 1927 (v,
1527 1885 1599 1918 Ar-

864 1930 1024 1964 chiloch.
1050 1931 1112 1964 Fr.
1138 1930 1243 1965 Lieb.
1272 1943 1308 1982 Ρ.
1335 1933 1404 1965 57:
1445 1930 1599 1966 Πολλὸν

862 1976 902 2009 δὲ
944 1979 1062 2010 ,τίνων
1109 1979 1171 2010 καὶ
1220 1978 1452 2031 χαλίκρητον
1497 1980 1598 2021 μέθυ

864 2024 949 2065 cet.)
999 2024 1072 2057 iam
1122 2025 1367 2068 reperiuntur
1416 2026 1597 2070 spondei3

864 2070 964 2103 unde
990 2070 1163 2112 fuerunt,
1199 2072 1264 2115 qui
1296 2073 1369 2105 hoc
1394 2072 1440 2106 de
1465 2073 1597 2116 primis

864 2117 1019 2161 tragicis
1044 2117 1192 2151 Latinis
1227 2118 1368 2153 dictum
1395 2119 1597 2163 opinaren-

864 2166 938 2205 tur,
964 2174 1041 2197 non
1066 2164 1250 2208 inspectis
1273 2165 1370 2198 Livii
1387 2166 1597 2201 Andronici

864 2213 901 2243 et
935 2209 1066 2244 Naevii
1104 2212 1276 2255 reliquiis
1314 2223 1440 2257 neque
1477 2216 1597 2248 atten-

863 2256 995 2292 dentes
1034 2258 1080 2292 ad
1121 2269 1154 2291 v.
1193 2260 1295 2301 259„
1335 2260 1400 2294 ubi
1441 2264 1596 2305 propter

865 2304 1023 2348 spondei
1058 2305 1214 2338 nimium
1248 2317 1359 2340 usum
1389 2309 1596 2351 reprehen-

865 2351 967 2385 ditur
1002 2362 1087 2385 cum
1121 2352 1235 2387 Accio
1268 2354 1350 2397 ipse
1384 2357 1491 2398 pater
1520 2354 1596 2389 En-

864 2398 963 2432 nius.
993 2399 1135 2433 Verum
1162 2400 1351 2435 enimvero
1377 2401 1417 2434 in
1442 2403 1595 2436 univer-

865 2455 947 2479 sum
981 2445 1094 2480 iambi
1119 2457 1164 2480 ac
1190 2446 1325 2482 Graeci
1358 2449 1595 2492 potissimum

863 2492 1059 2526 historiam
1107 2494 1218 2528 nobis
1259 2495 1374 2528 tradit
1413 2495 1595 2530 Horatius

864 2549 940 2573 non
965 2542 1008 2573 ut
1032 2541 1316 2585 grammaticus,
1349 2542 1415 2576 sed
1440 2546 1482 2576 ut
1506 2553 1596 2587 poe·

963 2586 1093 2627 „Quod
1125 2588 1172 2622 ad
1203 2588 1371 2635 θεωρίαν
1405 2592 1442 2622 et
1474 2589 1601 2634 legem

864 2633 979 2667 huius
1012 2645 1144 2668 versus
1177 2636 1342 2678 a1:tinet,‘⁴
1378 2637 1450 2678 ait,
1489 2647 1594 2679 „esse

864 2679 1024 2714 debebat
1056 2685 1168 2726 atque
1202 2682 1311 2716 initio
1338 2683 1497 2717 fortasse
1522 2683 1595 2717 fuit

865 2728 1036 2762 senarius
1048 2739 1183 2773 purus,
1198 2732 1241 2762 ut
1253 2726 1378 2777 Πάτερ
1392 2726 1593 2773 Αυκάμβα,

1347 2801 1380 2826 33

1633 1407 1645 1425 l
