1786 2912
195 146 251 188 36
696 145 907 180 nomm
933 145 1219 181 summum

311 245 371 289 At
401 260 481 289 nos
510 247 693 290 virtutes
725 247 843 303 ipsas
875 247 1128 289 invertimus
1161 251 1290 304 atque
1661 249 1719 290 55

312 316 537 360 Sincerum
568 318 763 374 cupimus
794 332 871 359 vas
902 318 1153 361 incrustare.
1212 318 1383 361 Probus
1415 319 1511 375 quis

309 387 543 431 Nobiscum
575 389 703 442 vivit,
735 389 919 430 multum
949 389 1161 431 demissus
1192 389 1344 432 homo:
1376 390 1440 432 illi

313 460 451 501 Tarde
483 473 739 516 cognomen,
766 461 923 513 pinqui
952 459 1116 502 damus.
1176 459 1263 503 Hic
1293 460 1404 517 fugit
1434 475 1582 505 omnes

308 530 491 572 Insidias
523 530 716 586 nullique
748 530 861 572 malo
891 531 1003 572 latus
1037 530 1156 572 obdit
1187 535 1402 588 apertum,

310 600 419 644 Cum
451 615 586 657 genus
618 601 700 643 hoc
731 601 844 644 inter
873 601 989 643 vitae
1019 606 1234 656 versetur,
1265 603 1341 645 ubi
1372 604 1482 646 acris

286 703 407 736 56-58.
446 703 583 743 probus
608 703 688 742 quis
713 703 909 736 Nobiscum
933 703 1053 736 vivit?
1094 703 1251 736 multum
1277 706 1328 736 est
1352 704 1526 738 demissus
1550 705 1666 738 hono.

239 749 296 782 illi
321 751 461 792 Tarde,
495 757 693 791 coqnomen
713 751 863 791 pinquis
889 751 1019 783 damus
1044 749 1095 792 L,
1127 751 1263 792 probus
1290 752 1371 792 quis
1395 752 1591 786 Nobiscum
1613 753 1668 785 vi-

236 797 304 839 vit,
342 798 501 830 multum
526 798 701 830 demissus
736 798 841 830 homo
866 798 941 831 ille.
991 799 1112 831 Tarde
1146 800 1346 839 coanomen
1374 800 1508 840 pineus·
1539 800 1668 832 damus

238 843 265 877 C
293 854 377 877 cum
403 844 483 878 cod.
509 844 643 878 Bland.
669 844 936 887 vetustissimo,
958 846 1098 886 probus
1123 846 1203 886 quis
1227 846 1423 879 Nobiscum
1446 847 1547 889 υιύἰι,
1571 848 1668 880 mul-

237 894 314 925 tum
339 893 514 925 demissus
539 892 643 924 homo
669 892 754 925 ille.-
786 893 907 925 Tarao
933 900 977 925 ac
1003 900 1202 933 coqnomen
1228 894 1361 934 pinque·
1385 895 1515 927 damus
1540 893 1665 927 Bentl.

236 941 274 972 et
305 939 491 983 particula
524 948 569 972 ac
601 939 641 972 in
677 940 710 972 et
743 941 887 973 mutata
922 938 1052 983 Haupt
1077 938 1186 974 Obss.
1225 940 1386 985 critt.,p.
1413 942 1490 982 35.,
1527 943 1668 974 Probus

236 987 316 1026 quis
342 987 527 1020 nobiscum
551 987 660 1028 vivit,
694 988 852 1019 multum
876 988 1051 1020 demissus
1079 988 1204 1026 homo‚·
1240 987 1300 1020 illi
1324 989 1444 1021 Tardo
1470 996 1668 1029 coonomen

232 1034 363 1075 pinqui
401 1036 433 1067 et
471 1035 600 1067 damus
637 1036 790 1068 auctore
825 1033 1045 1068 Heindorfio
1079 1033 1258 1080 Doering.
1310 1034 1375 1081 (Ut
1407 1045 1498 1077 nos,
1536 1045 1667 1070 omnes

234 1081 309 1115 mei
336 1083 374 1114 et
397 1080 599 1123 Pottierii.)
640 1100 683 1105 —
722 1083 777 1115 60.
815 1090 1003 1115 versemur
1035 1081 1161 1115 Bentl.
1188 1092 1235 1116 ex
1259 1082 1462 1116 veterrimo
1487 1081 1666 1131 Blandin.

235 1127 300 1169 (Ut
324 1138 406 1170 nos,
433 1139 563 1162 omnes
588 1129 662 1162 mei
689 1132 725 1162 et
749 1128 950 1172 Pottierii.)

1659 605 1717 646 60

233 1211 355 1244 56-58.
380 1212 532 1244 tn‘rtules
564 1212 666 1252 ipsas
697 1211 926 1254 invertimus]

183 1257 266 1291 Liv.
294 1259 358 1300 22,
386 1260 448 1291 12:
482 1257 544 1300 (M.
571 1258 761 1292 Minucius
789 1258 831 1298 Q.
856 1259 926 1292 Fa-

185 1305 304 1348 bium)
327 1314 397 1347 pro
424 1308 635 1339 cunctatore
659 1315 821 1349 seqnem’,
853 1315 924 1348 pro

185 1355 293 1386 cauto
344 1353 530 1396 timidum,
580 1354 760 1395 amnuens
802 1355 924 1387 vicina

182 1401 379 1434 virtutibus
404 1401 513 1442 vitia,
549 1402 803 1442 compellabat.
836 1401 922 1434 Vid.

183 1447 231 1481 ad
257 1459 289 1481 v.
317 1450 374 1482 61.
411 1467 459 1471 —
494 1449 683 1483 sincerum
713 1457 741 1481 c.
768 1458 831 1482 vas
869 1450 924 1482 in-

184 1495 365 1538 crustare]
417 1494 542 1538 „Adeo
577 1495 747 1539 perversi
780 1506 922 1539 sumus,

182 1546 225 1576 ut
250 1542 364 1577 etiam
392 1553 530 1587 purum
556 1553 621 1576 vas
649 1546 827 1588 corrupto
855 1543 922 1577 ali-

183 1601 258 1634 quo
291 1590 442 1635 liquore
470 1590 627 1634 eiusque
660 1590 831 1624 faecibus
858 1590 922 1624 ob-

182 1637 323 1672 ducere
373 1637 609 1682 cupiamus.“
662 1636 722 1671 Sic
773 1637 920 1682 explico

181 1687 336 1730 propter
376 1684 497 1718 Lucil.
535 1686 597 1727 18,
636 1686 675 1718 3:
726 1693 813 1718 nam
850 1687 922 1719 mel

182 1733 384 1777 (tamquam
402 1732 497 1775 mel;
523 1732 589 1766 alii
610 1732 684 1774 vel)
709 1734 921 1773 reqionibus

181 1781 255 1813 illis
281 1781 505 1814 Incrustatu’
531 1781 633 1814 calioe
665 1781 786 1813 crucio
817 1781 919 1822 (vino

181 1827 411 1870 acidissimo)
463 1829 634 1869 cautique
686 1828 842 1861 bibetur.
875 1847 918 1851 —

181 1876 322 1908 Probus
373 1877 452 1916 quis
467 1893 482 1899 -
496 1893 511 1899 -
525 1874 669 1917 damus]
719 1874 919 1919 Duplicem

178 1921 361 1955 habemus
395 1923 531 1956 horum
564 1923 767 1956 verborum
802 1922 920 1963 inter7

179 1970 451 2013 pretationem3
489 1970 555 2004 alii
588 1969 689 2004 enim
715 1979 801 2003 cum
834 1981 920 2014 pro-

179 2016 297 2051 bitate
325 2018 435 2050 etiam
460 2017 675 2051 tarditatem
701 2017 918 2060 virtutibus,

180 2063 447 2098 demissionem
470 2075 554 2098 cum
579 2063 849 2109 pinguitudine
866 2065 919 2098 vi-

179 2111 242 2145 fiis
257 2111 525 2155 adnumerant3
551 2112 616 2146 alii
629 2111 802 2146 Bentleio
821 2111 918 2146 duce

178 2159 402 2202 probitatem
453 2162 490 2193 et
538 2159 825 2201 demissionem,
876 2161 919 2192 ut

180 2209 278 2248 sunt,
304 2217 371 2250 pro
399 2206 617 2250 virtutibus,
642 2206 855 2241 tarditatem
882 2209 919 2240 et

177 2253 484 2297 pinguitudinem
515 2259 591 2298 'pro
625 2254 727 2288 vitiis
763 2254 916 2287 habent.

177 2299 350 2333 Priorem
377 2301 659 2335 distinctionem
687 2304 840 2335 secutus
860 2304 918 2335 est

177 2346 359 2381 Vossius:
386 2349 540 2389 Betrdqt
557 2350 634 2381 sich
649 2350 789 2382 ehrlich
802 2349 916 2382 Einer

176 2396 242 2428 mit
276 2396 370 2427 uns?
410 2397 439 2428 Ο
473 2396 533 2428 des
568 2404 637 2436 aar
671 2397 916 2429 schwachmii-

178 2443 322 2483 thiqen!
370 2444 497 2474 Jenem
546 2444 778 2484 Lanqsamen
821 2445 917 2477 leihn

177 2490 244 2522 wir
276 2490 346 2522 den
380 2490 523 2522 Namen
556 2492 618 2522 des
650 2492 913 2524 Du'mmlichen.

176 2535 344 2570 Alteram
370 2536 561 2580 adoptavit
586 2536 791 2571 Kirehner:
829 2539 916 2571 Lebt

175 2584 399 2617 rechtlichen
418 2584 590 2617 Wandels
607 2586 721 2617 Einer
743 2581 808 2617 rhu
833 2594 913 2627 uns,

179 2632 237 2664 ein
273 2632 392 2665 Mann
431 2632 508 2664 voll
547 2633 722 2673 Demuth,
764 2633 914 2665 schlicht

176 2680 253 2711 und
287 2679 513 2712 bescheiden:
554 2679 673 2719 Trops
701 2680 808 2711 heisst
843 2681 914 2712 sol-

178 2726 262 2758 cher
299 2734 366 2758 uns
404 2727 536 2767 oteicb,
575 2727 651 2759 und
679 2727 911 2767 Dummkops.

976 1230 1019 1235 —
1045 1211 1221 1254 multum]
1257 1212 1422 1255 „valde“‚
1449 1214 1491 1246 ut
1517 1212 1593 1247 Sat.
1619 1215 1652 1255 2,
1679 1214 1714 1256 3,

977 1261 1062 1293 147:
1099 1260 1256 1292 multum
1281 1260 1387 1293 celer.
1414 1258 1489 1293 Sat.
1515 1261 1554 1303 2,
1580 1261 1620 1302 5,
1645 1261 1711 1294 92:

972 1307 1131 1340 multum
1166 1308 1306 1340 similis.
1355 1306 1450 1351 Epp.
1490 1309 1530 1350 1,
1568 1308 1632 1349 10,
1671 1309 1712 1340 3:

972 1355 1134 1389 Multum
1183 1354 1386 1388 dissimiles.
1429 1373 1473 1378 —
1516 1354 1711 1398 demissus]

975 1400 1202 1444 „modestum
1226 1400 1412 1446 pudens.“
1440 1401 1517 1436 Cic.
1544 1401 1590 1435 de
1608 1400 1711 1438 Orat.

974 1450 1006 1491 2,
1020 1451 1077 1491 43,
1093 1450 1179 1483 182;
1207 1458 1322 1490 eaque
1340 1446 1475 1492 omnia,
1493 1457 1588 1490 quae
1610 1457 1711 1491 pro-

973 1497 1141 1538 borum,
1176 1497 1484 1539 demissorum,
1518 1504 1592 1529 non
1616 1498 1712 1529 acri-

971 1551 1051 1586 um,
1087 1552 1161 1576 non
1182 1544 1450 1586 pertinacium,
1483 1551 1558 1576 non
1577 1544 1711 1585 titinio-

970 1598 1106 1633 sorum,
1132 1598 1206 1623 non
1232 1591 1449 1624 acerborum
1472 1592 1575 1632 sunt,
1600 1591 1710 1624 valae

971 1638 1260 1671 benevolentiam
1292 1638 1500 1671 conciliant.
1533 1647 1603 1682 pro
1627 1636 1710 1671 Mu-

970 1695 1064 1719 rena
1091 1687 1155 1726 40,
1182 1686 1246 1718 87:
1280 1686 1328 1718 sit
1361 1686 1462 1727 apud
1492 1693 1555 1718 vos
1587 1686 1709 1722 mode-

968 1733 1061 1765 stiae
1090 1733 1206 1774 locus,
1239 1733 1285 1765 sit
1310 1733 1471 1766 demissis
1505 1732 1709 1766 hominibus

964 1780 1191 1821 per-sumum,
1216 1780 1263 1812 sit
1289 1780 1475 1814 auxilium
1496 1781 1644 1820 pudori.
1664 1798 1708 1803 —

969 1828 1090 1860 Tardo
1100 1826 1267 1869 -pinquiJ
1291 1826 1337 1860 V.
1360 1827 1529 1869 pinquis,
1566 1827 1607 1860 in
1634 1837 1708 1871 quo

969 1874 1089 1908 maior
1121 1874 1369 1917 reprehensio
1402 1874 1503 1908 inest
1527 1884 1642 1918 quam
1666 1874 1708 1907 in

969 1931 1002 1954 v.
1029 1922 1173 1963 tardus,
1206 1931 1276 1965 per
1301 1921 1561 1967 gradationem
1587 1931 1708 1966 quan-

970 1968 1053 2002 dam
1079 1968 1230 2002 videtur
1256 1968 1444 2011 additum,
1482 1971 1526 2002 ut
1550 1968 1708 2013 asynde-

968 2018 1033 2050 ton
1060 2015 1158 2049 nihil
1176 2014 1397 2049 offensionis
1422 2016 1572 2049 habeat.
1599 2014 1707 2049 Conf.

968 2073 1003 2096 v.
1030 2065 1094 2096 84:
1143 2063 1306 2095 Paulum
1354 2063 1507 2103 deliquit
1557 2063 1706 2105 amicus,

968 2111 1064 2150 quod
1088 2110 1159 2143 nisi
1183 2110 1369 2152 conceda-5,
1396 2110 1556 2143 habeare
1579 2110 1706 2143 insua-

966 2158 1031 2199 vis,
1058 2159 1230 2191 acerbus:
1257 2157 1373 2190 Odisti
1399 2159 1432 2190 et
1457 2158 1555 2199 [uois
1581 2158 1651 2210 (30¹³-

1015 2206 1135 2239 59-66.
1161 2205 1328 2245 nullique
1353 2205 1452 2238 malo
1471 2203 1557 2246 cet]
1585 2203 1705 2247 „nulli

965 2252 1133 2297 maligno
1147 2251 1364 2286 insidiatori
1376 2251 1480 2285 velut
1492 2252 1534 2284 in
1547 2251 1707 2285 batuen-

966 2299 1013 2333 do
1039 2299 1197 2344 praebet
1228 2299 1329 2333 latus
1363 2298 1526 2340 nudum,
1559 2298 1625 2332 ubi
1649 2297 1704 2332 fe-

965 2347 1107 2380 riatur⁴⁴
1129 2346 1266 2389 („nulli
1284 2346 1348 2380 dat
1365 2355 1447 2379 sese
1465 2344 1704 2379 irridendum

965 2394 1081 2439 idque
1099 2394 1187 2439 agit,
1212 2403 1260 2427 ne
1286 2392 1418 2437 lingua
1441 2392 1628 2426 malevola
1651 2392 1704 2425 la-

966 2441 1149 2476 ceretur.“
1166 2440 1295 2474 Gonu.
1311 2439 1460 2482 ΟΜΝ),
1480 2441 1705 2484 „propterea

966 2489 1068 2534 quod
1094 2488 1231 2533 optime
1257 2487 1361 2521 novit
1386 2497 1426 2520 se
1451 2487 1577 2521 vivere
1602 2487 1718 2523 interr

964 2537 1136 2570 homines
1169 2535 1327 2569 maxime
1360 2533 1508 2579 invidos
1535 2535 1573 2567 et
1607 2544 1702 2568 sem-

963 2595 1032 2628 per
1064 2585 1256 2628 promptos
1291 2581 1338 2615 ad
1371 2580 1466 2615 alios
1500 2581 1703 2614 criminan-

964 2631 1065 2665 dos.“
1107 2631 1203 2665 Cave
1228 2630 1327 2663 malo
1353 2638 1437 2662 cum
1462 2628 1547 2662 aliis
1582 2627 1700 2661 ducas

963 2690 985 2712 a
1011 2689 1044 2712 v.
1076 2679 1227 2711 malum.
1265 2696 1310 2701 —
1346 2675 1530 2718 versetur]
1573 2674 1701 2708 Tertia

961 2726 1055 2759 haec
1087 2736 1252 2770 persona
1276 2725 1378 2759 recte
1403 2733 1555 2757 causam
1582 2721 1701 2767 signi-
