1774 2930
173 141 259 197 326

291 254 350 297 Et
380 256 494 298 mala
523 260 772 312 perrumpet
802 255 950 298 furtim
980 256 1155 299 fastidia
1182 258 1351 300 victrix.

671 154 878 190 HORATII
902 155 1253 191 EPISTOLARUM

1640 254 1701 301 25

291 326 408 381 Non,
441 327 513 383 qui
546 326 723 369 Sidonio
754 327 1013 370 contendere
1044 328 1222 371 callidus
1253 333 1369 371 ostro

290 396 441 440 Nescit
471 398 732 453 Aquinatem
763 398 956 454 potantia
984 399 1148 442 vellera
1175 399 1340 454 fucum,

292 468 462 511 Certius
495 469 678 525 accipiet
707 468 910 512 damnum
939 471 1172 526 propiusve
1203 470 1421 524 medullis,

292 538 432 587 Quam
463 539 536 595 qui
567 554 654 582 non
684 541 845 596 poterit
875 554 978 583 vero
1009 540 1274 597 distinguere
1303 541 1473 584 falsum.

291 609 432 658 Quem
462 624 531 653 res
564 611 661 667 plus
693 612 826 653 nimio
858 611 1126 658 delectavere
1158 611 1391 665 secundae,

785 682 831 723 Si
864 683 963 738 quid
996 683 1227 737 mirabere,
1258 697 1393 739 pones

290 681 483 724 Mutatae
515 682 721 738 quatient.

267 818 324 851 27.
349 826 477 851 sucum
503 817 621 852 Codd.
648 818 738 863 aliq.
757 837 799 842 ——
828 819 885 852 28.
907 819 1103 860 propiusve
1130 818 1194 861 cE,
1218 817 1307 861 Lot,
1332 818 1541 860 Bentleius,
1565 816 1647 851 FO:

217 865 442 906 propiusque
469 875 658 909 superscr.
684 875 726 899 ve
753 865 789 907 S,
812 866 1037 907 propiusque
1061 865 1173 907 bd,M.

173 993 247 1026 que
274 983 334 1016 ius
360 982 432 1016 sibi
459 983 656 1019 vindicat.“
695 983 826 1017 Iuven.
854 985 910 1025 13,

173 1031 260 1063 239:
288 1032 410 1062 lamen
427 1032 476 1063 ad
492 1038 611 1064 mores
629 1033 767 1063 natura
783 1039 909 1064 recur-

171 1077 221 1110 rit
246 1079 469 1119 Damnatus,
503 1079 581 1119 fixa
615 1080 648 1111 et
681 1079 819 1111 mutari
848 1087 909 1110 ne-

171 1125 259 1157 scia.
309 1123 378 1158 Est
414 1127 540 1159 autem
578 1126 687 1166 furca
725 1126 909 1167 expellere

172 1172 333 1212 aliquem
369 1172 617 1216 proverbialis
659 1173 802 1206 locutio
840 1183 909 1216 pro

174 1229 328 1262 „aspere
354 1221 468 1273 atque
504 1219 758 1264 ignominiose
785 1223 909 1253 extur-

172 1265 263 1299 bare
295 1269 332 1300 et
365 1266 540 1300 eiiceref‘
590 1267 783 1311 Aristoph.
833 1266 910 1300 Pax

173 1315 259 1346 637:
312 1312 434 1357 Τήνδε
471 1314 541 1356 μὲν
579 1313 723 1361 δικροῖς
759 1310 910 1347 ἐώθουν

171 1358 243 1404 τήν
287 1358 380 1394 θεὸν
421 1371 696 1408 κεκραγμασιν.
749 1361 824 1395 cic.
863 1361 910 1395 ad

172 1408 247 1441 Att.
277 1409 339 1450 12,
374 1411 414 1451 2,
450 1411 490 1442 4:
543 1410 726 1451 Quoniam
758 1410 910 1450 furcilla

175 1457 416 1498 extrudimur,
445 1458 686 1490 Brundisium
711 1457 839 1497 coaico.
866 1475 911 1480 --

172 1503 317 1546 furtim]
346 1504 515 1544 „ratione
533 1504 643 1548 quasi
663 1503 910 1546 clandestina,

174 1553 216 1583 ut
241 1551 427 1594 quomodo
453 1550 518 1585 fiat
534 1551 595 1585 vix
621 1551 909 1593 animadvertas,

173 1597 240 1631 illa
277 1597 435 1631 divitum
473 1598 624 1632 fastidia
661 1609 840 1643 perversa
873 1602 910 1632 et

173 1647 332 1679 naturae
367 1645 558 1679 contraria
587 1646 724 1687 vincit,
758 1645 909 1690 ipsique

174 1693 415 1736 quantumvis
442 1703 463 1726 a
489 1693 650 1737 simplici
677 1693 754 1726 vita
786 1703 910 1727 reces-

174 1740 303 1782 serint,
329 1742 454 1774 tamen
480 1740 687 1784 aliquando
714 1740 773 1773 vel
799 1740 907 1773 inviti

173 1785 219 1819 ad
247 1798 328 1820 eam
354 1787 480 1822 redire
507 1788 728 1832 coguntur.“

220 1882 339 1914 26-29.
365 1883 459 1922 Non,
486 1883 548 1921 qui
574 1881 659 1923 cet]
687 1880 819 1922 „Falsa
843 1891 909 1914 au-

173 1930 247 1961 tem
274 1927 341 1961 illa
365 1928 411 1962 de
436 1928 577 1962 finibus
600 1928 784 1961 bonorum
809 1927 908 1961 iudi-

173 1975 250 2017 cia,
284 1975 413 2019 qualia
443 1975 668 2020 plerumque
701 1978 790 2009 sunt
814 1975 907 2008 divi-

174 2024 272 2063 tum,
308 2023 426 2056 multo
459 2023 579 2067 magis
613 2023 726 2056 noxia
751 2026 840 2056 sunt
864 2033 908 2056 ac

172 2069 398 2103 beatitudini
406 2070 614 2112 infestiora,
625 2081 736 2114 quam
744 2070 907 2103 inscien-

172 2117 225 2150 tia
242 2127 370 2151 rerum
388 2120 629 2151 externarum
653 2117 798 2151 nullius
815 2128 908 2161 pon-

172 2163 294 2206 deris,
329 2169 371 2198 ut
396 2175 479 2201 cum
506 2176 575 2199 nos
609 2164 756 2199 deridet
789 2164 906 2206 dives,

172 2212 274 2256 quod
287 2223 494 2257 purpuram
510 2213 759 2246 adulterinam
775 2212 906 2256 (Aqui-

172 2260 312 2302 natem)
337 2271 359 2293 a
385 2260 534 2294 sincera
558 2259 746 2302 (Sidonia)
773 2259 907 2293 distin-

171 2317 287 2351 guere
322 2307 537 2341 nesciamus
569 2310 682 2351 atque
709 2306 755 2340 ab
780 2310 904 2340 astuto

171 2357 378 2387 mercatore
396 2354 665 2398 decipiamur.“
680 2373 727 2378 -
742 2354 905 2397 Sidonio]

169 2400 479 2444 Antepenultima
524 2402 638 2435 huius
679 2401 752 2435 adi.
794 2401 904 2435 modo

172 2447 297 2481 brevis
324 2452 391 2490 est,
416 2452 459 2482 ut
483 2449 544 2482 hic
570 2452 607 2482 et
631 2449 748 2493 Epod.
770 2451 824 2490 16,
840 2451 904 2483 59:

171 2496 256 2528 Non
281 2496 350 2528 huc
373 2497 514 2531 Sidonii
539 2498 621 2537 cet.,
646 2496 756 2530 modo
782 2496 904 2541 longa,

172 2545 214 2575 ut
238 2542 278 2575 in
305 2542 510 2576 hexametri
538 2543 729 2577 clausula:
754 2545 905 2577 Sidonia

170 2590 277 2623 Dido.
328 2589 447 2634 (Virg.
479 2590 572 2624 Aen.
602 2592 631 2632 l,
658 2594 738 2624 446.
764 2592 844 2624 613.
871 2593 904 2632 9,

172 2638 251 2670 266.
281 2639 335 2679 11,
362 2638 434 2680 74.)
451 2656 498 2661 —-
515 2638 903 2680 contendere-—ostro]

172 2684 339 2728 dativus3
366 2688 565 2727 „accurate
583 2694 800 2728 comparare
819 2695 904 2718 cum

171 2732 379 2774 purpura.“
425 2750 467 2756 -
511 2731 689 2774 callidus]
741 2731 904 2774 „sollers

960 983 1132 1025 (Kenner)
1158 983 1198 1016 in
1225 982 1495 1028 distinguenda
1524 993 1696 1027 purpura

960 1031 1119 1072 sincera,
1147 1041 1244 1074 quae
1270 1041 1316 1064 ex
1340 1030 1532 1064 Phoenice
1557 1030 1695 1074 impor-

958 1080 1077 1119 tatur,
1104 1077 1149 1111 ab
1175 1077 1409 1119 adulterina,
1440 1088 1552 1121 quam
1578 1077 1624 1111 ad
1650 1077 1695 1110 il-

959 1124 1035 1158 lius
1053 1125 1301 1159 imitationem
1318 1125 1529 1169 Aquinates
1546 1125 1585 1157 in
1602 1134 1693 1169 agro

959 1171 1098 1206 Volsco
1123 1172 1211 1207 fuco
1238 1173 1408 1217 tingunt,
1432 1174 1475 1205 ut
1498 1171 1693 1216 imperitos

959 1218 1182 1263 decipiant.“
1236 1219 1312 1253 Cfr.
1350 1218 1424 1253 Sat.
1455 1220 1496 1261 2,
1528 1221 1570 1260 7,
1607 1220 1692 1252 101:

957 1267 1105 1300 subtilis
1136 1269 1300 1300 veterum
1330 1267 1444 1300 iudex
1468 1268 1501 1299 el
1525 1266 1692 1299 callidus.

960 1333 1003 1337 —
1019 1314 1207 1357 potantia]
1242 1313 1438 1358 Frequens
1470 1313 1595 1357 imago
1621 1313 1693 1346 tin-

961 1363 1102 1394 cturae.
1140 1360 1246 1394 Ovid.
1272 1359 1360 1394 Met.
1386 1362 1420 1403 6,
1446 1363 1486 1394 9:
1511 1361 1692 1393 Phocaico

960 1409 1102 1442 bibulas
1135 1410 1297 1450 linqebal
1329 1409 1469 1442 murice
1504 1408 1620 1440 lanas.
1647 1426 1690 1431 —

958 1455 1099 1498 sucum]
1125 1456 1285 1490 lichenis
1309 1465 1442 1500 genus,
1472 1454 1608 1496 φῦκος,
1635 1463 1695 1488 or-

958 1504 1080 1544 seille,
1114 1503 1222 1537 cuius
1258 1513 1348 1537 suco
1374 1503 1434 1536 vel
1458 1501 1696 1536 medicabant

961 1550 1085 1584 lanam
1110 1551 1266 1584 muricis
1285 1560 1375 1584 suco
1392 1552 1524 1594 postea
1547 1549 1696 1595 tingen-

959 1597 1044 1631 dam
1062 1598 1122 1631 vel
1148 1598 1229 1632 sine
1255 1598 1361 1631 illius
1388 1597 1576 1642 conchylii
1602 1607 1694 1630 suco

958 1645 1220 1679 adulterinam.
1256 1663 1298 1669 --
1328 1646 1525 1686 propiusve
1554 1644 1694 1677 medul-

961 1692 1024 1734 lis]
1064 1692 1239 1733 „intimos
1264 1692 1379 1725 animi
1416 1701 1550 1725 sensus
1576 1690 1694 1735 magis

957 1739 1205 1783 percellens.“

1006 1788 1127 1819 30-33.
1156 1787 1270 1827 Quem
1284 1794 1342 1818 res
1361 1784 1446 1827 cet]
1471 1783 1692 1826 „Hominem

957 1833 1146 1878 volgarem
1162 1833 1208 1867 de
1223 1843 1292 1867 suo
1306 1835 1404 1866 statu
1418 1832 1604 1866 deiiciunt
1615 1832 1693 1866 for-

957 1883 1072 1914 tunae
1097 1879 1390 1914 vicissitudines.
1439 1879 1626 1918 Quocirca
1651 1882 1692 1912 tu

957 1927 1011 1960 nil
1037 1927 1243 1968 admirare,
1269 1938 1337 1969 ne,
1362 1926 1429 1960 ubi
1455 1926 1524 1960 tibi
1550 1926 1690 1960 bonum

957 1977 1152 2009 externum
1178 1974 1351 2019 eripitur,
1375 1973 1567 2008 infelicem
1585 1976 1621 2007 te
1638 1974 1692 2007 fa-

958 2025 1060 2055 ctum
1086 2022 1226 2056 doleas.
1264 2022 1369 2066 Fuge
1386 2022 1562 2063 honores,
1587 2031 1690 2064 opes,

957 2070 1182 2114 potentiam:
1216 2069 1325 2102 beato
1352 2069 1443 2103 licet
1467 2078 1551 2102 esse
1576 2067 1690 2102 etiam

957 2118 1136 2162 pauperi,
1167 2117 1198 2150 si
1226 2116 1323 2150 liber
1348 2119 1406 2150 est
1430 2127 1452 2150 a
1477 2115 1691 2160 cupiditati-

957 2165 1038 2205 bus,
1068 2166 1223 2208 propter
1250 2174 1344 2208 quas
1369 2163 1546 2207 permulti
1573 2163 1691 2196 homi·

956 2223 1046 2245 num
1065 2211 1223 2245 divitum
1240 2221 1285 2245 ac
1297 2211 1509 2255 potentium
1522 2210 1689 2244 favorem

954 2259 1098 2292 ambire
1123 2259 1225 2293 soliti
1260 2260 1367 2301 sunt3
1357 2258 1389 2277 ·“
1433 2257 1535 2302 quod
1568 2253 1691 2301 παρά-

954 2305 1069 2349 δοξον
1094 2306 1261 2340 Stoicum
1293 2305 1433 2339 fabella
1456 2304 1620 2348 Aesopia
1644 2303 1690 2336 il-

954 2355 1149 2395 lustratur,
1175 2364 1271 2397 quae
1285 2353 1499 2387 libertatem
1516 2351 1688 2385 maximis

933 2402 1052 2434 <vitae
1111 2399 1316 2434 commodis
1370 2398 1688 2433 adnumerandam

955 2459 1038 2482 esse
1056 2449 1156 2481 clare
1175 2447 1294 2481 docet.
1306 2448 1443 2488 —plus
1457 2445 1583 2488 nimio]
1603 2445 1688 2478 Col-

954 2495 1106 2529 lationis
1126 2494 1308 2528 Saxianae
1333 2494 1445 2528 lectio
1468 2494 1552 2535 plue
1568 2499 1686 2532 aequo

955 2546 1049 2577 este
1067 2542 1302 2587 glossemate.
1340 2541 1464 2574 Plaut.
1488 2539 1565 2573 Mil.
1590 2539 1686 2584 glor.

955 2591 988 2631 2,
1013 2593 1046 2631 6,
1074 2591 1159 2622 101:
1197 2590 1286 2622 satis
1310 2591 1343 2621 et
1364 2588 1451 2629 plus
1475 2588 1588 2620 nimio
1612 2594 1687 2619 me-

952 2638 1015 2671 rui
1038 2637 1139 2670 mali.
1190 2635 1266 2669 Gfr.
1292 2634 1361 2668 Od.
1390 2638 1429 2676 1,
1464 2635 1528 2676 18,
1564 2635 1618 2667 15.
1655 2635 1686 2674 1,

953 2686 1018 2727 33,
1045 2687 1075 2717 1.
1102 2702 1147 2708 ——
1170 2683 1296 2725 pones]
1323 2682 1529 2726 „depones,
1555 2691 1599 2715 eo
1626 2689 1686 2714 ca-

953 2732 1088 2766 rebis.“
1140 2730 1215 2764 Cfr.
1266 2729 1340 2763 Sat.
1382 2731 1423 2767 2,
1466 2730 1507 2770 3,
1551 2730 1606 2762 16.
1641 2745 1683 2750 —

1638 613 1774 654 30*
