1786 2912
699 163 793 199 Lm.
817 163 846 197 1.
894 162 998 197 ΕΔΤ.
1020 161 1086 196 lv.

1581 160 1645 201 '53

256 267 363 315 Quis
392 280 544 309 manus
574 264 750 307 insudet
777 263 894 319 volgi
923 261 1295 318 Hermogenisque
1326 226 1506 316 Tigelli:

254 337 346 380 Nec
373 337 507 380 recito
537 336 734 391 cuiquam
764 335 849 376 nisi
881 334 1047 387 amieis,
1078 333 1209 389 idque
1238 336 1428 383 coactus,

256 407 355 450 Non
381 407 523 450 ubiuis
555 420 750 449 coramve
781 404 1054 461 quibuslibet.
1099 403 1150 445 In
1178 402 1320 446 medio
1351 402 1423 458 qui

258 477 427 534 Scripta
455 477 546 520 foro
577 477 771 529 recitent,
803 479 903 517 sunt
930 475 1054 517 multi
1084 475 1243 531 quique
1273 474 1488 516 lavantes:

1592 472 1647 512 75

260 549 400 591 Suave
430 548 548 590 locus
578 548 673 589 voci
703 550 875 589 resonat
904 546 1140 588 conclusus.
1187 545 1342 587 Inanes

256 619 352 662 Hoc
380 619 518 672 iuvat,
549 617 667 660 haud
694 615 800 659 illud
829 620 1103 673 quaerentes,
1135 630 1239 657 num
1269 616 1363 658 sine
1395 627 1543 666 sensu,

262 690 475 746 Tempore
506 702 605 731 num
639 688 798 731 faciant
826 687 980 730 alieno.
1025 686 1221 729 Laedere
1252 685 1432 742 gaudes,
1457 686 1627 739 und-‚Ta
1660 718 1669 755 Ι,

258 760 422 815 Inquit,
454 763 496 802 et
526 759 608 800 hoc
637 757 777 800 studio
807 747 965 814 pra-fus
996 757 1115 800 facis.
1160 756 1284 799 Unde
1313 756 1495 812 petitum
1523 756 1525 758 ’

258 830 353 872 Hoc
382 830 428 872 in
456 843 525 872 me
557 829 692 871 iacis?
721 828 803 870 Est
833 832 979 870 auctor
1010 828 1106 884 quis
1138 827 1323 883 denique
1354 839 1525 878 eorum,

1591 825 1649 867 80

259 899 363 942 Vixi
393 913 486 942 cum
519 899 704 956 quibus?
734 899 971 942 Absentem
1003 899 1075 954 qui
1107 898 1218 940 rodit
1250 898 1452 950 amicum,

260 970 344 1019 Qui
373 985 459 1037 non
489 969 679 1012 defendit
710 970 792 1011 alio
825 969 1042 1026 culpante,
1075 969 1236 1011 solutos

261 1041 343 1090 Qui
375 1045 519 1097 captat
547 1041 659 1082 risus
690 1040 908 1082 hominum
938 1039 1180 1095 famamque
1211 1039 1388 1092 dicacis,

238 1166 296 1199 73.
328 1163 424 1210 Nec]
449 1166 531 1198 Non
563 1167 740 1209 quattuor
773 1163 964 1205 Pottierii,
996 1163 1086 1198 LCt.
1114 1181 1156 1187 -—
1190 1165 1338 1197 recitem
1370 1173 1454 1196 cum
1490 1161 1604 1196 Oodd.

190 1210 361 1246 Lambini
385 1211 594 1246 Bentleius.
618 1230 662 1234 ——
689 1212 884 1252 quicquam
909 1222 929 1244 e
956 1211 1044 1244 Cod.

191 1259 271 1300 quis
296 1258 367 1303 cdp
392 1261 430 1293 et
454 1268 551 1292 corr.
576 1258 612 1299 b,
638 1258 728 1292 item
754 1257 897 1292 LctFJ.

145 1358 304 1398 idiotae,
345 1358 486 1392 similes
523 1357 772 1401 Hermogenis
811 1356 872 1389 Ti-

194 1404 269 1438 nii:
286 1408 419 1438 contra
431 1415 477 1437 ex
494 1413 562 1438 sua
578 1404 771 1437 voluntate
784 1414 875 1447 pen-

146 1415 229 1493 git,
265 1453 390 1485 utrum
424 1451 558 1484 recitet
591 1461 711 1484 necne
746 1454 783 1483 et
813 1450 874 1483 cui

147 1497 298 1540 reoitet;
321 1497 423 1532 unde
448 1508 533 1531 cum
559 1496 674 1531 Codd.
699 1497 791 1530 meis
818 1497 875 1529 in-

147 1543 352 1579 dicativum
375 1547 487 1578 recito
511 1544 686 1588 praetuli.
713 1563 756 1567 —
779 1542 875 1586 pita]

146 1590 247 1625 Anto
277 1591 453 1625 tabernas
486 1592 526 1624 in
558 1590 766 1635 porticibus
800 1590 876 1624 col-

149 1636 290 1672 locatas
314 1638 460 1672 librarii
478 1637 668 1671 habebant
681 1638 789 1679 pilas,
815 1648 876 1671 co-

148 1684 298 1719 lumnas
321 1685 493 1730 porticus
517 1686 766 1725 sustinentes,
792 1684 876 1728 qui-

148 1731 222 1766 bus
252 1732 341 1776 pilis
366 1731 511 1766 indices
546 1732 747 1773 librorum,
782 1742 875 1775 quos

148 1778 190 1817 in
207 1778 374 1813 tabernis
390 1778 613 1821 vendebant,
637 1778 738 1813 affixi
757 1782 875 1812 erant.

149 1825 193 1859 A.
224 1825 267 1860 P.
299 1827 379 1860 373.
414 1825 575 1859 Martial.
615 1829 653 1868 1,
688 1827 775 1867 117,
810 1827 876 1859 10:

151 1873 287 1906 contra
304 1874 468 1907 caesaris
496 1876 547 1906 est
563 1875 686 1915 sorum
711 1875 877 1914 taberna,

148 1921 300 1962 Scriptis
322 1921 483 1962 postibus
506 1921 589 1953 hinc
620 1923 652 1953 et
675 1920 759 1953 inde
784 1921 877 1961 totis,

153 1967 285 2000 onnes
307 1970 349 2000 ut
374 1968 444 2000 cito
474 1968 644 2009 perteqas
667 1969 806 2008 poetas.
834 1986 876 1990 -—

151 2015 462 2055 Hermonem-tque
479 2014 621 2056 Tiqellt']
646 2014 784 2047 diversi
809 2014 879 2047 uti-

153 2071 227 2104 que
268 2071 291 2094 a
324 2059 373 2094 M.
411 2061 572 2106 Tigellio
611 2060 748 2102 Sardo,
789 2064 878 2094 tunc

152 2110 318 2149 mortuo,
359 2111 402 2140 ut
441 2107 707 2142 demonstravit
747 2106 880 2142 Kirch-

154 2164 270 2188 uerus
310 2154 354 2192 Q.
393 2154 439 2186 H.
481 2166 515 2198 p.
559 2157 615 2188 42.
670 2154 879 2188 Admodum

155 2200 253 2234 salse
279 2200 467 2245 significat
484 2202 585 2234 hunc
610 2201 880 2235 modulatorem

154 2247 347 2286 inu-ebus
381 2247 426 2282 ad
459 2248 591 2291 poEsin
626 2248 881 2291 spectantibus

154 2304 275 2339 aeque
299 2294 514 2338 imperitum
545 2306 628 2329 esse
654 2305 697 2328 ac
721 2295 881 2339 volgum.

154 2340 211 2375 De
251 2341 401 2375 homine
442 2342 516 2375 iam
556 2345 702 2375 mortuo
740 2342 882 2375 dictum

157 2391 257 2422 esset
280 2388 484 2422 inficetum.
504 2408 545 2412 ——
572 2390 646 2422 Nec
671 2391 781 2422 recito
807 2391 882 2422 cui-

157 2435 283 2478 quam]
300 2434 358 2468 Ad
367 2446 400 2469 v.
412 2437 525 2469 recito
535 2435 644 2470 facile
655 2436 882 2481 cogitatione

157 2481 355 2526 suppletur
388 2492 432 2516 ex
462 2493 496 2515 v.
523 2485 580 2516 71.
611 2491 707 2516 meos
734 2484 882 2517 libellos.

204 2530 336 2562 74-80.
379 2531 425 2562 In
459 2531 577 2563 medio
616 2530 699 2572 cet.]
739 2530 882 2570 „Probe

158 2574 247 2608 novi
272 2585 372 2617 esse,
399 2576 464 2620 qui
489 2577 549 2610 vel
574 2577 614 2610 in
640 2577 763 2610 medio
788 2577 882 2619 foro,

158 2620 198 2654 id
228 2624 286 2655 est
316 2622 466 2666 dempta
496 2623 721 2667 hyperbola,
759 2634 883 2657 coram

159 2668 317 2702 maxima
334 2669 545 2703 auditorum
563 2681 703 2704 corona
718 2672 884 2705 carmina

160 2714 350 2748 recitent.“
372 2735 411 2739 —
434 2717 612 2759 lavantes]
640 2717 700 2758 „in
727 2717 883 2759 balneis,

1069 1209 1228 1255 Magdal.
1253 1209 1364 1244 idem.
1392 1211 1517 1243 —-'t9.
1543 1211 1605 1242 In·

923 1358 1011 1401 quia
1037 1358 1075 1390 in
1095 1357 1176 1390 loco
1202 1357 1387 1390 fornicato
1411 1356 1575 1390 suaviter
1593 1366 1653 1389 re-

924 1408 1033 1437 sonat
1057 1404 1250 1437 recitantis
1276 1405 1380 1437 vox.“
1431 1402 1591 1436 Martial-
1617 1404 1651 1443 3,

923 1454 981 1492 44,
1000 1452 1055 1484 12.
1073 1450 1121 1484 ad
1144 1450 1400 1484 recitatorem:
1426 1453 1472 1483 1¹·
1493 1451 1654 1483 thomas

923 1499 1047 1539 Ῑυαῖοε
1068 1507 1178 1531 sonas
1204 1499 1253 1530 ad
1277 1506 1416 1531 aurem.
1466 1496 1654 1531 Videlicet

925 1545 1068 1578 circum
1109 1545 1256 1578 labrum
1303 1545 1342 1578 in
1386 1544 1531 1578 balneis
1573 1546 1655 1578 erat

924 1592 1065 1633 schola,
1090 1602 1202 1636 quam
1219 1591 1415 1634 vocabant,
1440 1591 1505 1625 ubi
1523 1591 1654 1625 amicis

924 1639 1091 1673 carmina
1115 1639 1188 1673 ista
1212 1638 1399 1673 audituris
1432 1639 1538 1672 locus
1564 1646 1655 1674 erat.

924 1685 1070 1719 Vitruv.
1088 1688 1122 1727 5,
1142 1688 1205 1719 10:
1228 1687 1375 1720 Schola-5
1392 1689 1516 1719 autem
1535 1686 1655 1719 tabro-
1720 1702 1724 1704 Ἴ

924 1742 1007 1766 rum
1030 1734 1084 1766 ita
1110 1734 1190 1775 fieri
1216 1736 1356 1774 oportet
1378 1734 1577 1775 spatiosas,
1602 1735 1656 1775 ut,

926 1789 1007 1813 cum
1028 1782 1172 1822 priores
1190 1782 1445 1822 occupaverint
1466 1782 1556 1822 loca,
1583 1781 1653 1814 cir·

926 1830 1208 1869 cumspectantes
1248 1829 1384 1868 reliqui
1418 1831 1515 1861 recte
1555 1830 1655 1860 stare

923 1876 1071 1916 possint.
1099 1893 1142 1897 —
1173 1875 1304 1917 sensu]
1338 1875 1536 1908 communi.
1580 1873 1655 1908 Sat.

928 1924 967 1963 1,
1002 1923 1042 1961 3,
1076 1924 1132 1955 66.
1159 1941 1202 1945 -
1237 1921 1383 1964 Inquit]
1415 1921 1656 1955 adversarius

928 1969 1077 2012 aliquis,
1101 1966 1125 2001 ὁ
1151 1965 1288 2008 τυχών.
1320 1969 1423 2002 Haec
1448 1968 1610 2002 formula
1634 1979 1657 2002 a

927 2015 1093 2050 librariis
1126 2016 1351 2060 plerumque
1382 2016 1575 2050 immutata
1600 2018 1656 2049 est

927 2063 967 2096 in
1009 2064 1140 2103 inquis.
1179 2082 1222 2086 —
1262 2065 1326 2096 hoc
1366 2064 1485 2096 studio
1519 2071 1657 2104 pravus

927 2109 1042 2152 facis]
1082 2121 1188 2151 „cum
1226 2120 1365 2154 pravus
1404 2110 1475 2151 sis,
1511 2109 1551 2143 id
1588 2113 1657 2150 est,

928 2161 1079 2200 propter
1104 2157 1296 2198 malitiam,
1321 2156 1449 2190 dedita
1473 2168 1588 2201 opera
1604 2160 1658 2191 at-

930 2214 1002 2247 que
1036 2203 1188 2237 assidue
1213 2205 1283 2237 hoc
1316 2203 1441 2238 facere
1473 2204 1572 2238 soles
1596 2214 1658 2238 eo-

931 2261 1003 2294 que
1028 2250 1203 2295 gaudes.“
1253 2250 1334 2284 Hoc
1369 2251 1470 2284 enim
1494 2251 1595 2285 inest
1617 2251 1657 2285 in

930 2308 964 2330 v.
989 2298 1128 2339 studio,
1162 2299 1238 2330 mit
1263 2299 1366 2330 Lust
1400 2300 1487 2331 und
1510 2299 1657 2338 Liebe,

930 2347 974 2376 ut
999 2343 1075 2378 Cic.
1107 2355 1176 2388 pro
1204 2344 1239 2378 S.
1264 2344 1402 2378 Roscio
1428 2347 1493 2387 32,
1518 2348 1582 2379 91:
1615 2347 1657 2378 ut

930 2399 1051 2424 omnes
1067 2393 1275 2433 {mettioant
1291 2400 1347 2424 me
1372 2401 1445 2425 non
1460 2394 1581 2426 studio
1599 2401 1659 2426 ac·

932 2446 1079 2480 casare,
1115 2441 1178 2472 sed
1214 2440 1332 2480 officio
1370 2440 1574 2481 defendere.
1615 2458 1655 2462 —

932 2486 1012 2518 Hoc
1035 2486 1075 2518 in
1090 2494 1147 2518 me
1163 2486 1267 2528 iacis]
1293 2489 1335 2519 ut
1361 2487 1494 2520 crebro
1519 2486 1658 2520 dicitur

928 2533 1066 2572 probra
1096 2534 1136 2565 in
1166 2533 1327 2574 aliquem
1361 2534 1493 2567 iacere.
1522 2552 1564 2557 --
1595 2534 1660 2566 Est

932 2581 1062 2612 auctor
1084 2579 1179 2622 quis]
1205 2591 1293 2621 non,
1319 2583 1361 2613 ut
1386 2579 1520 2617 Schol„
1550 2580 1659 2624 „quin

932 2628 988 2659 est
1025 2627 1200 2660 auctor?“
1240 2626 1323 2660 sed:
1364 2631 1490 2668 „estne
1528 2628 1660 2660 auctor

932 2672 1070 2716 aliquis
1096 2684 1225 2707 eorum
1250 2674 1366 2707 cet.‘?“

981 2720 1101 2753 82-89.
1133 2721 1269 2753 solutos
1296 2722 1367 2761 Qut·
1392 2723 1514 2761 captat
1539 2721 1658 2763 risus]
