1774 2930
124 170 213 212 366

599 169 806 204 HORATII
832 169 1181 204 EPISTOLARUM

620 269 959 313 EPISTULA
987 270 1159 314 XVII.

246 353 471 402 Quamvis,
506 352 687 406 Scaeva,
721 353 826 395 satis
858 367 936 408 per
965 357 1009 395 te
1041 353 1119 395 tibi
1151 354 1337 396 consulis
1370 358 1413 396 et
1444 354 1548 406 scis,

246 423 340 473 Quo
372 423 544 466 tandem
574 428 699 479 pacto
731 423 880 466 deceat
911 423 1144 466 maioribus
1175 425 1259 478 uti,

244 496 395 548 Disce,
430 495 646 537 docendus
679 494 818 537 adhuc
851 509 960 551 quae
993 499 1140 537 censet
1171 495 1397 549 amiculus,
1428 498 1476 536 ut
1507 495 1543 536 si

247 566 412 608 Caecus
444 567 528 608 iter
558 569 797 608 monstrare
828 566 955 619 velit3
988 569 1133 608 tamen
1165 566 1354 623 adspice,
1389 567 1425 608 si
1458 565 1561 622 quid

244 636 303 678 Et
334 652 432 691 nos,
467 637 580 693 quod
612 651 733 680 cures
766 638 986 694 proprium
1018 637 1192 691 fecisse,
1224 638 1460 694 loquamur.
1621 638 1646 678 5

248 707 292 749 Si
327 712 369 750 te
401 713 524 764 grata
556 709 677 764 quies
710 712 753 751 et
783 709 966 764 primam
998 722 1171 750 somnus
1202 708 1247 749 in
1277 708 1426 751 horam

245 779 463 833 Delectat,
497 780 533 821 si
564 784 607 822 te
638 780 779 836 pulvis
812 779 1101 835 strepitusque
1132 783 1341 834 rotarum,

224 897 297 931 ΕΡ.
331 896 450 931 XVII.
486 900 517 931 3.
552 899 657 931 Disce
690 899 872 932 docendus
906 898 1043 940 adhuc,
1078 906 1172 938 quae
1205 897 1302 940 LtF',
1336 898 1442 931 Disce
1474 899 1602 931 docen-

175 946 242 978 dus
268 946 396 987 adhuc,
424 946 512 986 quid
538 944 576 979 C.

175 1038 294 1073 XVII.
330 1039 487 1082 Scaeva,
522 1050 660 1084 eques,
691 1043 731 1073 ut
757 1039 865 1073 aiunt

127 1086 371 1130 Scholiastae,
388 1087 592 1129 Romanus,
617 1086 788 1131 alioquin
807 1089 865 1120 est

127 1134 294 1179 ignotus.
338 1134 589 1179 Suspioantur
615 1135 793 1168 nonnulli
822 1133 864 1167 fi-

127 1182 222 1215 lium
251 1182 368 1216 fuisse
387 1181 508 1216 Cassii
535 1181 710 1224 Scaevae,
736 1183 865 1216 centu-

129 1229 250 1263 rionis
278 1228 497 1263 Caesariani
523 1229 732 1263 fortissimi.
760 1228 866 1270 (Cae-

129 1287 191 1310 sar
218 1276 260 1310 Β.
288 1276 328 1310 C.
355 1279 395 1319 3,
422 1278 478 1310 53.
530 1276 607 1310 Cic.
634 1275 680 1310 ad
707 1275 782 1310 Att.
811 1278 865 1318 14,

131 1326 187 1366 10,
215 1326 248 1357 2.
274 1323 372 1357 Plut.
400 1323 507 1358 Caes.
527 1324 598 1366 16.)
625 1323 724 1357 Huic
750 1323 866 1368 igitur

125 1372 247 1405 amico
274 1371 415 1405 iuniori
441 1372 537 1405 viam
563 1373 763 1413 monstrat,
791 1381 867 1415 qua

127 1419 386 1463 potentiorum
426 1419 591 1452 favorem
634 1418 706 1452 sibi
746 1420 866 1463 paret,

127 1467 182 1500 ita
200 1469 337 1508 tamen,
363 1468 407 1500 ut
431 1476 503 1500 nec
520 1466 734 1500 libertatem
760 1466 865 1510 inge-

129 1525 205 1547 nuo
231 1514 377 1547 homini
411 1513 666 1547 necessariam
698 1524 866 1557 unquam

129 1564 244 1595 exuat
285 1572 411 1606 neque
448 1561 678 1595 adulationis
716 1561 865 1605 culpam

128 1609 336 1643 contrahat.
388 1608 509 1642 Simul
535 1608 724 1654 significat
749 1608 865 1642 lecto-

129 1656 248 1699 ribus,
275 1656 463 1701 quomodo
482 1656 563 1700 ipse
591 1666 675 1689 cum
692 1655 864 1700 Augusto

129 1706 167 1737 et
179 1703 396 1737 Maecenate
415 1703 534 1737 amice
553 1706 666 1748 atque
685 1702 865 1745 officiose,

129 1750 195 1784 sed
221 1754 344 1784 tamen
363 1750 484 1784 libero
510 1751 634 1784 animo
660 1750 786 1784 vivere
807 1760 864 1784 so-

128 1799 224 1839 leat,
257 1798 350 1832 adeo
377 1800 421 1831 ut
453 1808 563 1831 nemo
597 1808 685 1830 eum
711 1799 866 1840 propter

127 1845 226 1879 hanc
252 1855 337 1878 cum
372 1844 634 1889 superioribus
661 1844 867 1877 necessitu-

129 1892 258 1926 dinem
276 1892 471 1936 despicere
497 1894 563 1925 aut
586 1890 864 1935 reprehendere

128 1939 260 1984 possit.
311 1938 469 1979 Quando
509 1939 650 1982 scripta
687 1938 735 1972 sit
773 1938 865 1971 haec

129 1986 320 2031 Epistola,
355 1996 440 2019 cum
466 1985 631 2020 Frankio
666 1985 706 2019 in
739 1985 863 2019 medio

130 2033 426 2078 relinquendum
452 2044 533 2068 esse
561 2043 709 2067 censeo.
743 2032 864 2066 Pleri-

129 2092 205 2126 que
233 2081 395 2115 credunt
420 2093 452 2115 a.
479 2092 515 2114 u.
543 2092 574 2115 c.
601 2082 681 2114 735.

226 2130 300 2162 1-5.
328 2130 502 2170 Quamvis
520 2128 604 2171 cet]
629 2127 768 2162 Iisdem
785 2127 864 2161 fere

130 2176 256 2210 verbis
289 2176 332 2209 A.
358 2176 401 2209 P.
427 2178 515 2210 366:
550 2177 716 2216 quamvis
734 2193 749 2199 -
767 2193 781 2199 -
798 2183 866 2216 per

130 2226 164 2257 le
188 2225 306 2266 sapis,
335 2234 411 2268 qua
435 2223 596 2257 formula
620 2222 736 2265 illud,
763 2221 865 2267 quod

130 2271 269 2315 ingrati
304 2273 341 2304 et
372 2271 521 2304 molesti
549 2269 740 2304 interdum
767 2270 867 2303 inest

130 2319 170 2351 in
198 2318 368 2352 consiliis
395 2319 506 2352 etiam
532 2317 739 2359 benevolis,
767 2317 867 2350 miti—

130 2375 220 2410 gare
263 2365 469 2399 studemus.
521 2364 662 2398 Similis
704 2364 867 2398 formula

131 2415 189 2446 est
219 2412 311 2457 Epp.
349 2415 387 2455 1,
424 2415 484 2454 18,
519 2414 583 2446 67:
622 2413 793 2445 Protinus
825 2414 866 2444 ut

130 2468 310 2502 moneam,
335 2462 368 2493 si
392 2462 480 2500 quid
503 2461 694 2493 monitoris
718 2468 797 2501 eyes
815 2462 865 2492 lu.

130 2507 187 2541 De
213 2506 421 2541 Indicativo
448 2507 514 2540 cfr.
549 2507 660 2540 etiam
687 2517 720 2540 V.
747 2508 803 2540 22.
830 2508 868 2540 et

131 2554 226 2599 Epp.
255 2557 286 2597 1,
314 2557 367 2595 14,
394 2556 426 2588 6.
447 2574 489 2578 —
514 2563 582 2595 per
609 2554 655 2596 le]
684 2554 788 2596 „sine
813 2553 866 2586 al-

131 2602 251 2636 terius
284 2602 531 2647 praecepto;“
569 2601 661 2643 „etsi
695 2612 753 2635 me
789 2611 866 2635 non

132 2659 220 2694 eges
256 2649 508 2684 consultore.“
539 2667 580 2672 —-
617 2649 786 2692 landem]
821 2647 866 2681 In

131 2697 202 2730 hac
236 2697 533 2742 interrogatione
568 2695 724 2740 obliqua
750 2696 866 2741 signi-

132 2743 218 2778 ficat
244 2754 328 2777 cum
353 2743 629 2789 potentioribus
659 2745 758 2776 recte
784 2753 866 2776 ver-

915 1039 988 1072 sari
1023 1049 1102 1073 rem
1129 1049 1211 1073 esse
1237 1039 1346 1073 valde
1373 1038 1577 1073 difficilem.
1606 1058 1648 1062 -—

913 1086 1136 1129 maioribus]
1174 1086 1249 1120 cfr.
1285 1086 1360 1120 Sat.
1387 1089 1428 1129 2,
1457 1090 1496 1129 1,
1523 1088 1578 1120 61.
1606 1106 1650 1110 —-

914 1134 1095 1167 docendus
1121 1133 1255 1177 adhuc]
1286 1134 1478 1178 „quamvis
1505 1137 1651 1178 egomet

914 1181 995 1225 ipse
1009 1181 1268 1225 praeceptoris
1282 1179 1492 1226 indigens.“
1505 1200 1547 1204 —
1559 1182 1650 1214 ami-

915 1228 1033 1271 culus]
1058 1228 1199 1262 Eadem
1224 1238 1315 1262 voce
1339 1229 1461 1262 utitur
1479 1227 1649 1262 Catullus

916 1276 980 1317 30,
1016 1277 1048 1308 2.
1083 1278 1121 1309 et
1154 1275 1287 1310 Cicero
1321 1275 1430 1309 Verr.
1454 1274 1591 1309 Aecus.
1617 1277 1650 1317 3,

916 1324 980 1364 34,
1012 1325 1069 1357 79.
1118 1322 1256 1357 Forma
1289 1322 1515 1356 diminutiva
1547 1325 1652 1356 tene-

916 1380 994 1403 ram
1012 1395 1021 1412 ,
1057 1381 1133 1414 qua
1169 1370 1210 1403 in
1250 1369 1428 1404 Scaevam
1464 1370 1651 1404 animatus

916 1417 976 1459 sit,
1002 1416 1207 1451 amicitiam
1232 1417 1419 1462 exprimit.
1446 1436 1492 1442 —
1518 1419 1652 1451 Caecus

915 1466 984 1497 iter
1003 1464 1088 1508 cet.]
1108 1464 1293 1499 Graecum
1315 1467 1373 1499 est
1389 1464 1651 1519 proverbium.

914 1508 1012 1555 μήτε
1039 1510 1186 1553 τυφλὸν
1209 1509 1365 1556 ὀδηγόν,
1388 1508 1487 1556 μήτε
1512 1508 1652 1555 ἐκνόη-

916 1570 983 1593 τον
997 1556 1233 1603 σύμβουλον.
1245 1579 1294 1586 -
1304 1561 1499 1602 proprium
1511 1559 1650 1602 secisse]

915 1605 1125 1654 ἀορίστως,
1153 1607 1215 1649 „in
1240 1618 1317 1641 rem
1345 1609 1447 1641 tuam
1465 1607 1650 1648 vertere“,

915 1654 1182 1700 degenerantis
1238 1653 1456 1689 Latinitatis
1517 1662 1651 1695 appro-

912 1703 1052 1744 priare,
1078 1702 1298 1744 hodiernae,
1323 1703 1524 1735 adnexam.

963 1751 1059 1783 6-10.
1092 1750 1132 1782 Si
1163 1752 1196 1782 le
1230 1748 1315 1791 cet]
1350 1747 1419 1790 „Si
1451 1747 1651 1781 delectaris

916 1796 1044 1840 quiete
1074 1798 1187 1839 atque
1219 1795 1313 1837 otio,
1343 1794 1542 1839 strepitum
1576 1794 1652 1828 cla-

914 1853 1132 1886 moremque
1165 1842 1322 1876 moleste
1363 1842 1507 1884 ferens,
1550 1841 1651 1876 Urbe

916 1892 953 1923 et
970 1889 1155 1923 maiorum
1169 1889 1447 1924 consuetudine
1460 1889 1594 1923 relicta
1610 1890 1650 1922 in

916 1937 1040 1971 locum
1067 1936 1258 1981 quendam
1282 1937 1563 1981 infrequentem
1582 1936 1650 1970 tibi

915 1984 1172 2018 decedendum
1216 1985 1307 2018 est.“
1348 2003 1391 2008 —
1426 1985 1651 2026 primam--

914 2031 1056 2075 horam]
1075 2031 1152 2066 diei
1165 2031 1288 2066 civilis
1301 2031 1390 2065 inde
1404 2042 1426 2065 a
1439 2031 1530 2065 solis
1547 2033 1652 2073 ortu;

914 2079 1064 2113 diversa
1095 2079 1212 2124 igitur
1244 2079 1318 2113 fuit
1343 2089 1390 2113 ex
1414 2077 1653 2124 singulorum

914 2127 1005 2160 anni
1037 2129 1249 2171 temporum
1282 2126 1442 2160 ratione.
1493 2125 1578 2159 vid.
1604 2124 1652 2159 ad

914 2174 1009 2218 Epp.
1036 2177 1068 2216 1,
1095 2176 1127 2214 7,
1153 2175 1210 2208 47.
1254 2173 1435 2208 Somnum
1460 2175 1585 2207 autem
1610 2173 1651 2205 in

914 2221 1015 2255 Urbe
1050 2221 1205 2254 turbant
1234 2220 1359 2255 officia
1383 2220 1457 2255 iam
1483 2231 1506 2254 a
1529 2219 1652 2264 primo

914 2279 1023 2302 mane
1048 2268 1285 2313 praestanda.
1329 2267 1405 2307 Cfr.
1430 2266 1592 2301 Martial.
1617 2269 1651 2309 4,

915 2318 957 2359 8,
986 2319 1024 2349 1:
1059 2317 1187 2350 Prima
1219 2317 1426 2349 salutantes
1460 2317 1571 2356 atque
1596 2315 1654 2347 al-

915 2366 997 2397 tera
1022 2364 1174 2396 conterit
1210 2364 1316 2396 hora.
1346 2381 1388 2386 —
1412 2362 1536 2404 pulvis
1560 2363 1653 2395 stre-

912 2412 1083 2452 piceasque
1116 2410 1309 2453 rotarum]
1335 2410 1368 2443 A
1394 2409 1520 2443 causis
1549 2408 1654 2442 inso-

916 2458 1104 2492 mniorum
1117 2457 1255 2491 transit
1271 2457 1318 2491 ad
1335 2456 1539 2498 molestias,
1558 2465 1652 2500 quas

917 2505 1070 2550 quaevis
1103 2504 1179 2538 diei
1212 2505 1305 2538 hora
1338 2504 1480 2538 Romae
1515 2501 1652 2537 ineolis

917 2555 1030 2587 creat.
1056 2551 1162 2586 Conf.
1181 2550 1406 2586 Pseudovid.
1423 2550 1517 2584 Nue.
1534 2560 1568 2583 v.
1586 2550 1651 2583 87:

915 2601 1021 2634 Felix
1052 2601 1190 2632 secreto
1216 2608 1310 2639 quae
1343 2599 1435 2631 nata
1461 2599 1511 2631 est
1538 2598 1653 2630 arbor

914 2649 956 2681 in
979 2649 1092 2680 arvo!
1105 2664 1119 2671 -
1134 2664 1148 2670 -
1163 2647 1246 2680 Non
1270 2646 1456 2679 hominum
1479 2645 1652 2685 strepitus

917 2695 1040 2736 audit,
1078 2702 1151 2727 non
1184 2694 1254 2726 illa
1284 2695 1473 2729 rotarum;
1511 2692 1594 2725 Non
1627 2698 1652 2723 a

916 2743 1038 2775 vicina
1082 2738 1344 2782 pulverulenta
1390 2740 1453 2772 via
1503 2741 1565 2772 est.
1607 2755 1651 2760 —
