1786 2912
182 93 240 136 50

300 194 560 251 Vespertina
590 198 708 251 tepet
737 194 878 250 regi03
912 194 1015 250 quin
1046 208 1124 250 per
1154 194 1267 236 mala
1296 208 1501 251 praeceps

683 92 890 127 HORATII
914 92 1198 127 SATmARUM

1642 196 1698 238 30

300 265 474 320 Fertur,
506 266 570 307 uti
600 266 739 322 pulvis
772 265 973 307 collectus
1004 264 1194 318 turbine,
1226 279 1280 307 ne
1313 256 1415 321 quid

303 336 480 379 Summa
511 336 715 393 deperdat
745 339 939 378 metuens
971 338 1045 377 aut
1075 336 1252 392 ampliet
1280 339 1328 378 ut
1357 351 1461 379 rem.

304 407 466 450 Omnes
497 408 542 449 hi
573 410 769 449 metuunt
799 420 966 459 versus,
1001 406 1129 449 odere
1159 410 1323 463 poetas

301 478 497 521 Foenum
529 478 659 520 habet
688 478 734 519 in
756 492 909 531 cornu3
942 478 1069 533 longe
1102 477 1225 534 fuge:
1259 478 1487 520 dummodo
1508 479 1642 521 risum

303 549 507 592 Excutiat
539 549 640 602 sibi,
673 562 759 590 non
789 548 859 590 hic
891 549 1087 604 cuiquam
1118 553 1264 604 parcet
1297 549 1433 592 amico

1645 551 1700 592 35

303 620 380 675 Et,
414 620 693 677 quodcunque
725 620 859 662 semel
890 619 1059 670 chartis,
1080 620 1282 674 illeverit,
1316 634 1464 663 omnes

306 691 473 734 Gestiet
505 706 530 734 a
561 690 685 732 furno
716 690 944 733 redeuntes
976 691 1085 733 scire
1115 692 1296 747 lacuque

303 762 362 805 Et
392 777 547 819 pueros
579 765 623 804 et
654 776 774 804 anus.

836 761 1057 818 Agedum,
1090 777 1228 818 pauca
1258 762 1403 819 accipe
1435 767 1594 805 contra.

303 834 497 875 Primum
528 848 608 889 ego
639 847 707 875 me
738 833 928 887 illorum,
962 833 1153 875 dederim
1174 834 1328 889 quibus
1356 848 1452 876 esse
1483 835 1642 890 poetis,

304 905 548 961 Excerpam
578 918 779 947 numero:
811 919 952 961 neque
984 905 1098 947 enim
1130 905 1382 947 concludere
1412 919 1585 948 versum
1646 907 1704 948 40

304 974 480 1018 Dixeris
513 990 608 1018 esse
641 976 769 1030 satis;
802 990 960 1032 neque,
994 976 1030 1017 si
1062 976 1134 1031 qui
1167 976 1325 1018 scribat
1354 976 1418 1018 uti
1448 991 1526 1018 nos

308 1047 504 1090 Semoni
534 1048 752 1103 propiora,
785 1051 910 1103 putes
941 1047 1055 1088 hunc
1088 1061 1182 1089 esse
1212 1051 1397 1102 poetam.

284 1161 339 1193 33.
362 1162 510 1201 poetam
534 1159 728 1193 Bentleius
755 1158 854 1193 coni.
881 1178 924 1182 —
951 1160 1008 1192 35.
1035 1160 1098 1191 eibi
1121 1158 1359 1204 Rutgersius.
1380 1140 1432 1182 λ·-
1460 1161 1518 1192 39.
1540 1160 1658 1201 potitis

238 1206 388 1249 „invitis
418 1207 632 1241 codicibus“
669 1218 754 1241 cum
779 1206 927 1240 Acrone
954 1206 1001 1239 ad
1027 1206 1101 1240 Sat.
1129 1208 1167 1247 1,
1202 1208 1243 1247 6,

237 1255 335 1288 sium
360 1254 483 1288 Bentl.
494 1280 503 1296 ,
534 1254 589 1287 M:

190 1349 247 1382 ria
270 1349 500 1394 pernavigat.
529 1348 604 1383 cfr.
629 1348 722 1393 Epp.
742 1350 774 1391 1,
802 1351 833 1390 1,
859 1349 921 1381 45:

190 1398 350 1438 Impiqer·
383 1399 561 1430 extremos
590 1399 772 1430 mercator
804 1397 922 1429 curris

189 1446 238 1477 ad
267 1445 389 1477 Indos.
418 1463 460 1467 —
488 1452 558 1484 quo
588 1445 798 1485 Vespertina
829 1445 922 1484 tepet

187 1490 310 1533 regio]
336 1490 454 1534 Epico
481 1501 653 1524 sermone
680 1490 922 1525 Occidentem

189 1536 439 1585 παραφράζει.
478 1538 575 1572 Solis
599 1538 699 1571 enim
716 1538 922 1581 vespertini

189 1588 295 1629 tepor
329 1585 435 1629 (Epp.
464 1589 502 1627 1,
537 1587 601 1627 20,
636 1587 697 1618 19:
739 1586 826 1617 Cum
859 1586 925 1617 tibi

188 1634 244 1665 sol
261 1634 402 1674 lepidus
423 1634 550 1674 plures
568 1633 768 1665 admoverit
786 1632 922 1673 aures.)

190 1680 416 1714 transfertur
443 1680 488 1713 ad
514 1679 766 1724 vespertinam
799 1678 923 1723 regio-

191 1737 288 1760 nem.
316 1746 358 1749 ——
386 1728 553 1760 collectus
580 1724 739 1769 turbine]
766 1728 878 1767 auso
890 1735 923 1758 e-

189 1775 397 1812 wirbell‚·
435 1775 623 1816 collectus,
661 1776 703 1807 ut
728 1773 796 1806 Od.
826 1776 864 1815 1,
892 1775 924 1815 1,

191 1824 230 1855 4:
266 1822 457 1862 pulverem
482 1822 678 1862 collem-sse.
704 1840 751 1844 -
775 1821 924 1862 ampliet

191 1871 230 1901 ut
253 1867 345 1911 rem]
382 1867 465 1901 Non
492 1871 548 1902 est
571 1870 613 1901 ut
638 1868 770 1909 finale,
796 1878 924 1912 quem-

191 1915 390 1950 admodum
431 1918 535 1949 ratus
578 1918 634 1949 est
676 1915 772 1948 Voss
814 1915 926 1958 (und

192 1965 298 1997 dass
324 1964 568 1996 anwachse
593 1964 673 1995 das
693 1960 927 2006 Galleiym'

193 2010 259 2044 sed
281 2010 397 2055 iunge
416 2020 500 2044 cum
519 2020 551 2042 ν.
569 2012 748 2042 meluens:
772 2010 926 2051 [τὶν-σὴ-

193 2058 317 2100 tend,
356 2059 462 2091 dass
488 2065 535 2089 er
558 2059 661 2090 sein
687 2057 774 2090 θυι
799 2057 924 2089 nicht

191 2106 444 2138 vermehre.
469 2123 511 2127 -
529 2104 668 2146 versus]
696 2103 833 2145 „huius
861 2114 926 2137 no-

194 2152 262 2186 stri
311 2152 504 2197 generis;“
558 2151 763 2196 „qualibus
813 2151 928 2184 satira

193 2199 347 2232 utitur.“
387 2218 431 2223 —-
469 2200 574 2232 odere
614 2198 762 2241 pofflas]
810 2197 927 2232 Recte

193 2246 348 2280 Iahnius
381 2246 425 2280 N.
450 2245 549 2279 Ann.
583 2246 667 2280 Vol.
701 2248 758 2280 27.
783 2256 820 2290 p.
846 2247 927 2279 230.

193 2290 402 2326 ἀσύνδετον
436 2293 488 2327 ita
526 2293 694 2337 supplet:
734 2295 929 2334 „metuunt

194 2351 326 2374 versus
345 2343 457 2384 atque
483 2343 683 2384 propterea
701 2340 814 2374 odere
839 2342 928 2384 poe'-

194 2390 264 2421 tas.
269 2387 285 2404 ‘⁴
327 2406 369 2411 —-
410 2389 569 2420 Foenum
607 2387 699 2429 cet.]
739 2387 927 2429 „Quando

195 2434 338 2468 feriunt
363 2434 497 2476 boves,
525 2445 653 2467 eorum
679 2434 720 2466 in
747 2435 927 2468 cornibus

196 2482 335 2527 ligatur
368 2481 553 2515 foenumf‘
597 2481 719 2514 ACRO.
759 2481 859 2514 Plut.
889 2482 927 2514 in

198 2529 333 2563 Crasso
360 2539 391 2562 c.
425 2531 464 2562 7:
503 2529 692 2568 Σικίννιος
724 2526 825 2582 πρὸς
863 2526 929 2560 τὸι

197 2572 372 2615 εἰπόντα,
406 2577 442 2608 τί
464 2573 511 2618 δὴ
536 2572 661 2618 μόνον
687 2573 733 2607 οὐ
760 2573 930 2630 σπαράτ-

198 2625 253 2656 τεὶ
294 2621 360 2656 τὸν
401 2598 601 2669 Κράσσον
646 2618 787 2669 χόοτοι
826 2633 929 2662 exem:

198 2682 320 2714 φησιν
345 2670 408 2704 ἐπὶ
433 2670 499 2703 τοῦ
524 2671 693 2718 κέρατης.
727 2689 769 2692 -
808 2672 927 2703 Excu-

1278 1207 1335 1239 25.
1361 1209 1446 1250 post
1471 1205 1514 1239 N.
1541 1206 1658 1240 Hein—

621 1256 749 1296 poe'tas
774 1253 1055 1299 bScdp,LCtFJ.
1082 1273 1125 1276 —
1153 1256 1210 1287 41.
1235 1254 1267 1286 si
1292 1254 1372 1294 quis
1398 1253 1658 1298 Scdp,LCtFJ.

971 1349 1039 1381 liat
1064 1347 1144 1390 sibi]
1170 1347 1316 1382 dativus
1342 1347 1544 1382 commodi:
1577 1347 1707 1390 „dum-

970 1395 1080 1429 modo
1119 1395 1229 1428 dictis
1267 1394 1346 1429 suis
1379 1394 1619 1430 mordacibus
1652 1396 1706 1429 le-

971 1446 1092 1476 ctores
1126 1443 1366 1476 vehementer
1399 1442 1524 1476 ridere
1555 1442 1705 1488 cogat;“

971 1490 1010 1523 id
1048 1490 1149 1534 quod
1190 1489 1335 1524 homini
1373 1489 1560 1524 malitioso
1597 1489 1706 1523 valde

971 1537 1189 1578 blanditur3
1216 1537 1282 1570 sed
1307 1538 1460 1581 propter
1486 1537 1557 1571 hoc
1582 1537 1707 1581 ipsum

972 1583 1018 1617 ab
1056 1584 1231 1617 omnibus
1273 1583 1476 1628 fugiendus
1514 1586 1582 1620 est.
1629 1583 1708 1616 Alii

971 1631 1096 1664 minus
1122 1633 1224 1664 recte
1250 1630 1458 1674 explicant:
1487 1630 1707 1672 „dummodo

974 1681 1090 1712 semet
1113 1677 1239 1722 ipsum
1265 1677 1312 1712 ad
1337 1677 1536 1711 ridendum
1564 1678 1706 1723 cogat.“

973 1744 1019 1748 —
1043 1725 1222 1768 illeverit]
1248 1724 1491 1769 contemptim
1517 1725 1562 1759 de
1588 1725 1709 1770 negli->
1777 1722 1786 1731 ¹

972 1773 1100 1817 gentia
1125 1772 1164 1805 in
1192 1772 1405 1807 scribendo.
1425 1791 1468 1795 --
1496 1781 1521 1806 a
1544 1773 1711 1814 sumo--

976 1820 1141 1863 lacuque]
1167 1831 1190 1854 a
1213 1820 1374 1864 pistrino
1399 1821 1436 1853 et
1460 1830 1582 1864 aquae
1605 1830 1709 1854 rece-

973 1867 1155 1911 ptaculis,
1194 1877 1289 1911 quae
1321 1865 1430 1900 Dec.
1455 1867 1495 1900 in
1522 1866 1622 1901 Urbe
1655 1866 1710 1900 fe-

975 1915 1025 1948 cit
1049 1913 1096 1947 M.
1115 1914 1294 1959 Agrippa.
1319 1914 1419 1948 Plin.
1436 1913 1483 1947 H.
1499 1913 1549 1948 N.
1569 1915 1626 1957 36,
1655 1915 1709 1948 15.

976 1961 1122 1995 Gaudet
1146 1962 1263 2007 igitur
1280 1962 1418 2006 plausu
1435 1961 1629 1995 hominum
1653 1961 1711 1994 in-

975 2008 1083 2042 fimae
1111 2009 1236 2043 sortis.

1023 2058 1143 2090 39-48.
1193 2054 1375 2099 Primum]
1414 2053 1498 2089 Non
1536 2054 1710 2100 sequitur

975 2105 1123 2139 deinde:
1161 2103 1333 2148 exempla
1368 2102 1484 2137 huius
1509 2106 1712 2136 consuetu-

976 2150 1075 2184 dinis
1101 2151 1139 2184 in
1163 2151 1331 2185 oratione
1357 2150 1573 2184 incitatior-e
1597 2149 1712 2184 habet

977 2198 1148 2232 Goerenz
1186 2198 1232 2232 ad
1266 2197 1342 2232 Cic.
1376 2197 1422 2231 de
1456 2196 1572 2242 Legg.
1598 2198 1640 2239 3,
1678 2198 1711 2237 9,

979 2248 1032 2279 19.
1059 2265 1101 2269 —-
1123 2245 1253 2288 poclis]
1278 2245 1438 2289 Propter
1462 2243 1712 2278 constructio-

977 2293 1036 2326 nis
1062 2293 1336 2338 ignorationem
1363 2291 1522 2326 Codices
1554 2301 1623 2335 pro
1647 2290 1712 2324 da-

978 2341 1052 2374 tivo
1079 2340 1276 2384 occupavit
1300 2338 1550 2373 aecusativus.
1571 2357 1613 2361 —
1636 2339 1712 2372 Ex-

977 2387 1138 2430 cerpam]
1164 2398 1232 2432 pro
1260 2385 1485 2430 „excipiam
1519 2385 1699 2419 eximam⁶⁶
1704 2409 1714 2426 ‚

977 2435 1089 2469 etiam
1120 2435 1159 2468 in
1194 2444 1306 2479 prosa
1331 2433 1513 2467 oratione.
1563 2431 1640 2466 Cic.
1666 2431 1713 2465 de

978 2481 1041 2515 Or.
1069 2483 1109 2523 2,
1149 2484 1212 2524 11,
1252 2482 1312 2514 4⁷:
1344 2481 1428 2514 Non
1453 2481 1567 2522 enim,
1604 2480 1637 2512 si
1662 2481 1711 2512 est

977 2530 1141 2570 facilius,
1177 2537 1218 2562 eo
1243 2530 1287 2561 de
1311 2536 1465 2561 numero
1491 2535 1632 2568 quoque
1658 2528 1710 2558 est

978 2577 1254 2617 excerpendum.
1272 2594 1321 2599 ——
1337 2573 1564 2616 concludere]
1583 2571 1658 2607 Sat.
1678 2575 1711 2614 1,

980 2625 1041 2664 10,
1093 2625 1155 2655 59;
1202 2623 1353 2664 pedibus
1402 2622 1490 2662 quia
1537 2620 1708 2656 claudere

976 2671 1081 2703 senis.
1110 2689 1151 2692 —
1184 2668 1371 2711 Sermoni]
1406 2667 1637 2713 quotidiano.
1667 2685 1710 2690 ——
