1774 2930
650 154 745 189 LIB.
769 154 818 189 11.

866 153 969 188 SA'r.
992 152 1076 187 vn.

1532 151 1617 192 233

225 255 435 305 Quisnam
463 255 595 312 igitur
622 254 764 298 liber?
795 253 991 310 Sapiens,
1023 253 1107 295 sibi
1138 252 1211 309 qui
1240 251 1509 308 imperiosus,

226 326 364 375 Quem
383 340 523 382 neque
542 326 771 382 pauperies
792 338 933 380 neque
953 337 1067 366 mors
1088 337 1229 379 neque
1249 322 1420 364 vincula
1443 325 1618 374 terrent,

224 397 498 453 Responsare
529 396 814 452 cupidinibus,
847 399 1118 438 contemnere
1147 393 1332 435 honores
1563 392 1618 433 85

155 471 158 476 '
227 467 382 521 Fortis,
413 470 456 510 et
486 468 531 508 in
562 481 609 509 se
639 467 733 523 ipso
764 470 893 519 totus,
925 470 1038 508 teres
1070 468 1198 520 atque
1227 463 1449 516 r’otundus,

224 537 407 580 Externi
438 552 493 580 ne
524 537 627 594 quid
655 538 796 580 valeat
825 550 903 593 per
931 536 1027 578 leve
1057 535 1233 587 morari,

226 608 275 650 In
306 622 434 664 quem
462 622 613 650 manca
642 608 727 649 ruit
758 620 926 663 semper
956 606 1138 648 fortuna.
1200 605 1389 648 Potesne

226 677 297 720 Ex
325 678 393 720 his
425 683 472 720 ut
502 679 721 734 proprium
753 677 854 734 quid
884 676 1094 719 noscere?
1124 675 1323 731 Quinque
1353 676 1515 718 talenta

226 748 372 791 Poscit
401 753 445 791 te
476 750 643 802 mulier,
676 751 805 791 vexat
835 747 1082 803 foribusque
1112 746 1334 802 repulsum
1564 744 1620 785 90

227 817 452 862 Perfundit
481 819 636 875 gelida,
667 833 814 860 rursus
846 821 991 871 vocat,
1025 818 1143 874 eripe
1174 818 1289 873 turpi

230 889 351 931 Colla
379 890 504 945 iugo3
535 889 682 943 Liber,
713 889 822 932 liber
853 903 960 942 sum,
993 888 1060 930 dic
1092 902 1186 943 age.
1239 887 1336 929 Non
1368 887 1486 943 quis3

226 959 360 1015 Urget
390 961 504 1003 enim
533 960 728 1002 dominus
760 963 949 1002 mentem
979 973 1064 1001 non
1093 959 1204 1001 lenis
1237 962 1279 1000 et
1311 972 1429 1000 acres

228 1029 447 1072 Subiectat
475 1031 589 1072 lasso
622 1031 816 1072 stimulos
846 1034 1074 1086 versatque
1105 1033 1347 1084 negantem.

226 1100 308 1143 Vel
339 1115 435 1143 cum
464 1101 676 1145 Pausiaca
704 1105 863 1157 torpes,
895 1101 1059 1153 insane,
1091 1100 1264 1152 tabella,
1566 1097 1622 1138 95

110 1263 191 1295 κος.
232 1273 271 1277 -
309 1255 408 1287 sibi-
425 1254 660 1297 imperiosus]
701 1250 840 1301 ἄοχων,
887 1261 1056 1294 proceres
1080 1254 1240 1294 vanique
1265 1254 1363 1294 serat
1390 1252 1478 1292 quid
1503 1250 1624 1291 opinio

108 1299 295 1346 ἐγκρατὴς
318 1300 476 1342 ἑαυτοῦ,
513 1312 588 1346 qua
612 1302 726 1346 genit.
753 1311 841 1334 con-

111 1347 318 1381 structione
358 1359 451 1382 usas
493 1351 548 1382 est
588 1348 686 1381 Plin.
719 1348 766 1381 H.
798 1347 842 1380 N.

113 1395 170 1436 34,
187 1396 226 1427 8:
252 1395 432 1428 Tiberius-
418 1396 649 1436 -imperiosus
673 1396 741 1428 sui.
773 1394 842 1428 Od.

113 1442 153 1483 3,
179 1442 242 1482 29,
267 1443 335 1473 41:
366 1443 494 1482 potens
529 1443 598 1474 sui.
649 1441 843 1475 Commen-

115 1487 201 1521 tarii
226 1487 309 1521 loco
335 1490 392 1521 est
417 1488 558 1522 Seneca
583 1488 628 1521 de
652 1488 783 1522 Benef.
809 1490 842 1529 5,

113 1535 159 1567 ⁷:
190 1535 305 1576 Quem
327 1536 444 1576 mauis
468 1536 707 1568 admiraberis
734 1544 842 1576 quam

113 1582 178 1621 qui
199 1582 355 1622 imperat
379 1583 465 1624 sibi,
493 1590 603 1623 quam
627 1583 690 1623 qui
714 1591 752 1615 se
779 1584 843 1615 ha-

113 1627 169 1660 bet
207 1628 248 1660 in
285 1630 487 1669 potestate?
519 1638 581 1652 —2
598 1629 842 1672 Respomare]

113 1675 310 1718 trotzen,
344 1700 360 1717 „
372 1675 617 1720 cupiditatum
642 1676 842 1710 illecebras

111 1722 340 1766 aspernari.“
389 1722 494 1756 Oonf.
520 1733 553 1756 v.
582 1725 659 1756 103.
710 1723 783 1757 Sat.
810 1725 843 1766 2,

112 1768 154 1810 4,,
172 1770 227 1801 18.
252 1767 346 1813 Epp.
366 1772 397 1811 1,
417 1772 447 1811 1,
465 1772 520 1803 68.
540 1789 582 1793 -—
601 1773 843 1804 contemnere-

111 1815 245 1858 Foriis]
277 1816 407 1850 eadem
438 1818 735 1859 constructione,
770 1829 844 1862 qua

113 1860 182 1895 Od.
210 1865 240 1904 1,
267 1864 323 1906 37,
349 1865 404 1897 26.
435 1863 542 1897 Conf.
567 1863 635 1897 Od.
663 1867 694 1907 1,
722 1866 753 1907 3,
780 1867 843 1898 25:

111 1908 249 1942 Audax
273 1911 395 1943 omnia
416 1913 567 1952 perpeti.
584 1930 626 1934 —
641 1913 682 1943 in
705 1921 742 1945 se
766 1913 844 1953 ipso

112 1956 222 1998 tolus]
248 1957 414 1998 „nullius
430 1957 617 2002 indigens,
636 1958 701 2002 qui
720 1959 845 1993 omnia

113 2011 183 2036 sua
206 2003 247 2035 in
274 2013 314 2037 se
339 2004 527 2048 reposuit,
561 2006 685 2039 omnia
712 2016 780 2039 sua
803 2006 844 2039 in

114 2058 156 2082 se
182 2049 350 2094 collegit,
382 2051 475 2084 nihil
501 2053 606 2085 extra
631 2062 670 2085 se
697 2053 755 2086 sui
780 2063 845 2096 po-

114 2095 190 2137 nit3
202 2095 220 2113 ‘⁸
246 2098 288 2128 ut
313 2096 470 2131 diversis
495 2098 587 2131 locis
613 2098 666 2132 ait
691 2098 844 2132 Seneca.

115 2140 192 2175 Cic.
225 2142 359 2176 Parad.
393 2146 436 2177 2:
475 2145 587 2177 Nemo
622 2148 737 2186 potest
772 2154 846 2178 non

114 2189 340 2222 beatissimus
358 2199 441 2232 esse,
468 2192 530 2231 qui
555 2195 604 2224 est
629 2194 721 2224 totus
739 2194 845 2233 aptus

116 2244 163 2268 ex
185 2244 277 2278 sese,
311 2238 443 2277 quique
467 2239 507 2270 in
531 2247 568 2270 se
593 2247 666 2271 uuo
690 2247 757 2271 sua
781 2248 845 2280 po-

113 2283 187 2315 suit
219 2285 352 2316 omnia.
381 2303 422 2307 ——
450 2287 543 2317 teres
577 2288 686 2325 alque
718 2289 845 2318 rotun-

114 2329 196 2372 dus]
211 2329 353 2364 Globus
367 2330 639 2374 perfectissima
653 2335 710 2365 est
726 2332 846 2366 forma

115 2385 162 2409 ex
209 2377 450 2421 antiquorum
495 2380 680 2413 sententia
730 2379 846 2421 (Plat.

115 2421 211 2456 Tim.
236 2434 272 2467 p.
298 2425 355 2457 33.
381 2424 457 2467 Β.;)
496 2436 591 2469 quae
631 2436 715 2459 cum
753 2426 844 2460 levis

116 2469 167 2502 sit
189 2470 386 2514 nullique
376 2483 415 2504 ιιι
436 2482 478 2505 ea
496 2473 624 2517 anguli
644 2473 845 2514 emineant,

115 2515 230 2558 nihil,
264 2518 363 2561 quod
390 2519 621 2553 extrinsecus
651 2520 846 2564 impingat,

115 2560 157 2595 in
183 2573 226 2597 ea
242 2566 383 2597 morari
407 2566 593 2608 (haerere)
618 2577 746 2600 eamve
771 2567 845 2600 lae-

118 2607 207 2642 dere
233 2612 365 2654 potest.
391 2613 581 2646 Ausonius
599 2618 768 2647 nostrum
795 2614 847 2646 lo-

117 2665 200 2688 cum
231 2657 426 2693 manifesto
459 2659 625 2694 imitatus
650 2660 704 2693 Id.
733 2663 786 2701 16,
814 2663 845 2693 4.

118 2699 165 2735 de
196 2703 275 2736 viro
313 2704 410 2739 bono
447 2708 484 2739 et
522 2708 713 2751 sapiente:
754 2708 847 2749 Quid

890 1301 999 1341 volqi,
1014 1302 1182 1341 Securus,
1199 1300 1326 1332 mundi
1340 1300 1460 1331 instar
1480 1298 1625 1338 habens,

891 1349 1014 1380 teres
1046 1350 1186 1387 atque
1216 1345 1625 1386 rotundus‚13'oeter-

891 1403 960 1426 uae
987 1402 1031 1426 ue
1057 1394 1144 1434 quid
1180 1394 1270 1426 labis
1299 1400 1366 1434 per
1398 1393 1491 1425 levia
1516 1392 1625 1424 sidat.

892 1440 1096 1483 immuta]
1124 1439 1255 1484 „quasi
1279 1439 1452 1473 manibus
1478 1437 1627 1481 debilis,

890 1487 943 1521 ita
975 1490 1018 1520 ut
1050 1487 1230 1531 impetum
1263 1486 1303 1520 in
1336 1486 1543 1530 sapientem
1573 1484 1627 1518 fa-

893 1545 976 1568 cere
1003 1536 1177 1578 nequeat.
1182 1535 1199 1552 “

939 1575 1002 1614 89-
1005 1583 1060 1615 94.
1086 1583 1127 1614 ut
1149 1580 1356 1623 proprium]
1388 1579 1511 1624 „quod
1538 1589 1626 1612 vere

891 1627 960 1661 tibi
993 1628 1161 1662 tribuere
1197 1627 1358 1682 possis.“
1386 1646 1428 1650 —
1458 1627 1627 1668 Quinque

892 1675 1052 1718 talenta]
1092 1685 1186 1719 ‚pro
1219 1671 1406 1709 levissima
1437 1674 1627 1717 voluptate

892 1733 1073 1756 summam
1122 1721 1346 1767 ingentem.“
1400 1722 1539 1763 (25000
1564 1720 1626 1753 Fr.

893 1769 1153 1811 Gall.)-—non
1181 1769 1274 1812 quis]
1302 1768 1362 1802 Sic
1390 1768 1520 1802 Cicero
1548 1778 1627 1801 sae-

892 1817 978 1860 pius
1012 1825 1084 1849 non
1119 1825 1227 1858 queo,
1262 1827 1374 1861 quam
1406 1824 1554 1856 nequeo.
1582 1833 1625 1838 ——

891 1865 1074 1897 subiectat
1097 1864 1182 1907 cet.]
1212 1863 1352 1905 „Amor
1370 1863 1478 1907 quasi
1496 1861 1627 1907 auriga

893 1911 1063 1944 stimulos
1090 1911 1240 1945 subiicit
1266 1911 1376 1944 etiam
1402 1912 1510 1951 lasso,
1535 1909 1627 1943 iam-

892 1958 966 1992 iam
1007 1958 1149 1991 amicae
1190 1957 1445 1999 valedicturo,
1498 1967 1542 1990 ac
1590 1958 1627 1989 te

893 2005 1071 2049 impellit,
1105 2005 1193 2038 dum
1223 2015 1363 2038 morem
1389 2014 1522 2049 gerere
1549 2013 1627 2037 non

894 2052 984 2085 vis.“

940 2101 1092 2132 95—97.
1122 2100 1183 2131 Vel
1208 2107 1287 2131 cum
1313 2098 1399 2140 cet.]
1441 2097 1497 2130 Ad
1524 2096 1626 2130 aliud

894 2145 1104 2189 exemplum
1137 2145 1273 2178 transit
1305 2147 1434 2188 poeta3
1477 2144 1627 2177 tertium

894 2192 1067 2236 sequitur
1092 2203 1124 2224 V.
1154 2193 1219 2224 102
1245 2202 1327 2235 sqq.
1352 2209 1399 2214 —
1430 2190 1628 2233 Pausiaca]

893 2238 1050 2272 Pausias
1084 2238 1283 2283 Sicyonius
1317 2238 1445 2271 floruit
1478 2237 1627 2271 circiter

895 2296 926 2318 a.
952 2289 1038 2319 ante
1073 2285 1159 2319 Chr.
1194 2287 1272 2319 370.
1321 2284 1507 2330 Pingebat
1543 2295 1627 2328 par-

894 2343 958 2366 vas
991 2333 1150 2366 tabellas
1182 2332 1417 2366 encausticas
1454 2332 1628 2366 maxime-

895 2390 968 2423 que
1000 2390 1149 2424 pueros.
1200 2379 1470 2413 celebrabatur
1502 2379 1629 2423 impri-

894 2426 964 2460 mis
1007 2427 1089 2460 eius
1131 2425 1451 2470 Stephanoplocos
1493 2437 1515 2460 a
1552 2425 1627 2459 Lu-

895 2473 996 2506 cullo
1015 2473 1172 2507 Athenis
1198 2473 1347 2507 duobus
1374 2473 1526 2507 talentis
1552 2483 1627 2506 em-

894 2524 968 2564 pta.
1010 2520 1106 2553 Plin.
1132 2519 1177 2553 H.
1203 2520 1246 2553 N.
1274 2523 1330 2561 35,
1356 2523 1413 2554 40.
1429 2539 1471 2543 —
1493 2522 1629 2560 torpes-

895 2567 1046 2609 labella]
1074 2566 1146 2600 Sat.
1167 2570 1198 2609 1,
1216 2570 1248 2609 4,
1267 2570 1330 2601 28:
1361 2570 1478 2608 stupet
1504 2567 1628 2598 Albius

894 2623 992 2647 aere.
1043 2614 1119 2647 Cic.
1144 2614 1278 2648 Parad.
1313 2617 1354 2655 5,
1381 2616 1424 2646 2;
1458 2614 1628 2646 Echionis

895 2661 1019 2694 tabula
1046 2664 1080 2694 te
1104 2663 1290 2702 stupidum
1316 2662 1449 2694 detinet
1481 2663 1546 2693 aul
1579 2661 1628 2691 si—

895 2716 1003 2748 anum
1026 2709 1173 2748 aliquod
1188 2709 1372 2748 Polycleti.
1398 2708 1515 2748 Mitto,
1533 2707 1628 2740 uude
