<?xml version="1.0" encoding="UTF-8"?>
<!DOCTYPE html PUBLIC "-//W3C//DTD XHTML 1.0 Transitional//EN"
    "http://www.w3.org/TR/xhtml1/DTD/xhtml1-transitional.dtd">
<html xmlns="http://www.w3.org/1999/xhtml" xml:lang="en" lang="en">
 <head>
  <title>
</title>
<meta http-equiv="Content-Type" content="text/html;charset=utf-8" />
  <meta name='ocr-system' content='tesseract 3.04.00' />
  <meta name='ocr-capabilities' content='ocr_page ocr_carea ocr_par ocr_line ocrx_word'/>
</head>
<body>
  <div class='ocr_page' id='page_1' title='image "./qhoratiusflaccus00horauoft_0490.png"; bbox 0 0 1774 2930; ppageno 0'>
   <div class='ocr_carea' id='block_1_1' title="bbox 196 137 283 179">
    <p class='ocr_par' dir='ltr' id='par_1_1' title="bbox 196 137 283 179">
     <span class='ocr_line' id='line_1_1' title="bbox 196 137 283 179; baseline 0 -1"><span class='ocrx_word' id='word_1_1' title='bbox 196 137 283 179; x_wconf 84' lang='lat'>482</span> 
     </span>
    </p>
   </div>
   <div class='ocr_carea' id='block_1_2' title="bbox 852 140 1061 177">
    <p class='ocr_par' dir='ltr' id='par_1_2' title="bbox 852 140 1061 177">
     <span class='ocr_line' id='line_1_2' title="bbox 852 140 1061 177; baseline 0.01 -2"><span class='ocrx_word' id='word_1_2' title='bbox 852 140 1061 177; x_wconf 73' lang='lat' dir='ltr'><strong>HORATH</strong></span> 
     </span>
    </p>
   </div>
   <div class='ocr_carea' id='block_1_3' title="bbox 314 238 1642 510">
    <p class='ocr_par' dir='ltr' id='par_1_3' title="bbox 314 238 1642 442">
     <span class='ocr_line' id='line_1_3' title="bbox 316 238 1605 305; baseline 0.008 -24"><span class='ocrx_word' id='word_1_3' title='bbox 316 238 436 287; x_wconf 82' lang='lat' dir='ltr'>Quae</span> <span class='ocrx_word' id='word_1_4' title='bbox 466 254 580 284; x_wconf 89' lang='lat' dir='ltr'>nunc</span> <span class='ocrx_word' id='word_1_5' title='bbox 611 244 710 283; x_wconf 88' lang='lat' dir='ltr'>sunt</span> <span class='ocrx_word' id='word_1_6' title='bbox 739 242 786 283; x_wconf 92' lang='lat' dir='ltr'>in</span> <span class='ocrx_word' id='word_1_7' title='bbox 815 241 977 286; x_wconf 86' lang='lat' dir='ltr'>honore</span> <span class='ocrx_word' id='word_1_8' title='bbox 1007 244 1234 299; x_wconf 85' lang='lat' dir='ltr'>vocabula,</span> <span class='ocrx_word' id='word_1_9' title='bbox 1266 246 1304 288; x_wconf 86' lang='lat' dir='ltr'>si</span> <span class='ocrx_word' id='word_1_10' title='bbox 1335 247 1456 305; x_wconf 62' lang='lat' dir='ltr'>volet¹</span> <span class='ocrx_word' id='word_1_11' title='bbox 1481 261 1605 301; x_wconf 87' lang='lat' dir='ltr'>usus,</span> 
     </span>
     <span class='ocr_line' id='line_1_4' title="bbox 316 309 1642 374; baseline 0.007 -22"><span class='ocrx_word' id='word_1_12' title='bbox 316 309 454 358; x_wconf 84' lang='lat' dir='ltr'>Quem</span> <span class='ocrx_word' id='word_1_13' title='bbox 484 326 617 367; x_wconf 89' lang='lat' dir='ltr'>penes</span> <span class='ocrx_word' id='word_1_14' title='bbox 649 312 874 355; x_wconf 83' lang='lat' dir='ltr'>arbitrium</span> <span class='ocrx_word' id='word_1_15' title='bbox 906 318 973 356; x_wconf 88' lang='lat' dir='ltr'>est</span> <span class='ocrx_word' id='word_1_16' title='bbox 1004 318 1047 357; x_wconf 91' lang='lat' dir='ltr'>et</span> <span class='ocrx_word' id='word_1_17' title='bbox 1077 316 1143 357; x_wconf 89' lang='lat' dir='ltr'>ius</span> <span class='ocrx_word' id='word_1_18' title='bbox 1176 320 1219 358; x_wconf 92' lang='lat' dir='ltr'>et</span> <span class='ocrx_word' id='word_1_19' title='bbox 1249 331 1399 370; x_wconf 87' lang='lat' dir='ltr'>norma</span> <span class='ocrx_word' id='word_1_20' title='bbox 1427 317 1642 374; x_wconf 88' lang='lat' dir='ltr'>loquendi.</span> 
     </span>
     <span class='ocr_line' id='line_1_5' title="bbox 314 381 1508 442; baseline 0.008 -20"><span class='ocrx_word' id='word_1_21' title='bbox 314 381 403 424; x_wconf 87' lang='lat' dir='ltr'>Res</span> <span class='ocrx_word' id='word_1_22' title='bbox 434 386 582 437; x_wconf 81' lang='lat' dir='ltr'>gestae</span> <span class='ocrx_word' id='word_1_23' title='bbox 613 397 848 440; x_wconf 88' lang='lat' dir='ltr'>regumque</span> <span class='ocrx_word' id='word_1_24' title='bbox 880 384 1120 442; x_wconf 87' lang='lat' dir='ltr'>ducumque</span> <span class='ocrx_word' id='word_1_25' title='bbox 1152 390 1196 429; x_wconf 92' lang='lat' dir='ltr'>et</span> <span class='ocrx_word' id='word_1_26' title='bbox 1225 388 1366 430; x_wconf 89' lang='lat' dir='ltr'>tristia</span> <span class='ocrx_word' id='word_1_27' title='bbox 1396 389 1508 432; x_wconf 89' lang='lat' dir='ltr'>bella</span> 
     </span>
    </p>

    <p class='ocr_par' dir='ltr' id='par_1_4' title="bbox 316 451 1549 510">
     <span class='ocr_line' id='line_1_6' title="bbox 316 451 1549 510; baseline 0.006 -16"><span class='ocrx_word' id='word_1_28' title='bbox 316 451 411 500; x_wconf 84' lang='lat' dir='ltr'>Quo</span> <span class='ocrx_word' id='word_1_29' title='bbox 443 454 572 496; x_wconf 81' lang='lat' dir='ltr'>scribi</span> <span class='ocrx_word' id='word_1_30' title='bbox 602 458 779 510; x_wconf 77' lang='lat' dir='ltr'>possent</span> <span class='ocrx_word' id='word_1_31' title='bbox 808 469 1006 510; x_wconf 89' lang='lat' dir='ltr'>numero,</span> <span class='ocrx_word' id='word_1_32' title='bbox 1038 458 1292 500; x_wconf 83' lang='lat' dir='ltr'>monstravit</span> <span class='ocrx_word' id='word_1_33' title='bbox 1320 458 1549 502; x_wconf 80' lang='lat' dir='ltr'>Homerus.</span> 
     </span>
    </p>
   </div>
   <div class='ocr_carea' id='block_1_4' title="bbox 313 522 1492 586">
    <p class='ocr_par' dir='ltr' id='par_1_5' title="bbox 313 522 1492 586">
     <span class='ocr_line' id='line_1_7' title="bbox 313 522 1492 586; baseline 0.006 -21"><span class='ocrx_word' id='word_1_34' title='bbox 313 522 522 567; x_wconf 85' lang='lat' dir='ltr'>Versibus</span> <span class='ocrx_word' id='word_1_35' title='bbox 553 524 774 582; x_wconf 84' lang='lat' dir='ltr'>impariter</span> <span class='ocrx_word' id='word_1_36' title='bbox 803 527 959 569; x_wconf 88' lang='lat' dir='ltr'>iunctis</span> <span class='ocrx_word' id='word_1_37' title='bbox 990 529 1256 584; x_wconf 83' lang='lat' dir='ltr'>querimonia</span> <span class='ocrx_word' id='word_1_38' title='bbox 1285 530 1492 586; x_wconf 90' lang='lat' dir='ltr'>primum,</span> 
     </span>
    </p>
   </div>
   <div class='ocr_carea' id='block_1_5' title="bbox 1658 531 1712 572">
    <p class='ocr_par' dir='ltr' id='par_1_6' title="bbox 1658 531 1712 572">
     <span class='ocr_line' id='line_1_8' title="bbox 1658 531 1712 572; baseline 0 0"><span class='ocrx_word' id='word_1_39' title='bbox 1658 531 1712 572; x_wconf 84' lang='lat'>75</span> 
     </span>
    </p>
   </div>
   <div class='ocr_carea' id='block_1_6' title="bbox 314 593 1455 657">
    <p class='ocr_par' dir='ltr' id='par_1_7' title="bbox 314 593 1455 657">
     <span class='ocr_line' id='line_1_9' title="bbox 314 593 1455 657; baseline 0.006 -22"><span class='ocrx_word' id='word_1_40' title='bbox 314 593 420 637; x_wconf 85' lang='lat' dir='ltr'>Post</span> <span class='ocrx_word' id='word_1_41' title='bbox 451 596 581 638; x_wconf 90' lang='lat' dir='ltr'>etiam</span> <span class='ocrx_word' id='word_1_42' title='bbox 612 596 777 639; x_wconf 87' lang='lat' dir='ltr'>inclusa</span> <span class='ocrx_word' id='word_1_43' title='bbox 808 602 873 641; x_wconf 89' lang='lat' dir='ltr'>est</span> <span class='ocrx_word' id='word_1_44' title='bbox 903 599 992 640; x_wconf 82' lang='lat' dir='ltr'>voti</span> <span class='ocrx_word' id='word_1_45' title='bbox 1025 601 1238 642; x_wconf 88' lang='lat' dir='ltr'>sententia</span> <span class='ocrx_word' id='word_1_46' title='bbox 1268 614 1455 657; x_wconf 88' lang='lat' dir='ltr'>compos.</span> 
     </span>
    </p>
   </div>
   <div class='ocr_carea' id='block_1_7' title="bbox 192 820 930 2762">
    <p class='ocr_par' dir='ltr' id='par_1_8' title="bbox 192 820 930 2087">
     <span class='ocr_line' id='line_1_10' title="bbox 193 820 928 867; baseline 0.005 -14"><span class='ocrx_word' id='word_1_47' title='bbox 193 820 381 864; x_wconf 89' lang='lat' dir='ltr'>permulta</span> <span class='ocrx_word' id='word_1_48' title='bbox 435 820 548 855; x_wconf 87' lang='lat' dir='ltr'>verba</span> <span class='ocrx_word' id='word_1_49' title='bbox 603 821 771 856; x_wconf 89' lang='lat' dir='ltr'>obsoleta</span> <span class='ocrx_word' id='word_1_50' title='bbox 819 823 928 867; x_wconf 82' lang='lat' dir='ltr'>quasi</span> 
     </span>
     <span class='ocr_line' id='line_1_11' title="bbox 193 867 928 911; baseline 0.005 -11"><span class='ocrx_word' id='word_1_51' title='bbox 193 867 426 911; x_wconf 87' lang='lat' dir='ltr'>postliminio</span> <span class='ocrx_word' id='word_1_52' title='bbox 451 868 490 901; x_wconf 92' lang='lat' dir='ltr'>in</span> <span class='ocrx_word' id='word_1_53' title='bbox 518 879 728 903; x_wconf 88' lang='lat' dir='ltr'>sermonem</span> <span class='ocrx_word' id='word_1_54' title='bbox 751 869 928 904; x_wconf 88' lang='lat' dir='ltr'>Latinum</span> 
     </span>
     <span class='ocr_line' id='line_1_12' title="bbox 194 914 927 960; baseline 0.004 -12"><span class='ocrx_word' id='word_1_55' title='bbox 194 914 402 949; x_wconf 84' lang='lat' dir='ltr'>redierunt.</span> <span class='ocrx_word' id='word_1_56' title='bbox 430 934 473 939; x_wconf 83' lang='lat'><strong>—</strong></span> <span class='ocrx_word' id='word_1_57' title='bbox 507 925 612 958; x_wconf 80' lang='lat' dir='ltr'>usus,</span> <span class='ocrx_word' id='word_1_58' title='bbox 652 917 766 958; x_wconf 82' lang='lat' dir='ltr'>Quem</span> <span class='ocrx_word' id='word_1_59' title='bbox 796 917 927 960; x_wconf 79' lang='lat' dir='ltr'>penes]</span> 
     </span>
     <span class='ocr_line' id='line_1_13' title="bbox 196 962 928 1009; baseline 0.004 -14"><span class='ocrx_word' id='word_1_60' title='bbox 196 962 344 1004; x_wconf 70' lang='lat' dir='ltr'>„Poetis</span> <span class='ocrx_word' id='word_1_61' title='bbox 388 963 497 996; x_wconf 86' lang='lat' dir='ltr'>licuit</span> <span class='ocrx_word' id='word_1_62' title='bbox 537 964 779 1007; x_wconf 81' lang='lat' dir='ltr'>vocabulum,</span> <span class='ocrx_word' id='word_1_63' title='bbox 826 965 928 1009; x_wconf 91' lang='lat' dir='ltr'>quod</span> 
     </span>
     <span class='ocr_line' id='line_1_14' title="bbox 193 1009 927 1054; baseline 0.004 -11"><span class='ocrx_word' id='word_1_64' title='bbox 193 1009 241 1043; x_wconf 87' lang='lat' dir='ltr'>de</span> <span class='ocrx_word' id='word_1_65' title='bbox 279 1010 497 1044; x_wconf 88' lang='lat' dir='ltr'>hominibus</span> <span class='ocrx_word' id='word_1_66' title='bbox 530 1009 748 1054; x_wconf 84' lang='lat' dir='ltr'>dicebatur,</span> <span class='ocrx_word' id='word_1_67' title='bbox 786 1012 833 1045; x_wconf 88' lang='lat' dir='ltr'>ad</span> <span class='ocrx_word' id='word_1_68' title='bbox 867 1023 927 1046; x_wconf 90' lang='lat' dir='ltr'>res</span> 
     </span>
     <span class='ocr_line' id='line_1_15' title="bbox 194 1056 925 1104; baseline 0.003 -13"><span class='ocrx_word' id='word_1_69' title='bbox 194 1056 338 1091; x_wconf 86' lang='lat' dir='ltr'>referre</span> <span class='ocrx_word' id='word_1_70' title='bbox 379 1058 426 1092; x_wconf 86' lang='lat' dir='ltr'>ab</span> <span class='ocrx_word' id='word_1_71' title='bbox 468 1058 685 1092; x_wconf 86' lang='lat' dir='ltr'>hominibus</span> <span class='ocrx_word' id='word_1_72' title='bbox 727 1058 925 1104; x_wconf 84' lang='lat' dir='ltr'>agendas.“</span> 
     </span>
     <span class='ocr_line' id='line_1_16' title="bbox 192 1103 929 1150; baseline 0.003 -12"><span class='ocrx_word' id='word_1_73' title='bbox 192 1103 308 1138; x_wconf 72' lang='lat' dir='ltr'>HAND</span> <span class='ocrx_word' id='word_1_74' title='bbox 344 1104 455 1139; x_wconf 90' lang='lat' dir='ltr'>Turs.</span> <span class='ocrx_word' id='word_1_75' title='bbox 487 1104 551 1138; x_wconf 86' lang='lat' dir='ltr'>IV.</span> <span class='ocrx_word' id='word_1_76' title='bbox 581 1117 618 1150; x_wconf 88' lang='lat' dir='ltr'>p.</span> <span class='ocrx_word' id='word_1_77' title='bbox 644 1107 724 1139; x_wconf 85' lang='lat'>424.</span> <span class='ocrx_word' id='word_1_78' title='bbox 776 1105 929 1140; x_wconf 83' lang='lat' dir='ltr'>Scilicet</span> 
     </span>
     <span class='ocr_line' id='line_1_17' title="bbox 192 1153 928 1198; baseline 0.003 -13"><span class='ocrx_word' id='word_1_79' title='bbox 192 1153 278 1185; x_wconf 74' lang='lat' dir='ltr'>usui</span> <span class='ocrx_word' id='word_1_80' title='bbox 308 1163 375 1197; x_wconf 89' lang='lat' dir='ltr'>per</span> <span class='ocrx_word' id='word_1_81' title='bbox 409 1154 710 1197; x_wconf 85' lang='lat' dir='ltr'>prosopopoeian</span> <span class='ocrx_word' id='word_1_82' title='bbox 741 1153 928 1198; x_wconf 91' lang='lat' dir='ltr'>quandam</span> 
     </span>
     <span class='ocr_line' id='line_1_18' title="bbox 193 1199 929 1244; baseline 0.003 -11"><span class='ocrx_word' id='word_1_83' title='bbox 193 1199 239 1233; x_wconf 89' lang='lat' dir='ltr'>ab</span> <span class='ocrx_word' id='word_1_84' title='bbox 266 1199 422 1234; x_wconf 88' lang='lat' dir='ltr'>Horatio</span> <span class='ocrx_word' id='word_1_85' title='bbox 449 1200 601 1244; x_wconf 81' lang='lat' dir='ltr'>tyranni</span> <span class='ocrx_word' id='word_1_86' title='bbox 627 1200 728 1235; x_wconf 85' lang='lat' dir='ltr'>vices</span> <span class='ocrx_word' id='word_1_87' title='bbox 754 1200 929 1235; x_wconf 89' lang='lat' dir='ltr'>tribuun-</span> 
     </span>
     <span class='ocr_line' id='line_1_19' title="bbox 193 1248 927 1291; baseline 0.003 -11"><span class='ocrx_word' id='word_1_88' title='bbox 193 1249 267 1281; x_wconf 90' lang='lat' dir='ltr'>tur.</span> <span class='ocrx_word' id='word_1_89' title='bbox 295 1266 338 1270; x_wconf 91' lang='lat'><em>—</em></span> <span class='ocrx_word' id='word_1_90' title='bbox 365 1248 613 1281; x_wconf 77' lang='lat' dir='ltr'>arbitrium-et</span> <span class='ocrx_word' id='word_1_91' title='bbox 637 1249 699 1281; x_wconf 85' lang='lat' dir='ltr'>ius</span> <span class='ocrx_word' id='word_1_92' title='bbox 725 1251 757 1281; x_wconf 78' lang='lat' dir='ltr'>et</span> <span class='ocrx_word' id='word_1_93' title='bbox 783 1248 927 1291; x_wconf 72' lang='lat' dir='ltr'>norma]</span> 
     </span>
     <span class='ocr_line' id='line_1_20' title="bbox 195 1293 927 1340; baseline 0.003 -12"><span class='ocrx_word' id='word_1_94' title='bbox 195 1293 377 1329; x_wconf 85' lang='lat' dir='ltr'>Consulto</span> <span class='ocrx_word' id='word_1_95' title='bbox 413 1295 579 1329; x_wconf 85' lang='lat' dir='ltr'>cumulat</span> <span class='ocrx_word' id='word_1_96' title='bbox 612 1295 814 1338; x_wconf 84' lang='lat' dir='ltr'>vocabula,</span> <span class='ocrx_word' id='word_1_97' title='bbox 852 1307 927 1340; x_wconf 91' lang='lat' dir='ltr'>quo</span> 
     </span>
     <span class='ocr_line' id='line_1_21' title="bbox 193 1341 930 1385; baseline 0.003 -10"><span class='ocrx_word' id='word_1_98' title='bbox 193 1341 425 1376; x_wconf 85' lang='lat' dir='ltr'>demonstret</span> <span class='ocrx_word' id='word_1_99' title='bbox 457 1343 713 1377; x_wconf 82' lang='lat' dir='ltr'>necessarium</span> <span class='ocrx_word' id='word_1_100' title='bbox 747 1354 849 1385; x_wconf 90' lang='lat' dir='ltr'>esse,</span> <span class='ocrx_word' id='word_1_101' title='bbox 888 1345 930 1377; x_wconf 91' lang='lat' dir='ltr'>ut</span> 
     </span>
     <span class='ocr_line' id='line_1_22' title="bbox 193 1389 929 1435; baseline 0.003 -12"><span class='ocrx_word' id='word_1_102' title='bbox 193 1390 377 1424; x_wconf 85' lang='lat' dir='ltr'>vocabula</span> <span class='ocrx_word' id='word_1_103' title='bbox 409 1401 431 1424; x_wconf 86' lang='lat' dir='ltr'>a</span> <span class='ocrx_word' id='word_1_104' title='bbox 463 1389 624 1435; x_wconf 86' lang='lat' dir='ltr'>singulis</span> <span class='ocrx_word' id='word_1_105' title='bbox 659 1391 718 1424; x_wconf 87' lang='lat' dir='ltr'>vel</span> <span class='ocrx_word' id='word_1_106' title='bbox 746 1390 844 1425; x_wconf 85' lang='lat' dir='ltr'>facta</span> <span class='ocrx_word' id='word_1_107' title='bbox 869 1391 929 1425; x_wconf 84' lang='lat' dir='ltr'>vel</span> 
     </span>
     <span class='ocr_line' id='line_1_23' title="bbox 194 1437 927 1482; baseline 0.003 -12"><span class='ocrx_word' id='word_1_108' title='bbox 194 1437 402 1481; x_wconf 89' lang='lat' dir='ltr'>composita</span> <span class='ocrx_word' id='word_1_109' title='bbox 436 1448 459 1471; x_wconf 89' lang='lat' dir='ltr'>a</span> <span class='ocrx_word' id='word_1_110' title='bbox 492 1437 767 1472; x_wconf 89' lang='lat' dir='ltr'>consuetudine</span> <span class='ocrx_word' id='word_1_111' title='bbox 792 1449 927 1482; x_wconf 89' lang='lat' dir='ltr'>appro-</span> 
     </span>
     <span class='ocr_line' id='line_1_24' title="bbox 192 1484 927 1527; baseline 0.001 -9"><span class='ocrx_word' id='word_1_112' title='bbox 192 1484 352 1527; x_wconf 88' lang='lat' dir='ltr'>bentur,</span> <span class='ocrx_word' id='word_1_113' title='bbox 386 1484 424 1518; x_wconf 91' lang='lat' dir='ltr'>id</span> <span class='ocrx_word' id='word_1_114' title='bbox 451 1489 526 1527; x_wconf 87' lang='lat' dir='ltr'>est,</span> <span class='ocrx_word' id='word_1_115' title='bbox 553 1488 595 1518; x_wconf 88' lang='lat' dir='ltr'>ut</span> <span class='ocrx_word' id='word_1_116' title='bbox 619 1495 642 1519; x_wconf 88' lang='lat' dir='ltr'>a</span> <span class='ocrx_word' id='word_1_117' title='bbox 666 1485 793 1519; x_wconf 92' lang='lat' dir='ltr'>multis</span> <span class='ocrx_word' id='word_1_118' title='bbox 825 1485 927 1520; x_wconf 88' lang='lat' dir='ltr'>illico</span> 
     </span>
     <span class='ocr_line' id='line_1_25' title="bbox 193 1535 928 1577; baseline 0.001 -12"><span class='ocrx_word' id='word_1_119' title='bbox 193 1535 384 1577; x_wconf 84' lang='lat' dir='ltr'>tamquam</span> <span class='ocrx_word' id='word_1_120' title='bbox 418 1540 521 1566; x_wconf 85' lang='lat' dir='ltr'>recta</span> <span class='ocrx_word' id='word_1_121' title='bbox 553 1535 590 1566; x_wconf 91' lang='lat' dir='ltr'>et</span> <span class='ocrx_word' id='word_1_122' title='bbox 622 1536 710 1577; x_wconf 89' lang='lat' dir='ltr'>apta</span> <span class='ocrx_word' id='word_1_123' title='bbox 743 1543 928 1577; x_wconf 89' lang='lat' dir='ltr'>usurpen-</span> 
     </span>
     <span class='ocr_line' id='line_1_26' title="bbox 194 1579 928 1624; baseline 0.003 -11"><span class='ocrx_word' id='word_1_124' title='bbox 194 1582 277 1614; x_wconf 85' lang='lat' dir='ltr'>tur:</span> <span class='ocrx_word' id='word_1_125' title='bbox 313 1581 509 1613; x_wconf 77' lang='lat' dir='ltr'>arbitrium</span> <span class='ocrx_word' id='word_1_126' title='bbox 541 1582 687 1623; x_wconf 90' lang='lat' dir='ltr'>autem,</span> <span class='ocrx_word' id='word_1_127' title='bbox 721 1579 823 1624; x_wconf 89' lang='lat' dir='ltr'>quod</span> <span class='ocrx_word' id='word_1_128' title='bbox 854 1582 928 1615; x_wconf 90' lang='lat' dir='ltr'>sta-</span> 
     </span>
     <span class='ocr_line' id='line_1_27' title="bbox 195 1627 928 1671; baseline 0.003 -11"><span class='ocrx_word' id='word_1_129' title='bbox 195 1627 338 1661; x_wconf 89' lang='lat' dir='ltr'>tuimus</span> <span class='ocrx_word' id='word_1_130' title='bbox 380 1627 487 1660; x_wconf 87' lang='lat' dir='ltr'>nulla</span> <span class='ocrx_word' id='word_1_131' title='bbox 527 1637 642 1662; x_wconf 84' lang='lat' dir='ltr'>causa</span> <span class='ocrx_word' id='word_1_132' title='bbox 682 1628 812 1671; x_wconf 82' lang='lat' dir='ltr'>allata3</span> <span class='ocrx_word' id='word_1_133' title='bbox 859 1629 928 1671; x_wconf 58' lang='grc' dir='ltr'><strong><em>ἰήιε,</em></strong></span> 
     </span>
     <span class='ocr_line' id='line_1_28' title="bbox 193 1674 929 1721; baseline 0 -13"><span class='ocrx_word' id='word_1_134' title='bbox 193 1674 376 1718; x_wconf 82' lang='lat' dir='ltr'>facultas,</span> <span class='ocrx_word' id='word_1_135' title='bbox 410 1685 520 1719; x_wconf 88' lang='lat' dir='ltr'>quam</span> <span class='ocrx_word' id='word_1_136' title='bbox 546 1675 662 1709; x_wconf 89' lang='lat' dir='ltr'>ceteri</span> <span class='ocrx_word' id='word_1_137' title='bbox 688 1675 788 1709; x_wconf 92' lang='lat' dir='ltr'>ultro</span> <span class='ocrx_word' id='word_1_138' title='bbox 814 1686 929 1721; x_wconf 86' lang='lat' dir='ltr'>agno-</span> 
     </span>
     <span class='ocr_line' id='line_1_29' title="bbox 195 1722 927 1767; baseline 0 -12"><span class='ocrx_word' id='word_1_139' title='bbox 195 1725 328 1766; x_wconf 79' lang='lat' dir='ltr'>scunt3</span> <span class='ocrx_word' id='word_1_140' title='bbox 375 1731 525 1764; x_wconf 76' lang='lat' dir='ltr'>norma,</span> <span class='ocrx_word' id='word_1_141' title='bbox 573 1723 707 1767; x_wconf 90' lang='lat' dir='ltr'>regula</span> <span class='ocrx_word' id='word_1_142' title='bbox 755 1734 778 1757; x_wconf 90' lang='lat' dir='ltr'>a</span> <span class='ocrx_word' id='word_1_143' title='bbox 818 1722 927 1756; x_wconf 90' lang='lat' dir='ltr'>nobis</span> 
     </span>
     <span class='ocr_line' id='line_1_30' title="bbox 193 1769 928 1813; baseline 0 -10"><span class='ocrx_word' id='word_1_144' title='bbox 193 1769 447 1813; x_wconf 87' lang='lat' dir='ltr'>praescripta,</span> <span class='ocrx_word' id='word_1_145' title='bbox 485 1770 547 1803; x_wconf 87' lang='lat' dir='ltr'>cui</span> <span class='ocrx_word' id='word_1_146' title='bbox 585 1769 700 1803; x_wconf 89' lang='lat' dir='ltr'>ceteri</span> <span class='ocrx_word' id='word_1_147' title='bbox 739 1770 928 1813; x_wconf 86' lang='lat' dir='ltr'>obtempe-</span> 
     </span>
     <span class='ocr_line' id='line_1_31' title="bbox 193 1817 928 1860; baseline -0.001 -10"><span class='ocrx_word' id='word_1_148' title='bbox 193 1819 289 1850; x_wconf 84' lang='lat' dir='ltr'>rant.</span> <span class='ocrx_word' id='word_1_149' title='bbox 339 1817 453 1850; x_wconf 89' lang='lat' dir='ltr'>Hunc</span> <span class='ocrx_word' id='word_1_150' title='bbox 485 1819 611 1850; x_wconf 83' lang='lat' dir='ltr'>autem</span> <span class='ocrx_word' id='word_1_151' title='bbox 644 1817 831 1860; x_wconf 89' lang='lat' dir='ltr'>triplicem</span> <span class='ocrx_word' id='word_1_152' title='bbox 864 1827 928 1849; x_wconf 83' lang='lat' dir='ltr'>vo-</span> 
     </span>
     <span class='ocr_line' id='line_1_32' title="bbox 193 1863 928 1908; baseline 0 -12"><span class='ocrx_word' id='word_1_153' title='bbox 193 1863 350 1898; x_wconf 84' lang='lat' dir='ltr'>luntatis</span> <span class='ocrx_word' id='word_1_154' title='bbox 376 1865 528 1897; x_wconf 87' lang='lat' dir='ltr'>nostrae</span> <span class='ocrx_word' id='word_1_155' title='bbox 563 1863 824 1908; x_wconf 84' lang='lat' dir='ltr'>exsequendae</span> <span class='ocrx_word' id='word_1_156' title='bbox 850 1873 928 1896; x_wconf 90' lang='lat' dir='ltr'>mo-</span> 
     </span>
     <span class='ocr_line' id='line_1_33' title="bbox 193 1910 926 1955; baseline 0 -11"><span class='ocrx_word' id='word_1_157' title='bbox 193 1910 282 1944; x_wconf 88' lang='lat' dir='ltr'>dum</span> <span class='ocrx_word' id='word_1_158' title='bbox 302 1910 389 1944; x_wconf 89' lang='lat' dir='ltr'>usui</span> <span class='ocrx_word' id='word_1_159' title='bbox 406 1910 588 1955; x_wconf 90' lang='lat' dir='ltr'>loquendi</span> <span class='ocrx_word' id='word_1_160' title='bbox 607 1910 781 1944; x_wconf 86' lang='lat' dir='ltr'>attribuit</span> <span class='ocrx_word' id='word_1_161' title='bbox 805 1912 926 1955; x_wconf 68' lang='lat' dir='ltr'>poeta.</span> 
     </span>
     <span class='ocr_line' id='line_1_34' title="bbox 195 1957 928 2002; baseline -0.001 -10"><span class='ocrx_word' id='word_1_162' title='bbox 195 1957 270 1992; x_wconf 82' lang='lat' dir='ltr'>cfr.</span> <span class='ocrx_word' id='word_1_163' title='bbox 295 1957 390 2002; x_wconf 86' lang='lat' dir='ltr'>Epp.</span> <span class='ocrx_word' id='word_1_164' title='bbox 417 1959 455 2000; x_wconf 84' lang='lat'>2,</span> <span class='ocrx_word' id='word_1_165' title='bbox 481 1959 514 2001; x_wconf 88' lang='grc'>2,</span> <span class='ocrx_word' id='word_1_166' title='bbox 543 1960 629 1992; x_wconf 83' lang='grc'>119;</span> <span class='ocrx_word' id='word_1_167' title='bbox 661 1959 839 1991; x_wconf 72' lang='lat' dir='ltr'>Adsciscel</span> <span class='ocrx_word' id='word_1_168' title='bbox 864 1966 928 1991; x_wconf 71' lang='lat' dir='ltr'>‘no-</span> 
     </span>
     <span class='ocr_line' id='line_1_35' title="bbox 192 2005 928 2048; baseline -0.003 -8"><span class='ocrx_word' id='word_1_169' title='bbox 192 2015 239 2040; x_wconf 82' lang='lat' dir='ltr'>va</span> <span class='ocrx_word' id='word_1_170' title='bbox 266 2005 514 2048; x_wconf 82' lang='lat' dir='ltr'>(vocabula),</span> <span class='ocrx_word' id='word_1_171' title='bbox 547 2014 641 2047; x_wconf 85' lang='lat' dir='ltr'>quae</span> <span class='ocrx_word' id='word_1_172' title='bbox 675 2006 818 2047; x_wconf 75' lang='lat' dir='ltr'>aenitor</span> <span class='ocrx_word' id='word_1_173' title='bbox 838 2013 928 2047; x_wconf 84' lang='lat' dir='ltr'>pro-</span> 
     </span>
     <span class='ocr_line' id='line_1_36' title="bbox 192 2054 464 2087; baseline -0.004 -1"><span class='ocrx_word' id='word_1_174' title='bbox 192 2054 340 2087; x_wconf 69' lang='lat' dir='ltr'>duxerit</span> <span class='ocrx_word' id='word_1_175' title='bbox 366 2061 464 2086; x_wconf 80' lang='lat' dir='ltr'>usus.</span> 
     </span>
    </p>

    <p class='ocr_par' dir='ltr' id='par_1_9' title="bbox 192 2099 929 2762">
     <span class='ocr_line' id='line_1_37' title="bbox 241 2099 928 2145; baseline -0.003 -11"><span class='ocrx_word' id='word_1_176' title='bbox 241 2102 392 2134; x_wconf 76' lang='lat'>73—78.</span> <span class='ocrx_word' id='word_1_177' title='bbox 426 2099 504 2134; x_wconf 87' lang='lat' dir='ltr'>Iam</span> <span class='ocrx_word' id='word_1_178' title='bbox 537 2099 716 2144; x_wconf 89' lang='lat' dir='ltr'>expositis</span> <span class='ocrx_word' id='word_1_179' title='bbox 742 2099 928 2145; x_wconf 86' lang='lat' dir='ltr'>generali-</span> 
     </span>
     <span class='ocr_line' id='line_1_38' title="bbox 192 2146 927 2191; baseline -0.003 -9"><span class='ocrx_word' id='word_1_180' title='bbox 192 2148 263 2182; x_wconf 89' lang='lat' dir='ltr'>bus</span> <span class='ocrx_word' id='word_1_181' title='bbox 302 2147 348 2181; x_wconf 92' lang='lat' dir='ltr'>de</span> <span class='ocrx_word' id='word_1_182' title='bbox 385 2147 623 2190; x_wconf 81' lang='lat' dir='ltr'>inventione,</span> <span class='ocrx_word' id='word_1_183' title='bbox 666 2146 927 2191; x_wconf 86' lang='lat' dir='ltr'>dispositione,</span> 
     </span>
     <span class='ocr_line' id='line_1_39' title="bbox 193 2195 929 2240; baseline -0.001 -11"><span class='ocrx_word' id='word_1_184' title='bbox 193 2195 280 2229; x_wconf 88' lang='lat' dir='ltr'>stilo</span> <span class='ocrx_word' id='word_1_185' title='bbox 314 2195 525 2240; x_wconf 86' lang='lat' dir='ltr'>praeceptis</span> <span class='ocrx_word' id='word_1_186' title='bbox 559 2205 616 2228; x_wconf 77' lang='lat' dir='ltr'>vv·</span> <span class='ocrx_word' id='word_1_187' title='bbox 643 2195 795 2228; x_wconf 82' lang='lat'><strong>73—85.</strong></span> <span class='ocrx_word' id='word_1_188' title='bbox 821 2205 929 2238; x_wconf 88' lang='lat' dir='ltr'>prae-</span> 
     </span>
     <span class='ocr_line' id='line_1_40' title="bbox 194 2242 928 2287; baseline -0.001 -11"><span class='ocrx_word' id='word_1_189' title='bbox 194 2242 306 2287; x_wconf 90' lang='lat' dir='ltr'>cipua</span> <span class='ocrx_word' id='word_1_190' title='bbox 338 2242 464 2287; x_wconf 88' lang='lat' dir='ltr'>poesis</span> <span class='ocrx_word' id='word_1_191' title='bbox 498 2253 638 2287; x_wconf 83' lang='lat' dir='ltr'>genera</span> <span class='ocrx_word' id='word_1_192' title='bbox 663 2244 860 2275; x_wconf 88' lang='lat' dir='ltr'>enumerat</span> <span class='ocrx_word' id='word_1_193' title='bbox 884 2251 928 2276; x_wconf 91' lang='lat' dir='ltr'>ac</span> 
     </span>
     <span class='ocr_line' id='line_1_41' title="bbox 193 2289 927 2333; baseline -0.001 -10"><span class='ocrx_word' id='word_1_194' title='bbox 193 2289 386 2332; x_wconf 88' lang='lat' dir='ltr'>describit,</span> <span class='ocrx_word' id='word_1_195' title='bbox 404 2300 555 2324; x_wconf 88' lang='lat' dir='ltr'>carmen</span> <span class='ocrx_word' id='word_1_196' title='bbox 573 2290 733 2333; x_wconf 88' lang='lat' dir='ltr'>epicum,</span> <span class='ocrx_word' id='word_1_197' title='bbox 759 2289 927 2333; x_wconf 84' lang='lat' dir='ltr'>elegiam,</span> 
     </span>
     <span class='ocr_line' id='line_1_42' title="bbox 192 2336 928 2381; baseline -0.003 -9.955"><span class='ocrx_word' id='word_1_198' title='bbox 192 2337 355 2379; x_wconf 86' lang='lat' dir='ltr'>iambos,</span> <span class='ocrx_word' id='word_1_199' title='bbox 398 2337 647 2379; x_wconf 88' lang='lat' dir='ltr'>comoediam,</span> <span class='ocrx_word' id='word_1_200' title='bbox 685 2336 928 2381; x_wconf 84' lang='lat' dir='ltr'>tragoediam,</span> 
     </span>
     <span class='ocr_line' id='line_1_43' title="bbox 193 2384 927 2430; baseline -0.001 -12"><span class='ocrx_word' id='word_1_201' title='bbox 193 2395 313 2430; x_wconf 78' lang='lat' dir='ltr'>genus</span> <span class='ocrx_word' id='word_1_202' title='bbox 339 2384 513 2429; x_wconf 81' lang='lat' dir='ltr'>lyricum,</span> <span class='ocrx_word' id='word_1_203' title='bbox 538 2384 689 2429; x_wconf 86' lang='lat' dir='ltr'>singula</span> <span class='ocrx_word' id='word_1_204' title='bbox 705 2384 927 2428; x_wconf 88' lang='lat' dir='ltr'>praesertim</span> 
     </span>
     <span class='ocr_line' id='line_1_44' title="bbox 193 2431 928 2476; baseline -0.003 -10"><span class='ocrx_word' id='word_1_205' title='bbox 193 2431 239 2466; x_wconf 86' lang='lat' dir='ltr'>ab</span> <span class='ocrx_word' id='word_1_206' title='bbox 265 2432 458 2476; x_wconf 87' lang='lat' dir='ltr'>aptissimo</span> <span class='ocrx_word' id='word_1_207' title='bbox 485 2431 644 2476; x_wconf 89' lang='lat' dir='ltr'>singulis</span> <span class='ocrx_word' id='word_1_208' title='bbox 663 2441 841 2465; x_wconf 87' lang='lat' dir='ltr'>versuum</span> <span class='ocrx_word' id='word_1_209' title='bbox 866 2442 928 2476; x_wconf 89' lang='lat' dir='ltr'>ge-</span> 
     </span>
     <span class='ocr_line' id='line_1_45' title="bbox 194 2479 927 2524; baseline -0.001 -12"><span class='ocrx_word' id='word_1_210' title='bbox 194 2490 285 2513; x_wconf 90' lang='lat' dir='ltr'>nere</span> <span class='ocrx_word' id='word_1_211' title='bbox 312 2479 527 2524; x_wconf 86' lang='lat' dir='ltr'>designans.</span> <span class='ocrx_word' id='word_1_212' title='bbox 548 2498 590 2502; x_wconf 93' lang='lat'>—</span> <span class='ocrx_word' id='word_1_213' title='bbox 611 2480 689 2520; x_wconf 85' lang='lat' dir='ltr'>Quo</span> <span class='ocrx_word' id='word_1_214' title='bbox 713 2479 823 2511; x_wconf 82' lang='lat' dir='ltr'>scribi</span> <span class='ocrx_word' id='word_1_215' title='bbox 844 2487 927 2520; x_wconf 78' lang='lat' dir='ltr'>pos·</span> 
     </span>
     <span class='ocr_line' id='line_1_46' title="bbox 193 2525 927 2570; baseline -0.001 -10"><span class='ocrx_word' id='word_1_216' title='bbox 193 2526 286 2569; x_wconf 74' lang='lat' dir='ltr'>sent]</span> <span class='ocrx_word' id='word_1_217' title='bbox 304 2525 429 2560; x_wconf 83' lang='lat' dir='ltr'>Adde:</span> <span class='ocrx_word' id='word_1_218' title='bbox 458 2537 604 2570; x_wconf 85' lang='lat' dir='ltr'>„neque</span> <span class='ocrx_word' id='word_1_219' title='bbox 629 2536 717 2559; x_wconf 84' lang='lat' dir='ltr'>vero</span> <span class='ocrx_word' id='word_1_220' title='bbox 736 2525 809 2559; x_wconf 90' lang='lat' dir='ltr'>alio</span> <span class='ocrx_word' id='word_1_221' title='bbox 836 2526 927 2559; x_wconf 91' lang='lat' dir='ltr'>scri-</span> 
     </span>
     <span class='ocr_line' id='line_1_47' title="bbox 194 2572 927 2613; baseline -0.001 -6"><span class='ocrx_word' id='word_1_222' title='bbox 194 2574 232 2608; x_wconf 93' lang='lat' dir='ltr'>bi</span> <span class='ocrx_word' id='word_1_223' title='bbox 271 2573 486 2607; x_wconf 80' lang='lat' dir='ltr'>deberent.“</span> <span class='ocrx_word' id='word_1_224' title='bbox 538 2573 692 2607; x_wconf 87' lang='lat' dir='ltr'>Aristot.</span> <span class='ocrx_word' id='word_1_225' title='bbox 729 2572 834 2607; x_wconf 73' lang='lat' dir='ltr'>Post.</span> <span class='ocrx_word' id='word_1_226' title='bbox 870 2575 927 2613; x_wconf 80' lang='grc'>24,</span> 
     </span>
     <span class='ocr_line' id='line_1_48' title="bbox 195 2617 926 2676; baseline -0.001 -22"><span class='ocrx_word' id='word_1_227' title='bbox 195 2623 235 2654; x_wconf 90' lang='lat'>8:</span> <span class='ocrx_word' id='word_1_228' title='bbox 276 2619 328 2654; x_wconf 83' lang='grc' dir='ltr'>Τὸ</span> <span class='ocrx_word' id='word_1_229' title='bbox 354 2620 392 2653; x_wconf 73' lang='grc' dir='ltr'>δὲ</span> <span class='ocrx_word' id='word_1_230' title='bbox 417 2621 559 2676; x_wconf 81' lang='grc' dir='ltr'>μέτοον</span> <span class='ocrx_word' id='word_1_231' title='bbox 584 2618 628 2653; x_wconf 83' lang='grc' dir='ltr'>τὸ</span> <span class='ocrx_word' id='word_1_232' title='bbox 655 2617 824 2674; x_wconf 78' lang='grc' dir='ltr'><em>ἡρωϊκὸν</em></span> <span class='ocrx_word' id='word_1_233' title='bbox 849 2617 926 2653; x_wconf 80' lang='grc' dir='ltr'>ἀπὸ</span> 
     </span>
     <span class='ocr_line' id='line_1_49' title="bbox 193 2663 927 2724; baseline -0.001 -23"><span class='ocrx_word' id='word_1_234' title='bbox 193 2667 263 2724; x_wconf 69' lang='grc' dir='ltr'>τῆς</span> <span class='ocrx_word' id='word_1_235' title='bbox 289 2670 421 2715; x_wconf 67' lang='grc' dir='ltr'><em>πείρας</em></span> <span class='ocrx_word' id='word_1_236' title='bbox 444 2663 624 2715; x_wconf 71' lang='grc' dir='ltr'>ήρμΟκὲ-ΊΓ</span> <span class='ocrx_word' id='word_1_237' title='bbox 651 2669 686 2701; x_wconf 77' lang='grc' dir='ltr'>εἰ</span> <span class='ocrx_word' id='word_1_238' title='bbox 707 2679 781 2714; x_wconf 75' lang='grc' dir='ltr'>γαρ</span> <span class='ocrx_word' id='word_1_239' title='bbox 807 2678 862 2709; x_wconf 71' lang='lat' dir='ltr'>‘ng</span> <span class='ocrx_word' id='word_1_240' title='bbox 887 2667 927 2700; x_wconf 71' lang='grc' dir='ltr'>ἐν</span> 
     </span>
     <span class='ocr_line' id='line_1_50' title="bbox 193 2711 926 2762; baseline 0 -14"><span class='ocrx_word' id='word_1_241' title='bbox 193 2711 295 2761; x_wconf 67' lang='lat'>‘&#39;170«)</span> <span class='ocrx_word' id='word_1_242' title='bbox 343 2717 418 2749; x_wconf 82' lang='grc' dir='ltr'>τινὶ</span> <span class='ocrx_word' id='word_1_243' title='bbox 463 2716 589 2762; x_wconf 81' lang='grc' dir='ltr'>μέτρῳ</span> <span class='ocrx_word' id='word_1_244' title='bbox 645 2712 926 2759; x_wconf 80' lang='grc' dir='ltr'>ὄιηγηματικήν</span> 
     </span>
    </p>
   </div>
   <div class='ocr_carea' id='block_1_8' title="bbox 974 821 1730 2772">
    <p class='ocr_par' dir='ltr' id='par_1_10' title="bbox 974 821 1730 2756">
     <span class='ocr_line' id='line_1_51' title="bbox 976 821 1712 869; baseline 0.006 -13"><span class='ocrx_word' id='word_1_245' title='bbox 976 824 1142 867; x_wconf 81' lang='grc' dir='ltr'>μίμησιν</span> <span class='ocrx_word' id='word_1_246' title='bbox 1193 829 1345 858; x_wconf 79' lang='grc' dir='ltr'><em>τοιοΐτο</em></span> <span class='ocrx_word' id='word_1_247' title='bbox 1387 821 1412 869; x_wconf 81' lang='grc' dir='ltr'><em>ἢ</em></span> <span class='ocrx_word' id='word_1_248' title='bbox 1455 825 1495 859; x_wconf 81' lang='grc' dir='ltr'>ἐν</span> <span class='ocrx_word' id='word_1_249' title='bbox 1546 826 1712 869; x_wconf 81' lang='grc' dir='ltr'><em>πολλοῖς,</em></span> 
     </span>
     <span class='ocr_line' id='line_1_52' title="bbox 977 867 1712 918; baseline 0.007 -15"><span class='ocrx_word' id='word_1_250' title='bbox 977 868 1141 918; x_wconf 77' lang='grc' dir='ltr'><strong><em>απρεπὲς</em></strong></span> <span class='ocrx_word' id='word_1_251' title='bbox 1165 867 1214 905; x_wconf 81' lang='grc' dir='ltr'>ἄν</span> <span class='ocrx_word' id='word_1_252' title='bbox 1249 873 1442 913; x_wconf 82' lang='grc' dir='ltr'><em>φαίνοιτο.</em></span> <span class='ocrx_word' id='word_1_253' title='bbox 1470 892 1513 897; x_wconf 89' lang='grc'>-</span> <span class='ocrx_word' id='word_1_254' title='bbox 1539 875 1712 918; x_wconf 75' lang='lat' dir='ltr'>numero]</span> 
     </span>
     <span class='ocr_line' id='line_1_53' title="bbox 977 918 1712 955; baseline 0.005 -4"><span class='ocrx_word' id='word_1_255' title='bbox 977 918 1012 951; x_wconf 91' lang='lat' dir='ltr'>h.</span> <span class='ocrx_word' id='word_1_256' title='bbox 1047 919 1070 951; x_wconf 96' lang='lat' dir='ltr'>l.</span> <span class='ocrx_word' id='word_1_257' title='bbox 1104 919 1341 954; x_wconf 85' lang='lat' dir='ltr'>hexametris.</span> <span class='ocrx_word' id='word_1_258' title='bbox 1368 939 1411 944; x_wconf 89' lang='lat'>—-</span> <span class='ocrx_word' id='word_1_259' title='bbox 1450 922 1615 955; x_wconf 73' lang='lat' dir='ltr'>Versibus</span> <span class='ocrx_word' id='word_1_260' title='bbox 1646 923 1712 955; x_wconf 78' lang='lat' dir='ltr'>im-</span> 
     </span>
     <span class='ocr_line' id='line_1_54' title="bbox 974 967 1713 1010; baseline 0.007 -12"><span class='ocrx_word' id='word_1_261' title='bbox 974 967 1120 1006; x_wconf 70' lang='lat' dir='ltr'>pariter</span> <span class='ocrx_word' id='word_1_262' title='bbox 1168 967 1323 1010; x_wconf 77' lang='lat' dir='ltr'>iunctis]</span> <span class='ocrx_word' id='word_1_263' title='bbox 1376 968 1632 1010; x_wconf 87' lang='lat' dir='ltr'>„hexametris</span> <span class='ocrx_word' id='word_1_264' title='bbox 1675 971 1713 1003; x_wconf 87' lang='lat' dir='ltr'>et</span> 
     </span>
     <span class='ocr_line' id='line_1_55' title="bbox 976 1014 1712 1056; baseline 0.007 -10"><span class='ocrx_word' id='word_1_265' title='bbox 976 1014 1220 1056; x_wconf 88' lang='lat' dir='ltr'>pentametris</span> <span class='ocrx_word' id='word_1_266' title='bbox 1252 1014 1564 1049; x_wconf 85' lang='lat' dir='ltr'>alternantibus.“</span> <span class='ocrx_word' id='word_1_267' title='bbox 1617 1015 1712 1051; x_wconf 85' lang='lat' dir='ltr'>Cha-</span> 
     </span>
     <span class='ocr_line' id='line_1_56' title="bbox 977 1060 1712 1105; baseline 0.004 -12"><span class='ocrx_word' id='word_1_268' title='bbox 977 1060 1091 1094; x_wconf 92' lang='lat' dir='ltr'>risius</span> <span class='ocrx_word' id='word_1_269' title='bbox 1117 1062 1151 1094; x_wconf 86' lang='lat'>2.</span> <span class='ocrx_word' id='word_1_270' title='bbox 1178 1072 1213 1105; x_wconf 95' lang='lat' dir='ltr'>p.</span> <span class='ocrx_word' id='word_1_271' title='bbox 1241 1063 1320 1095; x_wconf 82' lang='lat'>182.</span> <span class='ocrx_word' id='word_1_272' title='bbox 1346 1061 1407 1095; x_wconf 88' lang='lat' dir='ltr'>P.:</span> <span class='ocrx_word' id='word_1_273' title='bbox 1433 1064 1646 1104; x_wconf 82' lang='lat' dir='ltr'>Impariler.</span> <span class='ocrx_word' id='word_1_274' title='bbox 1665 1081 1680 1089; x_wconf 85' lang='lat'><em>-</em></span> <span class='ocrx_word' id='word_1_275' title='bbox 1696 1082 1712 1089; x_wconf 88' lang='lat'>-</span> 
     </span>
     <span class='ocr_line' id='line_1_57' title="bbox 979 1108 1730 1151; baseline 0.004 -11"><span class='ocrx_word' id='word_1_276' title='bbox 979 1108 1018 1149; x_wconf 84' lang='lat' dir='ltr'>Q.</span> <span class='ocrx_word' id='word_1_277' title='bbox 1049 1109 1238 1142; x_wconf 78' lang='lat' dir='ltr'>Terentius</span> <span class='ocrx_word' id='word_1_278' title='bbox 1269 1110 1430 1142; x_wconf 76' lang='lat' dir='ltr'>Scaurus</span> <span class='ocrx_word' id='word_1_279' title='bbox 1462 1111 1502 1142; x_wconf 74' lang='lat' dir='ltr'>iu</span> <span class='ocrx_word' id='word_1_280' title='bbox 1536 1118 1730 1151; x_wconf 67' lang='lat' dir='ltr'>commm-¹</span> 
     </span>
     <span class='ocr_line' id='line_1_58' title="bbox 977 1156 1710 1197; baseline 0.005 -10"><span class='ocrx_word' id='word_1_281' title='bbox 977 1156 1082 1188; x_wconf 68' lang='lat' dir='ltr'>:ariis</span> <span class='ocrx_word' id='word_1_282' title='bbox 1114 1156 1154 1188; x_wconf 73' lang='lat' dir='ltr'>in</span> <span class='ocrx_word' id='word_1_283' title='bbox 1186 1158 1303 1189; x_wconf 78' lang='lat' dir='ltr'>artem</span> <span class='ocrx_word' id='word_1_284' title='bbox 1332 1157 1516 1197; x_wconf 67' lang='lat' dir='ltr'>poeticam</span> <span class='ocrx_word' id='word_1_285' title='bbox 1550 1157 1610 1190; x_wconf 79' lang='lat' dir='ltr'>lib.</span> <span class='ocrx_word' id='word_1_286' title='bbox 1644 1159 1710 1191; x_wconf 81' lang='lat' dir='ltr'>X.:</span> 
     </span>
     <span class='ocr_line' id='line_1_59' title="bbox 976 1202 1711 1246; baseline 0.003 -11"><span class='ocrx_word' id='word_1_287' title='bbox 976 1202 1462 1246; x_wconf 77' lang='lat' dir='ltr'>Adverbium,iu‹1uit‚</span> <span class='ocrx_word' id='word_1_288' title='bbox 1527 1204 1711 1245; x_wconf 64' lang='lat' dir='ltr'>sicura-</span> 
     </span>
     <span class='ocr_line' id='line_1_60' title="bbox 977 1249 1710 1294; baseline 0.004 -12"><span class='ocrx_word' id='word_1_289' title='bbox 977 1250 1057 1292; x_wconf 80' lang='lat' dir='ltr'>vit3</span> <span class='ocrx_word' id='word_1_290' title='bbox 1083 1249 1121 1282; x_wconf 90' lang='lat' dir='ltr'>id</span> <span class='ocrx_word' id='word_1_291' title='bbox 1147 1252 1220 1283; x_wconf 87' lang='lat' dir='ltr'>est.</span> <span class='ocrx_word' id='word_1_292' title='bbox 1245 1249 1393 1284; x_wconf 86' lang='lat' dir='ltr'>Horatii</span> <span class='ocrx_word' id='word_1_293' title='bbox 1420 1250 1568 1292; x_wconf 81' lang='lat' dir='ltr'>(saltem</span> <span class='ocrx_word' id='word_1_294' title='bbox 1593 1261 1710 1294; x_wconf 87' lang='lat' dir='ltr'>nunc,</span> 
     </span>
     <span class='ocr_line' id='line_1_61' title="bbox 977 1296 1711 1351; baseline 0.003 -21"><span class='ocrx_word' id='word_1_295' title='bbox 977 1299 1175 1341; x_wconf 88' lang='lat' dir='ltr'>postquam</span> <span class='ocrx_word' id='word_1_296' title='bbox 1216 1298 1270 1331; x_wconf 91' lang='lat' dir='ltr'>tot</span> <span class='ocrx_word' id='word_1_297' title='bbox 1312 1296 1516 1351; x_wconf 83' lang='lat' dir='ltr'>scriptores</span> <span class='ocrx_word' id='word_1_298' title='bbox 1553 1297 1711 1333; x_wconf 85' lang='lat' dir='ltr'>Latinos</span> 
     </span>
     <span class='ocr_line' id='line_1_62' title="bbox 977 1339 1711 1390; baseline 0.001 -12"><span class='ocrx_word' id='word_1_299' title='bbox 977 1343 1233 1388; x_wconf 87' lang='lat' dir='ltr'>perdidimus)</span> <span class='ocrx_word' id='word_1_300' title='bbox 1268 1346 1325 1378; x_wconf 89' lang='lat' dir='ltr'>est</span> <span class='ocrx_word' id='word_1_301' title='bbox 1357 1339 1461 1387; x_wconf 78' lang='grc' dir='ltr'><em>ἅπαξ</em></span> <span class='ocrx_word' id='word_1_302' title='bbox 1491 1342 1711 1390; x_wconf 79' lang='grc' dir='ltr'>λεγόμενον,</span> 
     </span>
     <span class='ocr_line' id='line_1_63' title="bbox 979 1388 1709 1436; baseline 0.001 -11"><span class='ocrx_word' id='word_1_303' title='bbox 979 1390 1210 1425; x_wconf 83' lang='lat' dir='ltr'>Graecorum</span> <span class='ocrx_word' id='word_1_304' title='bbox 1227 1388 1380 1433; x_wconf 76' lang='grc' dir='ltr'><em>ἀνίσως.</em></span> <span class='ocrx_word' id='word_1_305' title='bbox 1400 1411 1443 1415; x_wconf 93' lang='grc'>-</span> <span class='ocrx_word' id='word_1_306' title='bbox 1463 1393 1709 1436; x_wconf 76' lang='lat' dir='ltr'>querimonia]</span> 
     </span>
     <span class='ocr_line' id='line_1_64' title="bbox 977 1438 1711 1485; baseline 0.003 -13"><span class='ocrx_word' id='word_1_307' title='bbox 977 1449 1054 1472; x_wconf 92' lang='lat' dir='ltr'>non</span> <span class='ocrx_word' id='word_1_308' title='bbox 1080 1438 1126 1473; x_wconf 87' lang='lat' dir='ltr'>de</span> <span class='ocrx_word' id='word_1_309' title='bbox 1153 1439 1290 1484; x_wconf 87' lang='lat' dir='ltr'>spretis</span> <span class='ocrx_word' id='word_1_310' title='bbox 1315 1450 1338 1473; x_wconf 86' lang='lat' dir='ltr'>a</span> <span class='ocrx_word' id='word_1_311' title='bbox 1353 1439 1492 1483; x_wconf 88' lang='lat' dir='ltr'>puellis</span> <span class='ocrx_word' id='word_1_312' title='bbox 1516 1441 1711 1485; x_wconf 71' lang='lat' dir='ltr'>poetarum</span> 
     </span>
     <span class='ocr_line' id='line_1_65' title="bbox 976 1485 1711 1527; baseline 0.004 -8"><span class='ocrx_word' id='word_1_313' title='bbox 976 1485 1188 1527; x_wconf 88' lang='lat' dir='ltr'>amoribus,</span> <span class='ocrx_word' id='word_1_314' title='bbox 1226 1486 1293 1520; x_wconf 89' lang='lat' dir='ltr'>sed</span> <span class='ocrx_word' id='word_1_315' title='bbox 1330 1486 1455 1521; x_wconf 84' lang='lat' dir='ltr'>luctus</span> <span class='ocrx_word' id='word_1_316' title='bbox 1489 1489 1528 1521; x_wconf 88' lang='lat' dir='ltr'>et</span> <span class='ocrx_word' id='word_1_317' title='bbox 1563 1497 1711 1522; x_wconf 89' lang='lat' dir='ltr'>maeror</span> 
     </span>
     <span class='ocr_line' id='line_1_66' title="bbox 977 1533 1710 1580; baseline 0.003 -13"><span class='ocrx_word' id='word_1_318' title='bbox 977 1533 1023 1567; x_wconf 90' lang='lat' dir='ltr'>de</span> <span class='ocrx_word' id='word_1_319' title='bbox 1072 1533 1204 1568; x_wconf 89' lang='lat' dir='ltr'>amicis</span> <span class='ocrx_word' id='word_1_320' title='bbox 1252 1533 1314 1568; x_wconf 83' lang='lat' dir='ltr'>vel</span> <span class='ocrx_word' id='word_1_321' title='bbox 1362 1534 1506 1568; x_wconf 77' lang='lat' dir='ltr'>civibus</span> <span class='ocrx_word' id='word_1_322' title='bbox 1549 1535 1710 1580; x_wconf 80' lang='lat' dir='ltr'>egregiis</span> 
     </span>
     <span class='ocr_line' id='line_1_67' title="bbox 976 1577 1711 1636; baseline 0.001 -22"><span class='ocrx_word' id='word_1_323' title='bbox 976 1583 1095 1615; x_wconf 86' lang='lat' dir='ltr'>morte</span> <span class='ocrx_word' id='word_1_324' title='bbox 1146 1580 1298 1625; x_wconf 82' lang='lat' dir='ltr'>ereptis.</span> <span class='ocrx_word' id='word_1_325' title='bbox 1348 1577 1554 1636; x_wconf 77' lang='grc' dir='ltr'><em>Θρηνώόη,</em></span> <span class='ocrx_word' id='word_1_326' title='bbox 1602 1581 1711 1627; x_wconf 89' lang='lat' dir='ltr'>lugu·-</span> 
     </span>
     <span class='ocr_line' id='line_1_68' title="bbox 976 1627 1710 1674; baseline 0 -12"><span class='ocrx_word' id='word_1_327' title='bbox 976 1627 1100 1671; x_wconf 89' lang='lat' dir='ltr'>brem,</span> <span class='ocrx_word' id='word_1_328' title='bbox 1147 1628 1262 1674; x_wconf 82' lang='lat' dir='ltr'>igitur</span> <span class='ocrx_word' id='word_1_329' title='bbox 1309 1628 1456 1673; x_wconf 85' lang='lat' dir='ltr'>putavit</span> <span class='ocrx_word' id='word_1_330' title='bbox 1503 1628 1622 1663; x_wconf 83' lang='lat' dir='ltr'>fuisse</span> <span class='ocrx_word' id='word_1_331' title='bbox 1663 1628 1710 1662; x_wconf 90' lang='lat' dir='ltr'>ab</span> 
     </span>
     <span class='ocr_line' id='line_1_69' title="bbox 976 1674 1709 1721; baseline 0.001 -13"><span class='ocrx_word' id='word_1_332' title='bbox 976 1675 1086 1710; x_wconf 90' lang='lat' dir='ltr'>initio</span> <span class='ocrx_word' id='word_1_333' title='bbox 1121 1675 1301 1721; x_wconf 84' lang='lat' dir='ltr'>elegiam,</span> <span class='ocrx_word' id='word_1_334' title='bbox 1335 1679 1506 1718; x_wconf 86' lang='lat' dir='ltr'>secutus,</span> <span class='ocrx_word' id='word_1_335' title='bbox 1540 1678 1582 1709; x_wconf 85' lang='lat' dir='ltr'>ut</span> <span class='ocrx_word' id='word_1_336' title='bbox 1607 1674 1709 1709; x_wconf 81' lang='lat' dir='ltr'>vide-</span> 
     </span>
     <span class='ocr_line' id='line_1_70' title="bbox 976 1701 1708 1765; baseline 0 -9"><span class='ocrx_word' id='word_1_337' title='bbox 976 1725 1058 1765; x_wconf 89' lang='lat' dir='ltr'>tur,</span> <span class='ocrx_word' id='word_1_338' title='bbox 1095 1725 1222 1757; x_wconf 86' lang='lat' dir='ltr'>notam</span> <span class='ocrx_word' id='word_1_339' title='bbox 1258 1722 1362 1756; x_wconf 91' lang='lat' dir='ltr'>illam</span> <span class='ocrx_word' id='word_1_340' title='bbox 1398 1701 1628 1756; x_wconf 57' lang='lat' dir='ltr'>notationem</span> <span class='ocrx_word' id='word_1_341' title='bbox 1661 1722 1708 1756; x_wconf 86' lang='lat' dir='ltr'>ab</span> 
     </span>
     <span class='ocr_line' id='line_1_71' title="bbox 975 1765 1709 1814; baseline 0 -12"><span class='ocrx_word' id='word_1_342' title='bbox 975 1766 995 1802; x_wconf 78' lang='grc' dir='ltr'><em>ἒ</em></span> <span class='ocrx_word' id='word_1_343' title='bbox 1019 1765 1040 1802; x_wconf 75' lang='grc' dir='ltr'><em>ἒ</em></span> <span class='ocrx_word' id='word_1_344' title='bbox 1072 1769 1213 1813; x_wconf 77' lang='grc' dir='ltr'><em>λέγειν,</em></span> <span class='ocrx_word' id='word_1_345' title='bbox 1247 1780 1359 1813; x_wconf 87' lang='lat' dir='ltr'>quam</span> <span class='ocrx_word' id='word_1_346' title='bbox 1392 1779 1514 1814; x_wconf 87' lang='lat' dir='ltr'>nuper</span> <span class='ocrx_word' id='word_1_347' title='bbox 1547 1768 1709 1803; x_wconf 88' lang='lat' dir='ltr'>firmavit</span> 
     </span>
     <span class='ocr_line' id='line_1_72' title="bbox 977 1815 1708 1860; baseline 0.004 -12"><span class='ocrx_word' id='word_1_348' title='bbox 977 1815 1131 1850; x_wconf 80' lang='lat' dir='ltr'>Godofr.</span> <span class='ocrx_word' id='word_1_349' title='bbox 1178 1815 1418 1850; x_wconf 85' lang='lat' dir='ltr'>Hermannus</span> <span class='ocrx_word' id='word_1_350' title='bbox 1443 1817 1484 1849; x_wconf 86' lang='lat' dir='ltr'>in</span> <span class='ocrx_word' id='word_1_351' title='bbox 1508 1815 1708 1860; x_wconf 85' lang='lat' dir='ltr'>Extempo-</span> 
     </span>
     <span class='ocr_line' id='line_1_73' title="bbox 975 1862 1709 1906; baseline 0 -10"><span class='ocrx_word' id='word_1_352' title='bbox 975 1862 1121 1897; x_wconf 85' lang='lat' dir='ltr'>ralibus</span> <span class='ocrx_word' id='word_1_353' title='bbox 1155 1862 1382 1906; x_wconf 74' lang='lat' dir='ltr'>(Zeitschrist</span> <span class='ocrx_word' id='word_1_354' title='bbox 1414 1864 1478 1904; x_wconf 63' lang='lat' dir='ltr'>fiir</span> <span class='ocrx_word' id='word_1_355' title='bbox 1509 1863 1567 1896; x_wconf 77' lang='lat' dir='ltr'>die</span> <span class='ocrx_word' id='word_1_356' title='bbox 1592 1864 1709 1896; x_wconf 79' lang='lat' dir='ltr'>Alter-</span> 
     </span>
     <span class='ocr_line' id='line_1_74' title="bbox 976 1909 1709 1965; baseline 0.001 -22"><span class='ocrx_word' id='word_1_357' title='bbox 976 1911 1340 1952; x_wconf 72' lang='lat' dir='ltr'>thumswissenschast</span> <span class='ocrx_word' id='word_1_358' title='bbox 1385 1911 1488 1944; x_wconf 82' lang='grc'>1836.</span> <span class='ocrx_word' id='word_1_359' title='bbox 1528 1909 1581 1965; x_wconf 47' lang='lat' dir='ltr'>R„</span> <span class='ocrx_word' id='word_1_360' title='bbox 1615 1911 1709 1953; x_wconf 82' lang='lat'>66.:)</span> 
     </span>
     <span class='ocr_line' id='line_1_75' title="bbox 978 1951 1710 2003; baseline -0.001 -12.969"><span class='ocrx_word' id='word_1_361' title='bbox 978 1957 1190 2003; x_wconf 86' lang='lat' dir='ltr'>„Lugendi</span> <span class='ocrx_word' id='word_1_362' title='bbox 1211 1957 1374 1991; x_wconf 84' lang='lat' dir='ltr'>formula</span> <span class='ocrx_word' id='word_1_363' title='bbox 1411 1960 1468 1991; x_wconf 85' lang='lat' dir='ltr'>est</span> <span class='ocrx_word' id='word_1_364' title='bbox 1503 1951 1523 1989; x_wconf 69' lang='grc' dir='ltr'><strong><em>ἓ</em></strong></span> <span class='ocrx_word' id='word_1_365' title='bbox 1561 1952 1581 1989; x_wconf 82' lang='grc' dir='ltr'><em>ἒ</em></span> <span class='ocrx_word' id='word_1_366' title='bbox 1613 1955 1710 2001; x_wconf 81' lang='grc' dir='ltr'><em>λέγε,</em></span> 
     </span>
     <span class='ocr_line' id='line_1_76' title="bbox 976 2004 1710 2059; baseline 0 -21"><span class='ocrx_word' id='word_1_367' title='bbox 976 2015 1021 2038; x_wconf 84' lang='lat' dir='ltr'>ex</span> <span class='ocrx_word' id='word_1_368' title='bbox 1059 2015 1178 2059; x_wconf 81' lang='lat' dir='ltr'>eaque</span> <span class='ocrx_word' id='word_1_369' title='bbox 1213 2006 1251 2038; x_wconf 86' lang='lat' dir='ltr'>et</span> <span class='ocrx_word' id='word_1_370' title='bbox 1283 2005 1388 2050; x_wconf 87' lang='lat' dir='ltr'>origo</span> <span class='ocrx_word' id='word_1_371' title='bbox 1423 2004 1602 2038; x_wconf 85' lang='lat' dir='ltr'>carminis</span> <span class='ocrx_word' id='word_1_372' title='bbox 1635 2004 1710 2038; x_wconf 90' lang='lat' dir='ltr'>ele-</span> 
     </span>
     <span class='ocr_line' id='line_1_77' title="bbox 975 2051 1710 2097; baseline 0.001 -12"><span class='ocrx_word' id='word_1_373' title='bbox 975 2052 1104 2097; x_wconf 87' lang='lat' dir='ltr'>giaci·</span> <span class='ocrx_word' id='word_1_374' title='bbox 1118 2054 1185 2086; x_wconf 89' lang='lat' dir='ltr'>-et</span> <span class='ocrx_word' id='word_1_375' title='bbox 1209 2051 1413 2096; x_wconf 85' lang='lat' dir='ltr'>appellatio</span> <span class='ocrx_word' id='word_1_376' title='bbox 1440 2051 1620 2096; x_wconf 85' lang='lat' dir='ltr'>explicari</span> <span class='ocrx_word' id='word_1_377' title='bbox 1644 2062 1710 2096; x_wconf 90' lang='lat' dir='ltr'>po-</span> 
     </span>
     <span class='ocr_line' id='line_1_78' title="bbox 977 2098 1711 2134; baseline 0 -1"><span class='ocrx_word' id='word_1_378' title='bbox 977 2102 1061 2134; x_wconf 89' lang='lat' dir='ltr'>test.</span> <span class='ocrx_word' id='word_1_379' title='bbox 1109 2099 1183 2132; x_wconf 84' lang='lat' dir='ltr'>Vix</span> <span class='ocrx_word' id='word_1_380' title='bbox 1208 2099 1309 2133; x_wconf 89' lang='lat' dir='ltr'>enim</span> <span class='ocrx_word' id='word_1_381' title='bbox 1334 2098 1584 2133; x_wconf 86' lang='lat' dir='ltr'>dubitandum</span> <span class='ocrx_word' id='word_1_382' title='bbox 1609 2098 1711 2133; x_wconf 83' lang='lat' dir='ltr'>vide-</span> 
     </span>
     <span class='ocr_line' id='line_1_79' title="bbox 976 2145 1709 2192; baseline -0.001 -12"><span class='ocrx_word' id='word_1_383' title='bbox 976 2149 1050 2189; x_wconf 89' lang='lat' dir='ltr'>tur,</span> <span class='ocrx_word' id='word_1_384' title='bbox 1076 2147 1169 2192; x_wconf 90' lang='lat' dir='ltr'>quin</span> <span class='ocrx_word' id='word_1_385' title='bbox 1195 2146 1452 2191; x_wconf 88' lang='lat' dir='ltr'>antiquissimi</span> <span class='ocrx_word' id='word_1_386' title='bbox 1469 2145 1573 2180; x_wconf 86' lang='lat' dir='ltr'>illius</span> <span class='ocrx_word' id='word_1_387' title='bbox 1599 2145 1709 2191; x_wconf 83' lang='lat' dir='ltr'>lugu-</span> 
     </span>
     <span class='ocr_line' id='line_1_80' title="bbox 977 2192 1711 2235; baseline -0.001 -7"><span class='ocrx_word' id='word_1_388' title='bbox 977 2194 1055 2228; x_wconf 89' lang='lat' dir='ltr'>bris</span> <span class='ocrx_word' id='word_1_389' title='bbox 1089 2193 1266 2228; x_wconf 90' lang='lat' dir='ltr'>carminis</span> <span class='ocrx_word' id='word_1_390' title='bbox 1301 2204 1345 2228; x_wconf 86' lang='lat' dir='ltr'>ea</span> <span class='ocrx_word' id='word_1_391' title='bbox 1378 2193 1474 2227; x_wconf 88' lang='lat' dir='ltr'>ratio</span> <span class='ocrx_word' id='word_1_392' title='bbox 1499 2192 1634 2235; x_wconf 81' lang='lat' dir='ltr'>fuerit,</span> <span class='ocrx_word' id='word_1_393' title='bbox 1668 2195 1711 2227; x_wconf 87' lang='lat' dir='ltr'>ut</span> 
     </span>
     <span class='ocr_line' id='line_1_81' title="bbox 976 2241 1708 2298; baseline -0.001 -23"><span class='ocrx_word' id='word_1_394' title='bbox 976 2243 1294 2298; x_wconf 88' lang='lat' dir='ltr'>pentametrorum</span> <span class='ocrx_word' id='word_1_395' title='bbox 1307 2241 1493 2296; x_wconf 87' lang='lat' dir='ltr'>posterior</span> <span class='ocrx_word' id='word_1_396' title='bbox 1510 2251 1598 2284; x_wconf 83' lang='lat' dir='ltr'>pars</span> <span class='ocrx_word' id='word_1_397' title='bbox 1615 2241 1708 2274; x_wconf 85' lang='lat' dir='ltr'>haec</span> 
     </span>
     <span class='ocr_line' id='line_1_82' title="bbox 977 2284 1711 2352; baseline -0.004 -29"><span class='ocrx_word' id='word_1_398' title='bbox 977 2291 1094 2323; x_wconf 88' lang='lat' dir='ltr'>esset·</span> <span class='ocrx_word' id='word_1_399' title='bbox 1127 2284 1147 2321; x_wconf 79' lang='grc' dir='ltr'><em>ἒ</em></span> <span class='ocrx_word' id='word_1_400' title='bbox 1172 2284 1191 2321; x_wconf 79' lang='grc' dir='ltr'><strong><em>ἓ</em></strong></span> <span class='ocrx_word' id='word_1_401' title='bbox 1216 2287 1292 2332; x_wconf 80' lang='grc' dir='ltr'>λέγ’</span> <span class='ocrx_word' id='word_1_402' title='bbox 1318 2284 1380 2321; x_wconf 73' lang='grc' dir='ltr'>ἒ’“</span> <span class='ocrx_word' id='word_1_403' title='bbox 1363 2299 1380 2321; x_wconf 82' lang='grc' dir='ltr'><em>ε</em></span> <span class='ocrx_word' id='word_1_404' title='bbox 1410 2287 1505 2332; x_wconf 84' lang='grc' dir='ltr'><em>λέγε.</em></span> <span class='ocrx_word' id='word_1_405' title='bbox 1552 2287 1614 2320; x_wconf 84' lang='grc' dir='ltr'>11Ιί</span> <span class='ocrx_word' id='word_1_406' title='bbox 1640 2286 1711 2352; x_wconf 53' lang='lat' dir='ltr'>igi}</span> 
     </span>
     <span class='ocr_line' id='line_1_83' title="bbox 976 2329 1708 2378; baseline -0.004 -8"><span class='ocrx_word' id='word_1_407' title='bbox 976 2339 1038 2370; x_wconf 91' lang='lat' dir='ltr'>tur</span> <span class='ocrx_word' id='word_1_408' title='bbox 1062 2346 1192 2370; x_wconf 83' lang='lat' dir='ltr'>versus</span> <span class='ocrx_word' id='word_1_409' title='bbox 1217 2337 1319 2369; x_wconf 87' lang='lat' dir='ltr'>recte</span> <span class='ocrx_word' id='word_1_410' title='bbox 1337 2335 1429 2369; x_wconf 88' lang='lat' dir='ltr'>dicti</span> <span class='ocrx_word' id='word_1_411' title='bbox 1446 2337 1535 2368; x_wconf 88' lang='lat' dir='ltr'>sunt</span> <span class='ocrx_word' id='word_1_412' title='bbox 1549 2329 1591 2367; x_wconf 70' lang='grc' dir='ltr'>ἔ)</span> <span class='ocrx_word' id='word_1_413' title='bbox 1583 2334 1708 2378; x_wconf 76' lang='grc' dir='ltr'><em>εγοι.“</em></span> 
     </span>
     <span class='ocr_line' id='line_1_84' title="bbox 978 2381 1709 2425; baseline 0 -9"><span class='ocrx_word' id='word_1_414' title='bbox 978 2403 1021 2407; x_wconf 90' lang='lat'>—</span> <span class='ocrx_word' id='word_1_415' title='bbox 1045 2384 1148 2416; x_wconf 82' lang='lat' dir='ltr'>voti·</span> <span class='ocrx_word' id='word_1_416' title='bbox 1162 2382 1318 2425; x_wconf 71' lang='lat' dir='ltr'>cmpos]</span> <span class='ocrx_word' id='word_1_417' title='bbox 1345 2382 1503 2416; x_wconf 83' lang='lat' dir='ltr'>maxime</span> <span class='ocrx_word' id='word_1_418' title='bbox 1527 2382 1568 2415; x_wconf 90' lang='lat' dir='ltr'>in</span> <span class='ocrx_word' id='word_1_419' title='bbox 1594 2381 1709 2416; x_wconf 86' lang='lat' dir='ltr'>rebus</span> 
     </span>
     <span class='ocr_line' id='line_1_85' title="bbox 976 2425 1709 2485; baseline -0.005 -20"><span class='ocrx_word' id='word_1_420' title='bbox 976 2430 1178 2465; x_wconf 82' lang='lat' dir='ltr'>amatoriis.</span> <span class='ocrx_word' id='word_1_421' title='bbox 1230 2430 1348 2472; x_wconf 84' lang='lat' dir='ltr'>„Post</span> <span class='ocrx_word' id='word_1_422' title='bbox 1372 2425 1610 2485; x_wconf 77' lang='grc' dir='ltr'><strong><em>θρηνητικὴν</em></strong></span> <span class='ocrx_word' id='word_1_423' title='bbox 1635 2428 1709 2462; x_wconf 88' lang='lat' dir='ltr'>ele-</span> 
     </span>
     <span class='ocr_line' id='line_1_86' title="bbox 976 2471 1707 2523; baseline -0.006 -12"><span class='ocrx_word' id='word_1_424' title='bbox 976 2478 1108 2523; x_wconf 55' lang='lat' dir='ltr'>giamf‘</span> <span class='ocrx_word' id='word_1_425' title='bbox 1135 2477 1273 2522; x_wconf 77' lang='lat' dir='ltr'>inquit,</span> <span class='ocrx_word' id='word_1_426' title='bbox 1300 2479 1406 2519; x_wconf 86' lang='lat' dir='ltr'>„orta</span> <span class='ocrx_word' id='word_1_427' title='bbox 1430 2478 1488 2511; x_wconf 89' lang='lat' dir='ltr'>est</span> <span class='ocrx_word' id='word_1_428' title='bbox 1511 2471 1707 2523; x_wconf 77' lang='grc' dir='ltr'><em>ἑρο)τική.“</em></span> 
     </span>
     <span class='ocr_line' id='line_1_87' title="bbox 977 2524 1709 2560; baseline -0.006 0"><span class='ocrx_word' id='word_1_429' title='bbox 977 2525 1085 2560; x_wconf 88' lang='lat' dir='ltr'>cuius</span> <span class='ocrx_word' id='word_1_430' title='bbox 1103 2524 1348 2558; x_wconf 88' lang='lat' dir='ltr'>Mimnermus</span> <span class='ocrx_word' id='word_1_431' title='bbox 1366 2526 1497 2558; x_wconf 84' lang='lat' dir='ltr'>auctor</span> <span class='ocrx_word' id='word_1_432' title='bbox 1523 2525 1562 2557; x_wconf 83' lang='lat' dir='ltr'>et</span> <span class='ocrx_word' id='word_1_433' title='bbox 1586 2533 1709 2556; x_wconf 87' lang='lat' dir='ltr'>exem-</span> 
     </span>
     <span class='ocr_line' id='line_1_88' title="bbox 975 2569 1708 2625; baseline -0.005 -18"><span class='ocrx_word' id='word_1_434' title='bbox 975 2573 1059 2617; x_wconf 90' lang='lat' dir='ltr'>plar</span> <span class='ocrx_word' id='word_1_435' title='bbox 1109 2573 1208 2614; x_wconf 79' lang='lat' dir='ltr'>erat3</span> <span class='ocrx_word' id='word_1_436' title='bbox 1268 2571 1406 2606; x_wconf 83' lang='lat' dir='ltr'>Callini</span> <span class='ocrx_word' id='word_1_437' title='bbox 1465 2580 1507 2604; x_wconf 87' lang='lat' dir='ltr'>ac</span> <span class='ocrx_word' id='word_1_438' title='bbox 1558 2569 1708 2625; x_wconf 81' lang='lat' dir='ltr'>Tyrtaei</span> 
     </span>
     <span class='ocr_line' id='line_1_89' title="bbox 977 2614 1709 2673; baseline -0.005 -20"><span class='ocrx_word' id='word_1_439' title='bbox 977 2616 1253 2673; x_wconf 79' lang='grc' dir='ltr'><strong><em>προτρεπτικὴν</em></strong></span> <span class='ocrx_word' id='word_1_440' title='bbox 1286 2618 1389 2652; x_wconf 90' lang='lat' dir='ltr'>illam</span> <span class='ocrx_word' id='word_1_441' title='bbox 1423 2619 1460 2652; x_wconf 86' lang='lat' dir='ltr'>et</span> <span class='ocrx_word' id='word_1_442' title='bbox 1487 2614 1709 2660; x_wconf 78' lang='grc' dir='ltr'><em>διδακτικὴν</em></span> 
     </span>
     <span class='ocr_line' id='line_1_90' title="bbox 977 2664 1708 2711; baseline -0.006 -10"><span class='ocrx_word' id='word_1_443' title='bbox 977 2666 1126 2702; x_wconf 84' lang='lat' dir='ltr'>Solonis</span> <span class='ocrx_word' id='word_1_444' title='bbox 1165 2676 1209 2700; x_wconf 88' lang='lat' dir='ltr'>ac</span> <span class='ocrx_word' id='word_1_445' title='bbox 1247 2664 1479 2711; x_wconf 85' lang='lat' dir='ltr'>Theognidis</span> <span class='ocrx_word' id='word_1_446' title='bbox 1517 2674 1594 2698; x_wconf 88' lang='lat' dir='ltr'>non</span> <span class='ocrx_word' id='word_1_447' title='bbox 1631 2674 1708 2697; x_wconf 88' lang='lat' dir='ltr'>me-</span> 
     </span>
     <span class='ocr_line' id='line_1_91' title="bbox 974 2710 1708 2772; baseline -0.006 -23"><span class='ocrx_word' id='word_1_448' title='bbox 974 2716 1107 2749; x_wconf 88' lang='lat' dir='ltr'>morat.</span> <span class='ocrx_word' id='word_1_449' title='bbox 1126 2732 1168 2738; x_wconf 92' lang='lat'>—</span> <span class='ocrx_word' id='word_1_450' title='bbox 1186 2712 1381 2756; x_wconf 74' lang='lat' dir='ltr'>sementia]</span> <span class='ocrx_word' id='word_1_451' title='bbox 1401 2722 1556 2772; x_wconf 81' lang='lat' dir='ltr'>„sensus</span> <span class='ocrx_word' id='word_1_452' title='bbox 1580 2710 1708 2751; x_wconf 80' lang='lat' dir='ltr'>animi,</span> 
     </span>
    </p>
   </div>
  </div>
 </body>
</html>
