1786 2912
541 148 555 167 ἱ

691 164 786 200 LIB.
809 163 840 199 1.
889 131 992 198 SAT.
1015 161 1063 197 V.

1579 159 1635 202 59

241 269 475 312 Differtum
504 267 667 320 nautis,
699 264 962 321 cauponibus
993 266 1122 320 atque
1149 261 1363 318 malignis.

241 339 339 383 Hoc
367 339 451 382 iter
478 337 626 394 ignavi
657 336 900 389 divisimus,
932 334 1060 377 altius
1092 347 1141 375 ac
1170 346 1250 375 nos
1608 331 1635 372 5

242 409 506 453 Praecinctis
537 421 692 461 unum3
724 406 865 448 minus
897 409 963 448 est
993 404 1136 460 gravis
1166 402 1311 459 Appia
1340 401 1487 444 tardis.

242 481 328 523 Hic
357 493 438 536 ego
466 482 643 536 propter
673 490 846 533 aquam,
878 474 991 532 quod
1021 478 1113 518 erat
1143 473 1392 526 deterrima,
1422 473 1561 515 ventri

241 551 387 594 Indico
416 549 602 603 bellum,
634 551 836 590 cenantes
865 545 983 589 haud
1011 545 1152 587 animo
1184 558 1321 600 aequo

240 621 510 678 Exspectans
543 619 735 662 comites.
779 617 871 660 Iam
899 630 988 674 noir
1019 615 1220 657 inducere
1251 614 1377 657 terris

241 692 424 735 Umbras
456 695 500 734 et
530 690 648 732 caelo
680 687 916 730 diffundere
947 687 1071 742 signa
1100 685 1302 742 parabat3

1582 684 1636 724 10

245 762 357 804 Tum
386 761 508 819 pueri
538 760 700 813 nautis,
730 758 876 815 pneris
908 757 1095 800 convitia
1124 760 1280 798 nautae

220 911 253 942 6.
284 908 424 952 nim]
456 908 564 940 nimis
597 906 701 951 Sp,F.
726 923 774 930 -·
798 907 831 939 7.

172 955 380 990 Bentleius.

124 1077 270 1122 placuit
284 1077 512 1112 Villoisonio
530 1078 554 1110 l.
572 1077 609 1118 1.,
635 1077 678 1110 G.
706 1077 854 1116 linquae

125 1126 172 1166 (1.,
198 1125 295 1159 nihil
318 1124 423 1159 aliud
438 1125 605 1170 profecto
625 1122 856 1168 significaret

126 1171 202 1206 nisi
237 1171 347 1205 illum
381 1171 524 1206 Graece
562 1170 854 1205 scientissimum

124 1218 264 1261 fuisse3
297 1229 394 1264 quae
429 1219 567 1263 exigua
598 1228 687 1252 sane
720 1215 855 1250 Graeci

125 1266 289 1300 rhetoris
330 1265 415 1300 laus
454 1265 600 1299 fuisset.
640 1284 682 1288 —
721 1265 856 1296 Forum

127 1312 244 1356 Appi]
282 1311 462 1357 oppidum
498 1312 545 1346 ab
581 1311 704 1355 Appio
743 1310 855 1344 Clau·

127 1358 207 1412 dio⁸
217 1359 350 1400 Caeco
375 1359 442 1403 qni
467 1359 564 1392 viam
589 1358 749 1402 Appiam
774 1367 855 1390 mu-

129 1405 220 1447 niit,
252 1405 308 1439 sic
340 1405 592 1445 nominatum,
624 1403 707 1437 XX.
740 1403 788 1436 M.
813 1403 855 1437 Ρ.

128 1430 272 1486 diatim
288 1452 336 1486 ab
347 1452 487 1486 Aricia.
505 1451 715 1505 Supersunt
728 1451 856 1484 etiam·

130 1509 234 1532 nunc
270 1499 416 1544 aliquot
447 1499 530 1532 eius
563 1498 785 1543 parietinae.
811 1516 854 1521 -

126 1546 322 1586 Differ-tun
346 1545 503 1600 paulis]
534 1544 667 1579 Strabo
692 1546 727 1587 5,
752 1546 786 1586 3,
811 1546 855 1578 6:

124 1591 300 1646 Πλησίρν
308 1592 384 1647 τῆς
401 1589 642 1641 Ταῤῥᾳκινῆς
664 1590 855 1633 βαδίζοντι

125 1639 190 1672 ἐπὶ
219 1638 291 1683 τῆς
308 1635 457 1683 Ρῶμης
461 1638 776 1718 δπαραβέβλητὰι
810 1637 855 1684 τῇ

125 1683 205 1731 ὁδῷ
229 1686 275 1733 τῇ
296 1685 430 1730 Ἄκτὶᾳ
461 1685 600 1741 διῶρυξ
633 1687 724 1730 (per
747 1685 855 1738 palu-

127 1732 195 1767 des
217 1720 458 1778 Pomptinis)
491 1733 555 1766 ἐπὶ
586 1731 752 1774 πολλοὺς
791 1729 856 1765 τό-

127 1791 223 1822 πους
254 1779 304 1813 xl
303 1782 498 1827 ηρουμὲνη
536 1784 616 1822 τοῖς
649 1779 787 1820 ἑλείοις
818 1790 857 1812 τε

126 1829 191 1860 καὶ
216 1831 297 1869 τοῖς
320 1829 524 1870 ποταμίοις
556 1823 678 1860 υῦασι·
713 1826 858 1859 πλεῖται

125 1872 167 1906 δὲ
189 1871 357 1915 μάλιστα
379 1874 451 1917 μὲν
475 1871 643 1922 νύκτωρ,
674 1869 766 1907 ὥστ’
789 1874 858 1916 ἑμ-

126 1917 271 1962 βαντας
322 1919 394 1963 ἀφ’
447 1921 620 1976 ἑσπέρας
664 1920 857 1960 sufflamen

211 1969 273 2010 ΐας
297 1970 359 2001 καὶ
391 1967 555 2010 βαδίζειν
580 1966 624 2001 τὸ
649 1965 785 2001 λοιπὸν
811 1969 855 2014 τῇ

239 2015 310 2060 (τῇ
331 2013 507 2059 Ἄππίᾳ),
544 2013 639 2049 ἀλλὰ
675 2016 739 2047 καὶ
769 2015 856 2057 ιιε9’

130 2051 287 2107 ἡμέραν·
313 2059 581 2109 ῥυμουλκεῖται
605 2062 637 2094 δ’
662 2058 853 2104 ἡιιιόιιον.

127 2125 175 2132 —-
187 2110 409 2149 cauponibus
423 2113 532 2150 alque
548 2109 734 2151 matiam]
759 2109 855 2143 Gau-

128 2165 246 2198 pones
279 2157 432 2196 matiani
467 2158 648 2189 vocantur
680 2156 717 2188 h.
750 2155 776 2188 1.
813 2159 855 2189 ut

124 2201 259 2243 perfidi
275 2201 349 2235 Sat.
370 2205 401 2242 1,
419 2204 452 2242 1,
478 2203 543 2244 293
568 2213 655 2235 narn
671 2203 854 2243 melianus

128 2248 281 2292 proprie
306 2248 519 2282 contrarius
545 2252 602 2282 est
627 2250 780 2289 benique
806 2249 855 2282 si-

128 2294 355 2340 gnificatque
380 2306 486 2337 eum,
511 2296 579 2340 qui
604 2296 703 2329 iusto
729 2296 854 2329 minus

128 2341 236 2375 alteri
261 2342 415 2385 tribuit,
448 2342 486 2376 id
520 2342 620 2386 quod
645 2342 771 2376 facere
797 2353 855 2376 so-

128 2388 209 2422 lent
232 2398 421 2434 caupones
439 2390 541 2423 omni
558 2389 667 2423 modo
693 2389 854 2423 viatores

129 2435 364 2479 decipiendo,
388 2436 463 2470 vile
481 2436 610 2470 vinum
628 2446 714 2470 caro
732 2437 854 2480 pretio

129 2481 346 2525 vendendo,
371 2483 417 2516 ad
443 2494 621 2517 summam
646 2494 764 2528 genus
788 2484 854 2517 ho-

128 2529 271 2562 minum
287 2529 407 2564 nihilo
426 2533 516 2564 tunc
533 2530 762 2564 honestioris
780 2531 853 2563 loci

130 2586 241 2619 quam
265 2576 433 2610 lenones.

176 2623 252 2656 5-8.
284 2625 365 2656 Hoc
387 2623 478 2666 iter]
505 2623 566 2667 „id
591 2626 659 2665 est,
683 2623 730 2657 ab
754 2623 854 2657 Urbe

130 2678 251 2713 usque
281 2669 329 2703 ad
353 2669 491 2704 Forum
515 2670 630 2715 Appii
655 2670 770 2704 biduo
795 2681 856 2704 ve-

130 2715 265 2758 nimus,
290 2726 373 2749 cum
392 2717 600 2751 velociores
624 2728 700 2751 uno
718 2717 779 2751 die
798 2728 856 2752 so-

865 905 1051 938 teterrima
1086 914 1131 937 ex
1164 913 1240 936 uno
1268 901 1357 936 eod.
1381 901 1587 935 Pulmanni

903 1075 1004 1108 leant
1038 1084 1082 1107 eo
1116 1073 1280 1107 venire.“
1331 1073 1481 1105 Aenon.
1508 1090 1551 1095 —
1578 1073 1635 1104 al-

902 1123 972 1154 lius
990 1140 1005 1146 -
1018 1139 1033 1145 -
1051 1119 1295 1162 Praecinclis]
1334 1117 1635 1166 ,εὐζωνοτέροις

903 1168 1066 1202 celerius
1091 1166 1355 1201 incedentibus
1378 1177 1422 1200 ac
1447 1166 1635 1200 strenuio-

904 1215 1044 1249 ribus.⁴⁶
1074 1234 1116 1238 -
1142 1215 1262 1247 minus
1280 1213 1373 1256 cet]
1405 1214 1551 1255 „minus
1578 1216 1636 1247 est

902 1262 1028 1307 gravis
1060 1261 1181 1316 pigris
1215 1271 1326 1306 quam
1361 1260 1636 1302 velocioribus;

903 1320 988 1342 nam
1015 1309 1080 1353 qui
1112 1308 1257 1342 tardius
1290 1319 1358 1352 per
1382 1307 1542 1352 Appiam
1575 1307 1635 1341 vel

904 1356 1117 1400 ingreditur
1142 1355 1201 1388 vel
1226 1355 1395 1395 vehitur,
1428 1354 1638 1399 prudenter

903 1403 1000 1447 agit,
1033 1402 1125 1447 quia
1156 1402 1282 1436 minus
1315 1402 1493 1447 fatigatur
1523 1411 1637 1446 quam

904 1450 1025 1484 viator
1050 1449 1167 1494 magis
1193 1448 1390 1494 expeditus
1412 1450 1450 1482 et
1466 1448 1634 1492 pernix.'‘

905 1495 1046 1530 Contra
1062 1497 1262 1530 lectionem
1279 1498 1386 1529 nimis
1402 1499 1506 1530 recte
1518 1495 1636 1529 Fren-

905 1543 982 1577 zel:
1031 1542 1206 1585 „Quodsi
1249 1543 1307 1577 via
1350 1542 1468 1576 tardis
1509 1542 1635 1587 gravis

905 1594 996 1633 erat,
1022 1600 1089 1624 cur
1114 1589 1294 1624 Horatius
1320 1590 1448 1623 divisit
1472 1589 1545 1624 iter
1571 1600 1637 1623 ne-

904 1648 979 1682 que
1014 1637 1179 1671 celerius
1202 1647 1428 1682 progressus
1454 1640 1511 1670 est
1523 1637 1561 1671 ¹?“

903 1686 975 1717 Hic
1002 1694 1066 1726 eqo
1093 1684 1178 1727 cet]
1207 1684 1349 1726 „Hodie
1374 1685 1414 1717 in
1438 1683 1536 1718 Foro
1560 1684 1637 1728 Ap-

903 1731 959 1776 pii
983 1732 1145 1765 viatores
1170 1734 1325 1775 propter
1349 1742 1503 1775 aquam,
1537 1741 1637 1775 quae

907 1779 959 1812 ibi
985 1778 1188 1813 deterrima
1220 1781 1295 1820 est,
1328 1789 1479 1812 manere
1504 1778 1635 1812 vitant.

905 1825 1007 1859 Dicit
1024 1836 1128 1871 ergo,
1153 1836 1194 1859 se
1219 1825 1272 1859 ibi
1291 1829 1425 1859 cenare
1452 1825 1634 1867 noluisse,

907 1884 955 1907 ne
969 1883 1123 1907 necesse
1136 1873 1292 1906 haberet
1305 1873 1468 1906 bibere.“
1484 1872 1634 1908 POBPH.

907 1939 948 1943 ——
968 1919 1178 1962 deterrima]
1206 1922 1381 1964 „propter
1399 1919 1543 1953 vicinas
1567 1930 1634 1963 pa-

905 1967 1015 2001 ludes
1046 1967 1266 2011 Pomptinas
1302 1967 1428 2000 minus
1460 1977 1557 2010 pura
1589 1977 1634 2000 ac

906 2014 994 2047 mali
1036 2015 1216 2058 saporis-‘⁵
1275 2013 1404 2047 Lectio
1446 2016 1633 2047 teterrima

902 2061 1067 2094 Bentleii
1104 2064 1142 2094 et
1176 2060 1386 2094 Heindorfii
1419 2061 1455 2093 h.
1490 2060 1515 2093 l.
1552 2071 1632 2094 rem

903 2108 1016 2141 nimis
1049 2111 1259 2152 exaggerat.
1286 2126 1329 2131 —
1358 2109 1477 2140 ventri
1507 2109 1636 2141 Indico

904 2155 1059 2197 bellum]
1093 2165 1187 2188 cena
1223 2165 1280 2187 me
1315 2154 1552 2188 abstinendo.
1585 2172 1634 2178 —--

904 2203 1004 2234 haud
1036 2203 1159 2234 am'mo
1193 2201 1333 2243 aequo]
1372 2201 1633 2245 „impatienter

903 2251 1015 2292 atque
1041 2248 1118 2281 illis
1134 2248 1404 2292 propemodum
1421 2248 1631 2282 invidens.⁸

902 2296 1125 2336 Exspectant
1166 2294 1332 2338 comites]
1375 2298 1632 2339 „exspectans,

904 2341 1021 2375 donec
1047 2353 1195 2383 omnes,
1229 2342 1296 2386 qui
1321 2342 1391 2376 sub
1416 2342 1515 2376 idem
1539 2348 1633 2376 tem·

902 2399 974 2432 pus
990 2388 1129 2422 Forum
1142 2389 1254 2433 Appii
1272 2391 1524 2433 pervenerant
1539 2400 1633 2423 una-

904 2446 977 2480 que
998 2436 1147 2469 lintrem
1161 2436 1407 2470 conscensuri
1421 2438 1546 2478 erant,
1568 2447 1626 2470 ce-

903 2484 1089 2516 nossent-⁴⁶

951 2531 1049 2563 9-19.
1066 2531 1149 2563 Iam
1165 2539 1287 2564 nomn
1293 2529 1471 2572 parabat]
1487 2530 1632 2563 Versus

903 2576 1057 2618 heroici,
1073 2577 1231 2611 fortasse
1250 2588 1295 2610 ex
1311 2577 1434 2610 Ennio
1453 2576 1631 2619 expressi.

905 2642 948 2660 —‚
973 2623 1101 2666 siqua]
1136 2624 1321 2665 „nostra“,
1355 2626 1396 2656 ut
1428 2622 1496 2656 Od.
1531 2624 1565 2665 2,
1597 2624 1633 2665 8,

906 2672 967 2703 10:
993 2673 1177 2704 taciturna
1200 2672 1312 2703 noctis
1333 2671 1458 2711 Siqua.
1478 2688 1520 2692 ——
1538 2678 1631 2703 nau-

904 2717 962 2760 lis]
986 2717 1114 2760 Fossa,
1140 2728 1185 2751 ex
1199 2716 1414 2762 Nymphaeo
1440 2719 1478 2750 et
1492 2715 1633 2750 Ufente
