1786 2912
635 135 728 170 Lm.
752 135 782 169 Ι.
833 133 936 169 SAT.
958 133 1060 168 vm.

1542 131 1599 173 97

209 238 358 285 Altera
388 237 676 294 Tisiphonen3
710 239 930 291 serpentes
962 238 1091 290 atque
1121 233 1289 276 videres

206 308 398 352 Infernas
429 321 570 350 errare
603 321 729 349 canes
758 306 1012 362 Lunamque
1041 304 1288 357 rubentem,

1543 302 1598 344 35

207 379 273 422 Ne
303 378 413 424 foret
441 378 509 420 his
541 378 684 430 testis,
717 380 814 433 post
844 390 1000 432 magna
1027 375 1162 418 latere
1193 374 1401 431 sepulcra.

207 449 391 492 Mentior
421 453 464 491 at
495 449 531 491 si
563 448 683 504 quid,
715 447 872 490 merdis
905 450 1032 502 caput
1061 445 1259 502 inquiner
1289 444 1398 487 albis

210 520 439 562 Corvorum
472 524 601 575 atque
631 519 676 560 in
708 532 776 561 me
796 517 940 560 veniat
969 517 1144 558 mictum
1176 520 1303 572 atque
1334 519 1525 558 cacatum

208 591 342 632 Iulius
374 596 418 632 et
448 589 612 646 fragilis
644 588 842 631 Pediatia
870 587 1024 643 surque
1054 587 1266 629 Voranus.

92 721 148 759 24,
177 722 229 753 14.
255 721 312 761 29,
338 719 408 761 18.)
434 718 486 752 ait
510 729 608 760 eam,
642 728 737 762 quae
763 717 820 750 ni-

92 766 166 800 mio
188 766 274 810 plus
298 768 501 810 pateretur.
525 764 617 799 Nam
634 765 673 798 in
692 774 820 798 servos

92 824 169 847 non
178 812 547 858 modoalominorum,
561 812 626 846 sed
640 814 677 845 et
693 811 819 856 legum

94 863 182 895 nota
198 859 287 894 olim
311 860 487 894 atrocitas
511 858 560 893 ob
585 858 820 893 condicionis

93 906 307 941 vilitatem!⁶
345 905 451 940 Oonf.
489 905 569 939 Liv.
595 907 659 947 32,
685 906 748 939 38:
781 907 821 938 in

91 954 257 987 servilem
280 954 426 986 modum
452 954 605 986 lacerati
627 955 734 994 acque
758 961 820 986 ex-

92 1002 187 1034 torti.
225 999 282 1033 Ad
298 1000 403 1034 verbi
430 1000 581 1044 ellipsin
608 1000 674 1033 cfr.
694 998 767 1033 Sat.
788 1002 820 1042 1,

93 1049 125 1090 1,
142 1048 199 1080 23.
224 1049 262 1081 et
287 1050 319 1089 1,
345 1048 377 1089 3,
403 1049 437 1081 9.
456 1047 694 1090 —Heeaten]
711 1046 820 1080 Ηοιιι.

90 1072 225 1139 H’ymn.
252 1093 292 1127 in
319 1093 401 1128 Cer.
428 1095 492 1128 24:
518 1094 714 1148 Περσαίου
741 1093 819 1136 (Ti-

92 1141 205 1183 tanis)
220 1137 391 1188 θυγάτηρ
408 1138 530 1174 ἀταλὰ
547 1143 822 1188 φρονέουσα--

88 1185 226 1232 Ἑκατη
263 1184 624 1243 λιπαροκρήδεμνος.
662 1199 695 1222 v,
733 1190 820 1222 439:

92 1233 222 1268 Πολλὰ
251 1234 283 1267 δ’
313 1231 373 1290 ἄρ’
404 1232 669 1290 ἀμφαγάπησε
701 1233 822 1290 κόρην

91 1279 314 1330 Δημήτερος
337 1280 470 1337 αγνήν.
493 1280 554 1315 Ἐκ
574 1283 639 1315 τοῦ
665 1283 705 1315 οἱ
728 1279 823 1330 ,τρό-

94 1329 210 1370 τολος
242 1331 308 1362 καὶ
339 1326 470 1362 ὀπάων
503 1326 623 1362 ἔπλετ’
659 1325 822 1362 ἅιασσα.

95 1376 156 1410 Sic
179 1377 360 1420 paulatim
386 1387 468 1410 cum
496 1375 645 1417 Cerere,
669 1376 824 1410 Proser-

93 1423 184 1467 pina
220 1423 384 1466 itemque
421 1422 543 1456 Diana
575 1433 603 1457 s.
636 1401 745 1456 'Luna
780 1424 821 1456 in

94 1469 398 1503 coniunctionem
418 1470 528 1503 venit.
563 1469 712 1503 Comice
739 1470 821 1504 eius

94 1516 248 1550 formam
264 1516 319 1550 ita
333 1515 515 1550 describit
529 1516 722 1550 Lucianus
734 1517 822 1550 Phi-

22 1593 26 1596 .
93 1564 187 1608 lops.
201 1564 264 1597 22.
281 1566 442 1618 γυναῖκα
457 1559 641 1619 φοβεράν,
658 1561 822 1607 ἦαιστα-

3 2597 27 2682 m
2 2372 27 2604 ¹¹,ssn--t-nezxxoemsffz
4 2327 14 2358 ··>x
4 2302 9 2309 ⁰

92 1608 219 1643 διαὶαν
254 1607 393 1650 σχεδὸν
430 1609 474 1644 τὸ
511 1605 625 1652 ὕψος·
666 1615 746 1651 εὶχε
781 1610 821 1644 δὲ

92 1658 158 1690 καὶ
180 1655 312 1701 δᾷδα
292 1668 333 1690 εν
350 1657 398 1713 τῆ
421 1655 607 1710 ἀριστερᾷ
624 1658 690 1690 καὶ
707 1656 822 1700 ξίφος

33 1748 36 1750 -
92 1703 133 1737 ἐν
157 1704 216 1769 τῇ
227 1700 368 1759 δεξιᾷ’
353 1715 449 1738 οσον
473 1701 729 1751 εἰκοσάπηχυ,
756 1706 821 1738 καὶ

91 1762 139 1831 ἑὲ
159 1751 239 1831 ἔίζ
269 1748 432 1843 ῗέρῖόῇ
457 1748 651 1842 (ἒῖἒὲἕῖῒῖῗ
676 1764 741 1795 ''v'
732 1750 822 1833 ’.ἐξ

616 1822 645 1840 s
670 1817 718 1823 -

91 1855 192 1879 vam·
178 1810 425 1888 -TisiphgnenJ
450 1810 598 1888 furian‘i,
623 1850 665 1879 ut
689 1846 820 1881 Alecto

92 1896 129 1926 et
141 1892 314 1938 Megaera
327 1892 442 1937 Orph.
459 1893 594 1937 Hymn.
613 1895 669 1927 69.
706 1895 822 1927 Saeva

92 1942 219 1974 autem
255 1942 428 1982 vocatur,
440 1944 508 1981 ¹ut
544 1940 651 1974 Hom.
689 1939 822 1992 Odyss.

93 1997 127 2026 ο,
153 1988 240 2020 234:
273 1987 314 2020 19.
303 1984 342 2019 ἀ
367 1986 574 2031 δασπλῆτις
596 1984 752 2034 Ἐρινύς.
777 2007 822 2011 -

91 2036 268 2075 serpentes
289 2037 397 2075 atque
415 2034 500 2077 cet.]
537 2033 637 2068 Ordo
662 2034 722 2068 hic
748 2037 823 2069 est.

92 2082 282 2122 Serpentes
307 2084 415 2121 alque
445 2082 609 2122 infernas
635 2090 741 2114 canes
768 2090 822 2115 er-

92 2136 179 2160 rare
215 2129 366 2161 videres.
416 2127 659 2180 Hyperbaton
699 2128 823 2171 ipsum

92 2170 824 2262 ἓῗιῖἤῖἓΐιιὲἓὲἕὲἒοιῗξζῖασμῗὲᾓῖἑὲξ-

94 2268 214 2311 canes]
250 2267 415 2313 Stygias,
452 2267 616 2302 Hecatae
655 2268 824 2302 comites.

94 2315 267 2359 Apollon.
283 2314 407 2356 Rh.3,
426 2317 536 2349 1216·
562 2312 664 2357 ἀμφὶ
690 2313 729 2346 δὲ
754 2312 824 2358 τήν

94 2361 352 2414 761Hecaten)
375 2359 496 2408 Οξείη
522 2359 643 2407 ὑλακῆ
669 2358 824 2401 χθόνιοι

94 2405 204 2451 κιξνες
227 2409 478 2453 ἐφθέγγοντο.
513 2409 649 2454 Virgil.
673 2408 766 2442 Aen.
792 2410 825 2451 6,

95 2457 182 2489 257:
222 2457 394 2496 visaeque
432 2464 535 2489 canes
573 2456 720 2488 ululare
757 2465 825 2496 per

95 2504 262 2536 umbram
300 2504 526 2536 Adventante
563 2504 643 2536 dea.
677 2521 722 2525 -
754 2503 824 2536 Lu-

96 2558 251 2590 namque
275 2549 482 2592 rubentem]
521 2549 684 2591 „Facete
708 2548 825 2583 Hora-

96 2596 183 2639 tius,
208 2598 250 2630 ut
274 2596 490 2630 ostenderet
503 2596 698 2636 ‚Canidiam
724 2596 826 2640 peio-

96 2653 174 2676 rem
200 2646 236 2677 et
260 2643 378 2688 magis
411 2641 698 2677 abominabilem
728 2646 825 2677 cete-

96 2689 150 2723 ris
176 2689 371 2733 veneficis,
406 2690 544 2734 quibus
575 2690 668 2724 alias
694 2689 825 2724 adesse

205 2759 306 2785 Horat.
323 2759 389 2784 Vol.
406 2759 445 2784 11.
472 2759 526 2785 Ed.
543 2760 639 2784 minor
656 2759 690 2784 V.

869 717 991 750 solent
1023 715 1150 758 Luna,
1186 715 1326 758 Diana,
1365 715 1492 749 Trivia
1523 716 1600 749 sive

869 773 1097 807 quocunque
1138 763 1290 797 nomine
1331 765 1483 797 vocetur
1530 763 1602 796 hoc

868 821 1021 851 numen,
1047 810 1155 855 fingit
1179 811 1391 851 Lunamque
1415 811 1603 843 rubemem

868 858 960 891 σου*
986 856 1207 891 ΕὈιινιιιιιι
1232 857 1279 891 ad
1298 857 1436 891 charit.
1457 868 1495 901 p.
1521 858 1602 890 376.

867 904 1068 938 Petronius
1102 904 1141 938 C.
1177 906 1256 938 122.
1294 915 1327 938 v,
1368 906 1452 938 129:
1495 905 1602 937 Parte

868 952 946 985 alia
966 953 1094 993 plenos
1120 953 1293 986 exstinxit
1311 952 1465 992 Cynthia
1480 951 1601 984 voltus

867 1000 914 1031 Ει
940 999 1054 1032 lucem
1087 1000 1215 1032 sceleri
1245 1000 1430 1032 subduxit.
1457 1017 1500 1022 —
1526 1006 1604 1031 ma-

869 1046 1142 1089 ana-sepulcra]
1167 1046 1208 1079 in
1235 1045 1374 1090 quibus
1400 1046 1604 1080 haeserunt

867 1092 1119 1137 Interpretes,
1145 1094 1234 1127 sunt
1258 1092 1501 1137 polyandria,
1525 1093 1601 1126 fos-

869 1150 943 1182 sae,
968 1140 1008 1173 in
1036 1150 1128 1184 quas
1154 1139 1387 1185 aliquamdiu
1412 1140 1471 1173 vel
1495 1139 1604 1174 cada-

870 1197 958 1220 vera
1005 1187 1089 1231 ipsa
1129 1187 1187 1221 vel
1229 1189 1476 1221 crematorum
1518 1197 1603 1221 ossa

870 1234 1155 1276 deiiciebantur,
1170 1234 1289 1268 donec
1303 1234 1603 1278 complerentur;

870 1284 948 1314 tum
973 1282 1140 1315 tumulus
1167 1281 1511 1325 superstruebatur.

918 1329 1039 1361 37-39.
1079 1331 1187 1369 caput
1211 1327 1402 1370 inquiner]
1427 1327 1529 1372 quod
1554 1338 1603 1361 ne

872 1375 1075 1416 accideret,
1101 1375 1290 1418 capitibus
1317 1375 1604 1409 simulacrorum

871 1421 940 1454 sub
974 1421 1035 1456 dio
1068 1422 1278 1466 positorum
1310 1421 1605 1466 imponebantur

871 1468 1049 1512 opercula
1078 1479 1190 1503 aerea
1221 1469 1414 1511 inaurata,
1448 1480 1493 1503 ex
1520 1469 1605 1513 qui-

870 1515 940 1549 bus
966 1515 1038 1549 orti
1071 1519 1159 1549 sunt
1191 1517 1303 1549 nimbi
1337 1526 1434 1560 quos
1467 1515 1603 1550 dicunt

871 1561 1102 1596 Sanctorum.
1130 1582 1172 1586 -—
1198 1564 1346 1596 mictum
1372 1563 1461 1606 cet]
1496 1562 1602 1597 Sum-

868 1620 968 1642 mum
993 1610 1064 1643 hoc
1090 1610 1216 1644 scelus
1242 1612 1316 1652 est,
1349 1610 1451 1654 quod
1475 1610 1515 1643 in
1542 1610 1604 1644 dei

870 1656 1112 1690 simulacrum
1144 1657 1289 1690 admitti
1321 1659 1480 1701 poterat.
1528 1656 1603 1691 No-

868 1706 946 1736 tum
972 1703 1067 1737 illud
1084 1704 1207 1738 Persii
1236 1707 1266 1746 1,
1295 1706 1380 1738 113:
1406 1706 1520 1737 Pueri
1543 1714 1603 1738 sa—

870 1759 929 1783 cer
954 1753 1003 1784 esi
1032 1751 1150 1784 locus!
1175 1754 1282 1785 eoelra
1305 1753 1436 1785 meiite.
1473 1751 1603 1786 Iuven.

871 1800 903 1840 1,
923 1799 1008 1831 131:
1034 1799 1145 1831 cuius
1169 1799 1219 1831 aa
1244 1799 1399 1840 effiaiem
1423 1807 1497 1831 non
1522 1801 1604 1832 lan-

870 1848 946 1877 tum
982 1846 1113 1878 meiere
1153 1846 1212 1886 sas
1249 1848 1312 1879 est.
1361 1845 1467 1879 Idem
1503 1846 1604 1880 valet

870 1892 914 1925 de
940 1892 1106 1926 tumulis.
1155 1891 1240 1926 vid.
1266 1892 1313 1926 ad
1337 1893 1417 1926 Art.
1443 1892 1547 1926 Post.
1568 1904 1603 1926 v.

871 1940 950 1972 471.
978 1959 1020 1963 —
1048 1940 1166 1972 lulius
1193 1940 1276 1983 cet]
1309 1940 1483 1984 „quidam
1507 1940 1602 1973 infa-

871 1996 949 2020 mes
986 1987 1164 2030 temporis
1197 1986 1315 2020 illius.
1364 1987 1439 2020 Alii
1472 1987 1604 2020 dicunt

870 2035 999 2077 poetas
1024 2033 1143 2067 fuisse
1166 2034 1383 2077 pessimos.“
1421 2033 1543 2067 Aeno.
1558 2053 1602 2057 —

870 2080 1036 2122 fragilis]
1093 2083 1314 2123 enervatus,
1369 2080 1603 2115 effeminatus

872 2126 1107 2160 libidinibus.
1150 2146 1192 2150 —
1236 2127 1424 2170 Pediatia]
1475 2127 1603 2161 Con.

874 2173 1013 2211 CRUQ.:
1054 2173 1288 2215 „Pediatius,
1327 2185 1444 2218 eques
1469 2174 1604 2209 Romae

872 2231 955 2262 nus,
980 2220 1206 2264 patrimonio
1221 2223 1442 2264 consumpto
1461 2232 1501 2255 se
1518 2233 1604 2266 pro-

872 2267 1007 2308 stituit,
1033 2277 1149 2311 quare
1169 2267 1349 2302 Horatius
1373 2271 1515 2302 mutato
1540 2279 1604 2314 ge-

872 2325 962 2348 nere
988 2315 1190 2347 Pedialiam
1214 2314 1421 2349 nominavit
1448 2320 1603 2360 propter

871 2361 1099 2395 mollitiem.“
1148 2361 1230 2395 Hoc
1279 2373 1371 2397 sane
1419 2362 1602 2396 credibile

873 2411 941 2441 est.
1002 2408 1063 2442 Sic
1110 2408 1300 2453 Aristoph.
1348 2408 1472 2443 Nubb.
1523 2411 1603 2443 678.

873 2454 1076 2489 Sostratam
1107 2457 1144 2489 et
1168 2455 1408 2500 Cleonymam
1441 2467 1509 2500 pro
1542 2467 1605 2490 ve—

873 2502 925 2536 ris
957 2502 1174 2536 nominibus
1208 2502 1309 2537 dicit.
1361 2503 1437 2537 Cic.
1468 2503 1514 2536 de
1540 2502 1603 2536 Or.

874 2550 915 2591 2,
948 2551 1012 2591 68,
1046 2551 1133 2584 277:
1172 2549 1215 2589 Q.
1241 2549 1412 2594 Opimius
1445 2549 1491 2583 ad
1516 2548 1604 2594 Egi-

873 2596 984 2629 linm:
1027 2597 1122 2638 Quid
1146 2599 1205 2639 lu,
1241 2598 1366 2638 Eqilia
1390 2598 1496 2629 mea?
1533 2598 1603 2630 cet.

873 2642 969 2676 Sunt
993 2644 1058 2687 qui
1082 2654 1215 2688 parum
1245 2643 1491 2688 probabiliter
1521 2643 1605 2676 iun-

873 2692 963 2735 gant
1004 2693 1038 2748 et
1077 2692 1221 2732 rraqilis
1266 2691 1386 2724 Iulius
1425 2691 1603 2732 Pediatia,

1376 2759 1391 2783 '1
