1774 2930
134 138 219 180 312
604 136 810 171 HORATH
834 137 1182 172 EPISTOLARUM

251 238 435 281 Cultello
468 239 661 295 proprios
692 242 949 294 purgantem
977 239 1131 282 leniter
1160 254 1340 296 ungues.

250 309 463 363 Demetri,
499 334 551 339 -
583 323 690 365 puer
720 309 790 351 hic
821 323 907 351 non
938 309 1060 352 laeve
1091 311 1209 353 iussa
1238 311 1428 368 Philippi
1453 315 1457 317 ’

251 381 502 437 Accipiebat
535 405 589 410 -—
621 381 710 434 abi,
743 395 902 437 quaere
933 385 976 423 et
1006 381 1132 434 refer,
1162 381 1276 424 unde
1307 382 1447 436 domo,
1477 385 1586 439 quiS,

252 452 384 494 Cuius
415 452 625 505 fortunae,
657 466 740 508 quo
778 453 834 493 sit
865 456 985 508 patre
1017 467 1155 508 quove
1186 456 1379 509 patrono.

250 524 306 577 It,
338 523 451 566 redit
481 527 525 566 et
555 527 716 577 narrat,
749 523 966 566 Volteium
998 524 1169 566 nomine
1199 524 1389 576 Menam,

1589 526 1642 566 55

250 595 531 648 Praeconem,
565 595 682 637 tenui
715 609 864 648 censu,
898 595 991 637 sine
1023 595 1219 648 crimine,
1252 600 1418 648 notum,

249 666 307 708 Et
338 680 568 723 properare
599 667 691 708 loco
724 671 767 708 et
798 680 966 708 cessare
998 670 1039 708 et
1071 681 1276 722 quaerere
1308 672 1351 709 et
1381 667 1443 708 uti

227 799 283 830 51.
314 799 467 839 proprio
494 797 607 830 Codd.
633 796 757 841 pauci.
801 796 873 838 (Ut
899 807 979 838 nos,
1006 796 1161 840 bSchp
1189 799 1236 838 et,
1262 800 1303 830 ut
1329 796 1486 839 videtur,
1511 796 1598 830 Pot-

181 844 281 878 tierii
309 845 464 886 omnes.)
494 864 535 868 —
563 846 620 878 56.
653 845 731 877 sine
757 845 923 886 crimine,
949 847 1091 886 notum,
1117 843 1183 887 Ει]
1218 843 1280 878 Sic
1312 843 1488 878 distinxi:
1521 845 1598 876 sine

180 893 330 926 crimine
355 894 481 925 nolum
504 894 551 925 Et
576 890 767 933 LCtFMO,
792 893 869 924 sine
894 893 1067 934 crimines
1083 894 1209 925 notum
1225 893 1271 924 Et
1297 902 1325 931 s,
1350 893 1428 925 sine
1449 891 1598 924 crimine

181 943 317 981 nalum,
343 941 390 972 Ει
417 951 437 973 e
465 939 578 973 Codd.
605 940 695 981 (non
724 939 819 980 suis)
846 938 1055 972 Bentleius.

131 1034 204 1068 iam
231 1034 388 1079 Eupolis
412 1034 452 1067 in
478 1034 657 1068 Meinekii
684 1033 743 1067 Fr.
763 1033 863 1067 Com.

130 1081 178 1114 Π.
203 1093 239 1126 p.
266 1084 358 1116 499:
395 1082 471 1115 Καὶ
505 1077 610 1115 πόλλ’
642 1078 792 1124 ’ἔμαθον
824 1092 865 1113 ει

132 1132 231 1162 τοῖσι
264 1130 456 1184 κουρείοις
494 1127 568 1173 ἐγω
599 1126 760 1170 Ἁτόπως
797 1139 866 1161 κα-

130 1177 246 1219 θίζων
270 1175 383 1210 κούδὲ
408 1189 492 1221 γιγι
495 1175 634 1210 ω’σκειν
658 1175 794 1209 δοκῶν.
822 1195 864 1200 —

129 1225 321 1267 proprios]
361 1225 515 1279 „ipsum
554 1224 646 1267 sibi,
683 1234 760 1257 non
798 1234 866 1267 per

131 1271 349 1306 tonsorem“
353 1297 362 1314 ‚
394 1272 459 1316 qui
484 1274 563 1306 tum
588 1271 717 1316 aliquo
742 1270 867 1304 abisse

131 1319 345 1353 censendus
371 1322 445 1362 est,
477 1319 578 1353 unde
604 1329 681 1353 non
707 1317 869 1352 habebat

135 1377 298 1411 quocum
357 1367 676 1401 sermocinaretur
724 1365 866 1400 Menas.

133 1414 274 1448 Contra
298 1414 420 1448 Plaut.
444 1414 531 1448 Aul.
557 1415 590 1458 2,
615 1416 649 1455 4,
676 1415 743 1447 33:
771 1414 869 1455 Quin

130 1463 202 1503 ipsi
224 1463 365 1503 pridem
391 1464 515 1496 tom-or
545 1470 684 1503 unques
709 1462 868 1502 dempse-

130 1513 203 1542 rat.
230 1529 272 1533 —
301 1509 446 1552 leniter]
480 1509 716 1553 „tranquillo
741 1509 866 1542 animo

131 1559 169 1590 et
186 1557 267 1591 sine
286 1557 365 1591 ulla
386 1557 641 1596 festinatione
668 1557 866 1598 nemach-

133 1605 247 1646 lictu
260 1605 277 1622 ‘⁴
326 1604 503 1638 videlicet
544 1605 648 1638 lenta
688 1604 757 1637 hac
799 1614 867 1636 un-

131 1652 261 1696 guium
298 1652 522 1697 purgatione
561 1652 669 1696 quasi
705 1651 868 1685 delecta-

131 1699 242 1732 batur
261 1699 317 1733 vir
336 1699 470 1741 bonus,
498 1699 562 1743 qui
581 1698 738 1743 alioqui,
765 1698 865 1742 quod

131 1746 283 1789 faceret,
309 1758 384 1780 non
412 1746 584 1781 habebat.

180 1819 315 1851 52-56.
346 1819 510 1851 Demetri
535 1817 619 1859 cet]
645 1817 723 1849 Iam
747 1815 866 1849 homi-

132 1865 191 1898 nis
218 1875 293 1898 non
321 1865 403 1898 sine
430 1864 590 1909 quadam
619 1863 772 1908 pigritia
798 1873 866 1896 sua

131 1916 230 1946 sorte
268 1912 435 1946 contenti
474 1912 596 1945 voltus
638 1910 865 1954 habitusque

131 1959 270 1994 excitat
293 1959 530 2004 Philippum,
564 1963 605 1992 ut
637 1958 761 1991 iocum
794 1957 864 1991 sibi

130 2010 256 2051 paret,
294 2017 369 2040 non
403 2009 557 2051 propter
590 2006 719 2039 nescio
754 2016 866 2049 quam

131 2053 313 2088 invidiam
337 2057 403 2088 aut
427 2053 618 2095 malitiam,
645 2053 754 2086 cuius
781 2063 865 2086 eum

131 2102 355 2135 insimulant
397 2101 630 2145 Interpretes
678 2100 866 2142 nonnulli,

133 2150 198 2183 sed
234 2153 388 2193 propter
429 2160 567 2196 meram
599 2145 866 2202 εὐτρατελίαν.

135 2216 177 2220 —-
193 2206 267 2230 non
285 2197 398 2239 laeve]
426 2194 472 2229 οὐ
492 2195 646 2237 σκαιῶς
675 2195 764 2238 „sed
781 2195 869 2229 dex-

133 2245 329 2286 terrimeg‘*
358 2246 459 2278 docte
485 2247 518 2276 οι
543 2244 690 2277 cordate
718 2245 751 2276 et
777 2245 866 2283 cate,

134 2294 177 2324 ut
201 2291 254 2324 ait
277 2291 435 2325 Plautus
459 2291 575 2325 Poen.
604 2293 635 2332 1,
655 2293 686 2331 1,
705 2292 736 2323 3.
775 2290 866 2323 Adv.

134 2340 235 2372 laeve
272 2339 383 2372 hodie
420 2333 522 2381 ἅπαξ
558 2334 766 2381 λεγόμενον
800 2339 867 2379 est,

132 2386 234 2419 unde
253 2385 550 2431 Ouninghamius
573 2384 768 2419 substituit
794 2385 867 2417 lae-

132 2441 210 2466 vus.
247 2452 288 2456 -—
321 2433 551 2476 Accipiebat]
592 2433 796 2476 „excipere
830 2434 868 2464 et

134 2481 308 2514 celeriter
333 2481 489 2524 exsequi
516 2480 692 2514 solebat.“
709 2498 754 2503 -
772 2480 866 2512 unde

133 2527 253 2570 domo]
280 2527 385 2572 Virg.
411 2528 504 2560 Aen.
532 2529 564 2569 8,
593 2530 682 2560 114:
714 2527 784 2568 Qui
809 2535 867 2567 qe-

133 2577 227 2608 nus?
264 2577 360 2608 unde
393 2576 522 2608 domno?
560 2576 695 2607 Domus
722 2573 768 2607 de
799 2583 867 2617 pa-

135 2624 227 2664 tria,
265 2625 306 2656 ut
339 2633 449 2666 saepe
483 2622 522 2654 in
554 2621 746 2664 Inscriptt.
773 2619 869 2654 Latt.

135 2649 274 2703 Doixo
301 2670 516 2702 PnRvs1A
543 2672 612 2702 cet.
637 2668 868 2712 Interrogari

135 2717 251 2762 igitur
277 2717 392 2754 iubet,
422 2728 481 2760 ,ῳ
473 2727 538 2750 iae
559 2716 640 2749 eius
664 2715 786 2758 patria
811 2716 869 2755 sit,

914 1033 1037 1076 (quis),
1064 1033 1163 1078 quod
1190 1044 1343 1074 nomen,
1375 1043 1469 1078 quae
1494 1043 1556 1067 res
1581 1034 1646 1068 do-

913 1081 1067 1114 mestica
1104 1083 1140 1114 et
1178 1080 1370 1123 condicio,
1405 1081 1647 1125 ingenuusne

915 1139 961 1162 an
989 1128 1205 1162 libertus?“
1234 1147 1275 1151 -—
1303 1130 1355 1170 lt,
1378 1129 1474 1162 redit
1501 1130 1534 1161 el
1559 1136 1647 1161 nar·

914 1175 990 1218 rat]
1030 1175 1252 1210 Mirabiliter
1289 1175 1380 1209 haec
1416 1174 1648 1219 respondent

915 1222 1039 1257 verbis
1071 1224 1149 1265 abi,
1185 1230 1319 1264 quaere
1344 1225 1378 1255 et
1401 1224 1521 1265 rerer-3
1556 1233 1648 1266 quo-

917 1270 1019 1304 circa
1050 1270 1131 1304 noli
1163 1269 1289 1315 legere
1321 1279 1405 1303 cum
1431 1268 1648 1314 Ouninghar

916 1317 1011 1352 mio:
1048 1318 1125 1359 abi,
1163 1325 1316 1358 quaere,
1353 1317 1464 1358 roser.
1497 1335 1540 1340 —
1573 1318 1648 1351 Me-

916 1365 1016 1408 nam]
1041 1365 1220 1409 frequens
1247 1374 1439 1399 servorum
1465 1374 1509 1398 ac
1534 1363 1648 1398 liber-

915 1414 1041 1446 torum
1074 1423 1210 1446 nomen
1242 1411 1477 1457 populariter
1502 1414 1648 1446 contra-

917 1462 1015 1494 ctum
1047 1461 1206 1494 maxime
1239 1459 1279 1492 in
1305 1458 1464 1493 dialecto
1489 1458 1650 1493 Alexan-

916 1508 1026 1541 drina
1050 1511 1092 1541 ut
1115 1509 1262 1549 Dema-5,
1286 1507 1453 1549 Apollas,
1480 1517 1526 1540 ex
1550 1517 1648 1540 nom.

915 1554 1163 1597 Menodorus,
1204 1553 1457 1597 Demodorus,
1496 1553 1649 1599 Apollo-

916 1603 1043 1636 dorus.
1079 1602 1204 1648 Igitur
1228 1613 1273 1636 ex
1296 1602 1370 1635 hoc
1394 1611 1471 1635 uno
1496 1601 1648 1635 nomine

915 1650 1114 1694 Philippus
1140 1650 1340 1694 colligebat
1365 1649 1436 1682 sibi
1458 1659 1542 1682 eum
1560 1647 1650 1680 Vol-

915 1698 982 1731 teii
1007 1698 1170 1731 alicuius
1195 1697 1332 1731 liberto
1357 1706 1435 1729 rem
1459 1695 1550 1728 fore.
1585 1694 1648 1727 Isi-

915 1744 1010 1778 berti
1050 1747 1173 1778 autem
1210 1754 1257 1777 ex
1289 1753 1361 1776 usu
1391 1741 1649 1776 Romanorum

911 1795 1019 1832 patro
1053 1792 1173 1832 nullo,
1207 1792 1285 1824 sine
1312 1791 1422 1831 patre
1447 1791 1544 1823 certo
1570 1789 1647 1823 nati

915 1842 1040 1882 erant3
1079 1840 1306 1882 quapropter
1338 1847 1414 1870 non
1446 1836 1651 1881 respondet

915 1885 1127 1929 quaestioni
1151 1894 1222 1926 quo
1242 1887 1349 1927 patre
1366 1894 1400 1917 v.
1419 1886 1474 1917 54.
1495 1903 1536 1908 —
1557 1883 1650 1917 Ver-

914 1933 972 1967 bis
1014 1934 1116 1966 cuius
1156 1934 1329 1974 fortunae
1370 1930 1574 1976 respondet
1614 1942 1648 1964 v.

912 1988 1148 2021 praeconem,
1230 1979 1650 2020 Stadtausruser

915 2026 1024 2061 Voss.
1051 2027 1126 2061 Cfr.
1160 2037 1193 2063 v.
1226 2028 1283 2060 65.
1309 2044 1353 2049 -
1378 2027 1455 2059 sine
1485 2024 1649 2068 mmine]

914 2075 1306 2108 unbescholten.
1357 2072 1433 2106 Ofr.
1466 2071 1509 2106 A.
1542 2071 1584 2106 P.
1616 2082 1649 2105 v.

917 2124 1003 2155 384:
1032 2123 1296 2156 vitio-remotus
1321 2121 1367 2154 ab
1393 2121 1492 2153 omni
1515 2119 1658 2161 (sum).'

918 2189 960 2193 —
971 2169 1110 2212 notum]
1124 2169 1297 2203 absolute
1310 2167 1482 2212 ponitur:
1498 2169 1651 2208 „notum

916 2217 1015 2250 inter
1032 2218 1202 2250 homines
1221 2215 1388 2250 eiusdem
1401 2213 1649 2256 condicionis,

916 2265 968 2298 ita
992 2267 1033 2298 ut
1059 2274 1103 2297 ex
1133 2264 1267 2297 horum
1285 2261 1454 2307 quolibet
1475 2260 1521 2295 de
1539 2260 1651 2295 mori-

915 2313 987 2346 bus
1006 2314 1043 2345 et
1059 2311 1186 2345 indole
1200 2311 1281 2344 eius
1299 2309 1482 2344 sciscitari
1498 2308 1626 2350 liceat3
1616 2308 1648 2327 ⁰⁸

916 2362 994 2392 tum
1007 2358 1149 2403 pergit:
1172 2360 1227 2399 „et
1240 2365 1442 2399 properare
1462 2357 1560 2389 loco“
1580 2358 1650 2389 cet.

918 2406 978 2440 Sic
1005 2406 1141 2440 Caesar
1166 2405 1207 2438 Β.
1235 2404 1273 2438 G.
1301 2406 1333 2447 2,
1361 2406 1422 2438 19:
1447 2411 1522 2436 non
1548 2402 1649 2445 (fuit)

917 2455 1002 2487 civis
1019 2455 1209 2486 Romanus
1232 2453 1346 2493 paulo
1370 2451 1536 2492 notior,
1562 2451 1651 2491 quin

916 2502 965 2534 ad
989 2502 1083 2534 diem
1109 2500 1323 2533 conveniret.
1349 2497 1443 2543 Epp.
1468 2500 1506 2539 1,
1530 2498 1563 2538 6,
1585 2497 1649 2530 25:

917 2550 1003 2582 Cum
1027 2550 1129 2581 bene
1151 2547 1389 2579 notum-via
1406 2548 1440 2578 le
1457 2551 1649 2584 conspexe-

917 2597 966 2628 rit
991 2596 1097 2637 Appi-

967 2668 1057 2701 57-—
1062 2668 1118 2699 59.
1151 2666 1197 2697 Et
1224 2671 1427 2705 properare
1458 2661 1544 2704 cet.]
1583 2662 1651 2703 „et

920 2713 1027 2748 modo
1062 2711 1222 2757 negotiis
1263 2710 1394 2744 sedulo
1428 2719 1561 2743 vacare
1596 2707 1649 2741 vi-
