1774 2930
658 177 752 213 Ans
773 175 998 212 PORTIOA.

1497 171 1585 213 49⁷

194 281 375 340 Semper
404 281 459 324 ad
489 284 691 324 eventum
719 278 896 322 festinat
925 280 970 319 et
996 276 1043 317 in
1071 273 1235 318 medias
1265 287 1334 316 res

193 352 292 396 Non
322 366 448 396 secus
478 366 528 394 ac
557 355 682 393 notas
712 349 951 392 auditorem
979 347 1092 403 rapit
1122 350 1185 399 et,
1216 358 1326 401 quae

193 423 409 480 Desperat
436 426 617 465 tractata
644 422 856 463 nitescere
884 431 1033 475 posse,
1063 416 1285 472 relinquit,

1506 414 1588 455 150

195 493 339 551 Atque
367 494 430 536 ita
458 493 683 546 ment-itur,
715 492 776 533 sic
805 490 919 533 veris
949 488 1060 531 falsa
1088 487 1306 540 remiscet,

194 565 342 607 Primo
372 579 427 607 ne
457 563 665 616 medium,
695 561 838 605 medio
868 575 924 603 ne
954 559 1168 615 discrepet
1196 558 1341 599 imum.

197 635 284 690 Tu,
316 635 419 692 quid
449 648 530 690 ego
561 637 605 676 et
632 633 816 689 populus
846 645 1014 674 mecum
1044 629 1275 682 desideret,
1307 627 1428 670 audi:

199 705 247 749 Si
266 706 488 767 plausoris
519 718 622 761 eges
653 704 805 747 aulaea
833 702 1045 745 manentis
1076 705 1120 743 et
1148 713 1285 756 usque

177 866 256 899 154.
278 863 478 907 plausor-is]
503 864 661 906 fautoris
685 861 880 897 Bentleius
906 859 1136 895 coniectura.

83 1010 124 1034 e.
157 1001 246 1041 Τοῖς
268 998 309 1032 δὲ
332 996 430 1042 μετὰ
454 994 631 1046 τριτάτην
658 995 812 1040 Ἑλένην

82 1048 186 1087 τέκε,
216 1046 352 1090 θαῦμα
382 1045 568 1093 βροτοῖσι·
609 1042 687 1088 Τήν
720 1054 814 1078 ποτε

82 1093 319 1136 καλλίκομος
341 1092 507 1135 Νέμεσις
537 1089 718 1135 φιλότητι
747 1103 814 1134 μι-

81 1143 193 1184 γεῖσα
227 1141 341 1184 erl,
376 1139 477 1173 θεῶν
513 1138 691 1183 βασιλῆι
728 1140 814 1172 τέκε

81 1186 269 1234 κρατερῆς
290 1184 354 1220 ὑπ’
378 1183 560 1231 ἀνάγκης,

131 1235 331 1268 148-152.
363 1234 549 1276 eventum]
578 1244 814 1280 „zarae-190-

85 1279 168 1324 φήν
191 1283 305 1325 atque
334 1281 473 1314 exitum
498 1281 668 1323 fabulae,
701 1291 814 1325 quam

84 1328 246 1362 narrat!
273 1346 318 1351 —
342 1328 507 1370 festinat]
535 1328 609 1369 „ita
632 1327 814 1372 procedit,

84 1377 129 1408 ut
163 1384 359 1418 nunquam
390 1374 675 1419 rhapsodiarum
710 1385 816 1408 exor-

85 1421 160 1456 diis
185 1420 420 1466 epilogisque
453 1424 491 1455 et
514 1421 815 1467 digressionibus

86 1467 378 1513 supervacaneis
404 1479 444 1502 se
462 1468 544 1512 ipse
570 1468 738 1513 implicet
761 1471 815 1502 at-

87 1526 162 1560 que
193 1515 404 1560 impediat.“
431 1533 476 1539 —
501 1517 542 1548 in
569 1517 710 1549 medias
733 1515 815 1558 res]

88 1563 183 1605 „ita,
207 1565 251 1596 ut
282 1562 400 1596 lector
434 1573 562 1596 earum
585 1562 817 1607 principium

86 1609 187 1643 haud
235 1609 444 1652 desideret3
458 1609 474 1627 ¹⁴
524 1609 643 1643 veluti
692 1609 817 1643 statim

86 1655 220 1711 Odyss.
260 1667 306 1697 α,
348 1659 412 1690 11:
451 1652 557 1689 ’'⁷Ev19
596 1652 707 1712 ᾄλλοι
746 1656 817 1699 μὲν

86 1700 235 1745 πάντες,
258 1698 351 1737 ὅσοι
375 1699 502 1747 φύγον
525 1701 639 1736 αἰπὺν
655 1690 818 1750 ὄλεθρον

43 1786 46 1788 ,
86 1746 397 1784 Οῗκοιεσανκτλ.
415 1750 689 1792 cic.adAtt.1‚
708 1753 817 1793 16,1:

84 1798 321 1839 Respondebo
345 1798 412 1831 tion·
434 1808 598 1844 υστερον
620 1795 817 1845 πρότερον,

82 1841 304 1892 Ομηρωιῶς.
340 1844 498 1884 Quintil.
524 1847 558 1887 7,
583 1846 639 1887 10,
667 1847 730 1878 11:
754 1846 819 1878 ubi

88 1893 136 1924 ab
170 1893 287 1925 italiis
318 1893 585 1934 incipiendum,
621 1893 685 1925 ubi
715 1900 817 1926 more

86 1939 283 1970 Homerico
310 1948 328 1971 e
350 1940 477 1971 mediis
500 1940 560 1972 vel
584 1940 748 1972 ultimis?
773 1959 816 1963 -—

89 1985 173 2017 Non
202 1992 303 2016 secus
335 1993 380 2017 ac
411 1985 541 2027 notas]
572 1986 681 2029 quasi
706 1986 817 2019 debe-

90 2032 177 2063 rent
210 2029 361 2064 iamiam
398 2033 510 2064 notae
547 2042 629 2065 esse
668 2032 819 2066 lectori-

79 2076 206 2119 ·bus;“
241 2087 339 2121 quae
370 2077 454 2120 ipsa
480 2077 641 2111 maxima
665 2082 722 2112 est
746 2078 820 2111 vir-

89 2126 152 2158 tus
184 2123 414 2158 narrationis
446 2123 631 2158 evidentis
655 2135 699 2158 ac
723 2124 821 2158 dilu-

91 2170 209 2204 cidae.
244 2189 287 2194 --
321 2172 500 2212 Desperat
535 2173 697 2204 tractata
734 2171 819 2214 cet-1

93 2216 266 2258 „Omittit
302 2218 446 2259 omnia,
484 2228 579 2262 quae
618 2228 664 2251 ex
698 2218 820 2262 ipsius

92 2274 208 2298 sensu
239 2275 328 2298 vere
360 2265 507 2308 poetico
539 2265 694 2299 tractari
733 2265 819 2299 ideo

92 2320 169 2344 non
194 2310 342 2353 debent,
368 2311 460 2355 quia
476 2312 582 2346 nulla
606 2323 666 2346 ars
692 2312 740 2346 iis
765 2314 820 2345 m·-

93 2359 227 2400 torem,
258 2357 299 2391 id
331 2361 408 2399 est,
441 2362 613 2393 ornatum
639 2370 681 2393 ac
704 2370 821 2393 venu-

94 2405 246 2446 statem,
271 2405 468 2461 ‘praebere
508 2409 651 2450 potest3
693 2406 820 2451 itaque

92 2449 187 2484 fines
218 2452 344 2495 poesis
378 2463 571 2497 nunquam
604 2453 820 2497 migrat.—

92 2498 288 2541 menlimr]
331 2498 510 2533 Consulto
557 2500 710 2534 duriore
750 2501 822 2534 hoc

92 2544 207 2579 verbo
250 2556 341 2579 usus
382 2549 458 2589 est,
498 2549 542 2580 ut
581 2547 821 2592 significaret,

94 2594 235 2635 quanta
250 2571 478 2627 confidentia
493 2594 643 2638 poetica
660 2597 697 2627 et
710 2605 821 2648 quam

94 2637 195 2672 felici
220 2650 398 2674 successu
415 2639 601 2675 Homerus
628 2641 739 2675 etiam
755 2642 823 2674 mi-

96 2685 225 2719 racula
264 2697 308 2720 ac
349 2690 522 2731 portenta
557 2688 739 2722 finxisset.
778 2708 821 2712 —

97 2732 212 2764 medio
239 2741 286 2766 ne
307 2735 490 2776 discrepet
514 2735 648 2778 mum]
675 2735 751 2769 Cic.
777 2735 823 2770 de

201 2801 303 2828 Horat.
320 2803 385 2829 Vol.
402 2803 442 2829 11.
478 2805 532 2830 Ed.
549 2806 645 2830 minor
661 2805 696 2831 V.

859 996 969 1030 Finn.
995 998 1036 1038 5,
1062 996 1126 1037 28,
1159 995 1227 1028 83:
1264 995 1496 1036 Respondent
1530 1001 1594 1027 ex·

861 1047 978 1077 trema
1030 1043 1178 1084 primis,
1241 1042 1362 1075 media
1416 1041 1592 1083 utrisque,

861 1092 983 1124 omnia
1008 1091 1184 1123 omnious.

907 1137 978 1171 Vv.
1010 1137 1207 1171 153—178.
1240 1135 1368 1177 docet,
1405 1134 1592 1180 quomodo

861 1186 900 1218 in
938 1184 1132 1230 tragoedia
1164 1186 1203 1217 et
1232 1183 1273 1216 in
1307 1182 1500 1217 comoedia
1532 1192 1595 1216 ex-

861 1232 974 1276 primi
1000 1231 1163 1265 debeant
1194 1230 1334 1264 diversi
1360 1229 1595 1264 diversarum

862 1282 1024 1313 aetatum
1049 1288 1173 1312 mores
1199 1280 1237 1311 et
1260 1277 1433 1319 affectus,
1466 1280 1510 1310 ut
1533 1286 1595 1310 ve-

862 1327 955 1360 ritas
987 1325 1137 1370 poetica
1170 1324 1244 1358 sibi
1278 1326 1425 1358 constet
1449 1335 1492 1358 ac
1518 1334 1595 1357 ser-

861 1376 981 1407 vetur.
1029 1372 1129 1407 Usus
1166 1374 1294 1406 autem
1325 1382 1408 1406 esse
1444 1371 1596 1405 videtur

863 1420 1079 1456 Aristotelis
1103 1419 1259 1453 Rhetor.
1285 1421 1319 1461 2,
1346 1420 1401 1452 12.
1428 1419 1515 1463 (qui
1540 1418 1597 1452 lo-

864 1478 931 1502 cus
964 1470 1066 1501 totus
1100 1469 1158 1501 est
1189 1465 1396 1511 legendus)
1429 1466 1489 1500 vel
1521 1465 1596 1499 alio

863 1515 1035 1556 rhetore,
1069 1514 1137 1558 qui
1164 1512 1364 1559 Stagirites
1389 1513 1598 1547 doctrinam

865 1564 1017 1596 secutus
1043 1563 1135 1595 erat.

916 1610 1113 1642 153—157.
1155 1608 1230 1651 Tu]
1268 1610 1311 1641 ut
1347 1618 1459 1652 saepe
1497 1607 1598 1652 apud

864 1655 1081 1690 Horatium:
1109 1655 1207 1698 „Tu,
1231 1654 1334 1698 Piso,
1359 1655 1392 1688 si
1417 1655 1512 1688 forte
1537 1665 1599 1688 ve-

866 1703 914 1737 lis
939 1702 1170 1748 tragoediam
1197 1712 1433 1747 componere,
1459 1703 1497 1736 et
1514 1701 1599 1746 qui-

865 1750 922 1784 vis
959 1750 1058 1784 alius
1092 1760 1262 1784 meorum
1298 1749 1517 1783 lectorum.“
1552 1767 1597 1772 —

861 1798 1022 1839 populus
1040 1796 1191 1840 mecum]
1210 1797 1451 1842 „pariterque
1469 1806 1599 1830 omnes

866 1847 1114 1888 spectatores,
1139 1844 1230 1889 quia
1254 1844 1309 1878 sic
1333 1843 1439 1877 iubet
1463 1853 1599 1877 sensus

866 1891 1110 1926 communis.“
1138 1911 1182 1915 —
1206 1890 1409 1933 plausoris]
1433 1890 1599 1925 Bentleii

866 1939 979 1973 lectio
1005 1940 1175 1980 fautoris,
1205 1941 1473 1983 praeterquam
1499 1938 1599 1982 quod

866 1996 934 2029 per
960 1996 999 2019 se
1023 1997 1156 2029 parum
1181 1985 1388 2029 probabilis
1414 1988 1487 2026 est,
1512 1985 1599 2019 ideo

866 2032 1103 2086 potissimum
1116 2033 1324 2066 reiicienda
1336 2031 1497 2074 videtur,
1511 2033 1601 2076 quia

867 2079 907 2116 in
933 2089 974 2111 re
1000 2079 1152 2112 scenica
1180 2078 1368 2123 significat
1393 2089 1499 2121 eum,
1533 2080 1599 2123 qm'

867 2125 929 2158 vel
968 2128 1122 2169 propter
1162 2125 1329 2159 studium
1370 2136 1460 2179 erga
1498 2126 1601 2161 hunc

867 2171 1022 2205 illumve
1055 2174 1221 2206 actorem
1253 2173 1313 2206 vel
1346 2172 1458 2206 etiam
1491 2183 1601 2206 nnm-

867 2219 939 2252 mis
974 2219 1184 2253 conductus
1216 2220 1306 2254 huic
1338 2220 1405 2252 uni
1441 2219 1601 2264 plaudit,

868 2265 956 2299 dum
981 2266 1075 2300 alios
1109 2266 1304 2310 exsibilat3
1333 2267 1489 2308 plausor
1513 2278 1601 2301 con-

867 2315 927 2347 tra
950 2316 1025 2356 est,
1058 2314 1125 2358 qui
1150 2315 1301 2348 sincera
1324 2315 1417 2348 artis
1442 2314 1602 2349 admira-

868 2360 972 2394 tione
1013 2361 1199 2405 impulsus
1236 2361 1434 2406 applaudit
1466 2364 1599 2406 poetae

868 2408 986 2452 magis
1022 2418 1136 2452 quam
1171 2409 1359 2442 histrioni.
1387 2427 1429 2431 —
1464 2410 1602 2443 aulaea

868 2454 1062 2497 manentis]
1090 2466 1234 2500 „usque
1257 2456 1305 2490 ad
1322 2455 1471 2490 fabulae
1488 2456 1600 2490 finem

869 2501 1043 2545 attenti3“
1063 2502 1203 2546 quibus
1216 2503 1341 2537 verbis
1355 2503 1467 2536 simul
1485 2503 1603 2547 signi-

869 2547 956 2582 ficat
989 2559 1028 2583 se
1062 2549 1241 2594 deinceps
1276 2550 1321 2584 de
1355 2561 1493 2594 genere
1519 2550 1603 2584 dra-

869 2596 1006 2630 matico
1047 2600 1247 2641 praecepta
1287 2597 1462 2630 daturum
1506 2607 1600 2631 esse.

872 2642 968 2685 „Pro
992 2643 1114 2677 forma
1138 2647 1175 2678 et
1199 2645 1482 2678 constructione
1499 2645 1603 2678 thea-

870 2692 1015 2723 trorum
1040 2690 1140 2734 apud
1174 2693 1320 2725 veteres
1346 2691 1519 2725 aulaeum
1544 2691 1602 2735 pi·

872 2737 990 2771 oturis
1024 2740 1197 2771 ornatum
1231 2738 1290 2771 vel
1323 2739 1526 2780 intextum,
1560 2741 1603 2771 ut

1353 2809 1389 2834 32
