1774 2930
153 161 238 203 216

652 161 860 196 HORATII
886 161 1169 198 SATIRARUM

269 261 336 304 De
367 276 414 304 re
445 263 658 305 communi
691 263 856 306 scribae
886 277 1044 319 magna
1074 268 1202 321 atque
1234 279 1347 309 nova
1375 269 1419 309 te

270 332 462 376 Orabant
490 333 619 376 hodie
649 334 938 388 meminisses,
972 334 1149 389 Quinte,
1182 337 1353 379 reverti.

267 404 488 461 Imprimat
517 404 606 458 his,
639 419 758 458 cura,
790 404 1017 448 Maecenas
1050 407 1174 463 signa
1203 407 1388 450 tabellis.

150 558 251 592 'servi
276 558 458 601 alicuius,
484 558 550 592 sed
576 559 698 603 ipsius
724 558 883 602 Horatii,

156 606 260 639 cuius
285 617 353 650 per
380 608 492 650 caput
515 607 587 640 hoc
612 606 742 640 Roscii
769 609 806 640 et
830 607 884 640 al-

154 655 274 686 terum
308 654 515 688 scribarum
549 654 741 699 negotium
774 655 884 689 salie-

155 700 225 734 bat.
244 720 288 724 —-
305 701 453 744 Puteal]
481 701 557 735 Cfr.
583 701 677 746 Epp.
705 704 736 744 1,
764 704 819 744 19,
846 704 883 735 8:

152 749 283 782 Forum
296 750 496 790 pateatque
513 750 670 782 Libonis.
693 749 883 783 Pv'rnAL

151 795 490 829 Scmssom'anum
503 797 726 841 inscriptum
746 800 803 830 est
822 797 884 831 de-

149 843 268 877 nariis
301 843 427 889 gentis
462 843 684 878 Scriboniae
718 844 883 887 (Eckhel

146 890 192 924 D.
218 890 262 924 N.
290 892 322 924 5.
348 902 385 935 p.
412 891 529 934 301.),
563 892 603 925 in
631 892 769 936 quibus
795 903 883 926 arae

147 938 238 983 lyris
274 941 311 972 et
349 940 523 983 encarpis
562 942 735 982 ornatae,
775 950 882 984 quae,

147 987 190 1018 ut
215 986 374 1028 videtur,
401 986 504 1020 iuxta
527 987 650 1031 ipsum
667 987 801 1021 Puteal
819 998 884 1032 po-

147 1033 220 1067 sita
246 1036 342 1076 erat,
367 1033 487 1067 forma
514 1034 722 1068 exhibetur.
772 1034 882 1068 Dice-

146 1080 257 1114 batur
283 1084 410 1115 autem
428 1082 571 1124 Puteal,
600 1082 690 1126 quia
707 1082 788 1115 veri
814 1094 883 1126 pu-

146 1128 256 1162 tealis
297 1129 589 1175 (περιστομὶου,
627 1131 882 1163 Brunnenein-

146 1176 335 1219 sassunq),
363 1177 482 1220 saepti
507 1179 620 1221 puteo
648 1177 881 1220 circumdati,

146 1223 308 1258 habebat
348 1223 506 1258 formam
557 1226 671 1269 atque
712 1224 759 1258 ad
801 1235 882 1258 eam

146 1281 225 1304 rem
251 1271 480 1305 destinatum
498 1274 588 1313 erat,
614 1283 662 1306 ne
689 1272 795 1306 100118
823 1283 879 1306 sa-

146 1328 228 1359 cer,
262 1319 302 1351 in
329 1330 404 1363 quo
436 1319 620 1364 fulgurita
645 1319 796 1353 condita
822 1330 880 1353 es-

147 1367 241 1407 sent,
267 1366 463 1400 hominum
480 1377 637 1401 accessu
663 1367 881 1411 profanare-

147 1416 220 1446 tur.
269 1415 367 1446 Fecit
401 1416 525 1448 autem
550 1416 759 1448 Scribonius
785 1414 880 1449 Libo

146 1460 306 1505 aliquis,
334 1463 393 1494 cui
418 1463 602 1503 negotium
626 1464 753 1495 datum
778 1472 801 1495 a
825 1472 880 1496 se-

145 1511 238 1541 natu
262 1509 399 1551 suerat,
425 1512 465 1542 ul
491 1511 719 1550 conquireret
743 1511 882 1544 sacella

146 1557 286 1588 attacta
295 1566 306 1596 ‚·
333 1574 346 1579 -
373 1574 386 1580 -
413 1565 554 1598 semper
602 1559 782 1598 foramine
829 1558 882 1590 ibi

146 1606 275 1644 aperto
303 1604 445 1636 caelum
468 1606 581 1644 patet.
608 1604 757 1638 Fnsrns
775 1604 879 1638 Miill.

145 1661 182 1694 p.
209 1652 289 1684 333.
321 1651 361 1683 in
387 1661 419 1684 v.
445 1653 735 1685 Scribonianum.
788 1654 880 1694 „Pu-

146 1699 236 1740 teal,
263 1699 369 1732 locus
394 1698 554 1741 Romae,
581 1698 627 1732 ad
654 1696 766 1743 quem
792 1709 881 1733 con-

146 1746 347 1780 veniebant
369 1746 614 1780 feneratores.
641 1746 716 1779 Alii
736 1746 880 1788 dicunt,

146 1793 185 1825 in
213 1804 287 1837 quo
314 1793 480 1828 tribunal
507 1793 651 1827 solebat
673 1804 755 1827 esse
774 1804 880 1837 prae-

115 1856 117 1859 .
147 1841 276 1874 toris.“
328 1841 423 1874 Aca.
451 1861 494 1864 —
522 1840 676 1883 adesses]
703 1841 749 1874 ad
775 1841 879 1874 testi-

147 1888 315 1921 monium
342 1888 555 1922 dicendum.
606 1888 681 1922 Cfr.
709 1888 785 1922 Cic.
811 1899 879 1932 pro

147 1934 324 1974 Quinctio
352 1939 383 1969 6.

195 1985 250 2016 36.
278 1985 334 2016 37.
361 1986 414 2017 De
432 1992 471 2016 re
490 1984 671 2016 commum
689 1983 773 2026 cet]
791 1983 882 2016 Post

145 2031 264 2064 aciem
282 2030 564 2075 Philippensem
589 2030 780 2072 Horatius,
807 2041 881 2074 quo

147 2088 186 2111 se
228 2078 454 2121 patrimonio
494 2079 655 2112 maxima
694 2089 738 2112 ex
775 2080 881 2122 parte

147 2125 351 2169 spoliatum
398 2127 649 2167 sustentaret,
700 2126 881 2169 scriptum

148 2174 405 2217 quaestorium
448 2176 701 2217 compararat3
751 2183 882 2206 verum

147 2220 192 2254 ab
230 2221 302 2254 hoc
345 2221 600 2265 quaesticulo,
643 2223 684 2253 ut
721 2220 882 2262 videtur,

148 2268 300 2301 circiter
327 2279 359 2302 a.
387 2279 423 2301 u.
451 2279 481 2302 c.
510 2270 589 2302 717.
616 2268 688 2301 iam
716 2278 798 2301 sese
825 2278 884 2301 re-

148 2318 332 2357 moverat,
367 2326 451 2349 cum
479 2317 660 2360 scriptum
686 2316 807 2358 hunc,
842 2316 884 2348 ut

147 2362 345 2406 probabile
388 2365 462 2405 est,
512 2362 755 2397 vendidisset.
807 2362 881 2396 cfr.

148 2409 272 2443 Schol.
296 2410 487 2444 Iuvenalis
513 2412 546 2452 5,
573 2413 604 2443 3.
630 2410 883 2443 Nihilominus

148 2457 294 2491 scribae
328 2460 476 2500 poetam
510 2458 676 2502 collegae
711 2458 794 2491 loco
819 2457 885 2490 ha-

149 2505 238 2538 bere
264 2508 464 2549 pergentes
492 2516 576 2538 eum
603 2504 793 2538 interdum
820 2504 883 2537 ad-

149 2552 344 2594 vocabant,
370 2552 434 2585 ubi
455 2551 500 2584 de
519 2552 633 2585 rebus
659 2552 706 2586 ad
734 2563 772 2586 se
798 2562 883 2595 per-

149 2599 358 2632 tinentibus
374 2599 645 2640 consultarent,
666 2610 738 2643 quo
757 2602 885 2643 postu-

149 2647 226 2680 lata
263 2657 349 2689 sua,
387 2646 453 2679 illo
493 2646 593 2690 apud
631 2646 884 2680 Maecenatem

150 2694 429 2736 intercedente,
470 2693 619 2727 facilius
659 2694 884 2728 obtinerent.

149 2741 299 2775 Festive
318 2743 443 2775 autem
462 2741 534 2774 hoc
552 2741 698 2775 scribae
717 2751 884 2782 munere,

934 560 1035 603 quod
1061 560 1160 594 inter
1186 561 1363 596 tenuiora
1387 564 1485 604 erat,
1511 561 1600 596 olim
1626 573 1667 597 se

932 607 1104 642 functum
1118 619 1200 642 0880
1218 611 1332 653 atque
1349 609 1565 644 etiamnunc
1578 610 1667 645 inde

934 665 972 688 se
1016 655 1226 690 molestiam
1273 657 1423 691 trahere
1468 657 1667 703 significat,

932 713 1091 746 prorsus
1134 713 1312 746 securus,
1349 706 1476 738 utrum
1512 707 1666 749 propter

932 751 1003 784 1100
1029 751 1154 794 ipsum
1179 761 1201 784 a
1218 750 1419 786 ditioribus
1438 754 1481 785 ut
1499 753 1667 786 libertino

930 799 1038 838 patre
1071 801 1180 831 natus
1206 801 1244 832 et
1275 800 1395 832 scriba
1429 798 1667 833 derideretur

933 855 1064 878 necne.
1091 845 1227 880 Verbis
1254 847 1297 879 de
1320 855 1362 880 re
1387 848 1568 880 communi
1586 849 1666 881 ute-

931 892 1070 925 bantur
1104 893 1200 927 alter
1234 893 1393 927 alterum
1428 894 1664 928 attentiorem

932 939 1130 973 reddituri.
1158 939 1217 975 Sic
1234 941 1356 975 Plaut.
1380 941 1464 975 Aul.
1485 943 1517 984 2,
1543 943 1576 984 2,
1603 943 1664 978 22:

933 989 982 1020 est
1017 989 1114 1028 quod
1147 991 1179 1020 ce
1212 989 1296 1022 volo
1331 990 1386 1022 De
1421 990 1664 1022 communire

932 1035 1123 1076 appellare
1147 1044 1229 1068 mea
1255 1039 1288 1068 et
1314 1038 1390 1069 tua.
1410 1055 1453 1060 —
1482 1035 1660 1079 Orabam]

931 1081 1052 1116 Etiam
1078 1083 1150 1116 11οο
1177 1082 1332 1116 verbum
1365 1084 1456 1118 satis
1482 1083 1665 1130 significat

931 1129 1131 1163 Horatium
1157 1141 1234 1164 non
1252 1130 1329 1164 iam
1348 1131 1511 1165 scribam
1537 1131 1664 1166 fuisse.

931 1177 1046 1210 Recte
1072 1177 1173 1210 enim
1190 1177 1361 1211 Diintzer
1380 1180 1507 1211 monet
1531 1179 1664 1221 omnia,

933 1235 1029 1268 quae
1055 1236 1122 1268 per
1148 1225 1183 1259 h.
1209 1225 1232 1258 l.
1259 1227 1515 1259 memorentur
1541 1226 1665 1259 aliena

929 1273 1086 1314 mantia,
1114 1271 1228 1306 officii
1254 1271 1391 1314 fuisse,
1417 1283 1494 1306 non
1520 1272 1664 1316 proprii

929 1322 1042 1363 atque
1069 1319 1162 1353 certi
1189 1319 1370 1353 muneris.
1405 1319 1664 1362 (Gestilliqkei-

930 1367 1015 1409 len.)
1043 1386 1086 1390 -
1115 1366 1269 1409 Quinte]
1297 1365 1423 1401 Semet
1451 1367 1574 1412 ipsum
1600 1377 1664 1411 ap-

929 1414 1072 1458 pellare
1107 1413 1256 1448 videtur
1280 1413 1480 1457 Horatius,
1513 1414 1554 1447 in
1588 1424 1664 1448 me-

930 1462 1086 1495 moriam
1120 1461 1193 1496 sibi
1228 1472 1408 1496 revocans
1435 1461 1663 1507 collegarum

930 1510 1133 1554 negotium.
1175 1509 1357 1554 Plerique
1383 1509 1456 1550 hic,
1481 1510 1524 1542 ut
1550 1519 1666 1554 supra

930 1556 976 1590 de
993 1556 1121 1590 Roscii
1141 1567 1261 1598 servo,
1288 1556 1334 1590 de
1360 1556 1569 1590 scribarum
1588 1567 1665 1590 ser-

930 1615 974 1637 vo
1008 1604 1191 1649 cogitant,
1227 1604 1288 1637 cui
1321 1614 1456 1648 parum
1489 1603 1667 1637 convenit

929 1651 1185 1695 praenominis
1213 1650 1421 1694 usurpatio.
1442 1670 1486 1674 -
1511 1649 1663 1693 reverti]

931 1709 1087 1740 „rursus
1105 1698 1236 1732 adesse
1262 1698 1301 1730 in
1327 1698 1498 1742 collegio,
1525 1697 1589 1731 ubi
1617 1696 1664 1731 de

929 1756 969 1778 re
987 1745 1091 1790 gravi
1109 1747 1222 1789 atque
1240 1744 1520 1788 inexspectata“
1548 1743 1666 1787 (vide-

929 1793 1019 1826 licet
1045 1792 1199 1834 scribis,
1234 1802 1319 1825 cum
1343 1792 1520 1834 Horatio,
1559 1794 1602 1825 ut
1625 1802 1665 1825 re

929 1850 1016 1873 vera
1042 1842 1142 1881 erat,
1176 1839 1270 1873 levis
1304 1841 1417 1883 atque
1451 1839 1587 1884 exigua
1610 1838 1664 1872 vi-

930 1887 1095 1929 deretur,
1114 1886 1186 1920 sibi
1200 1889 1324 1920 tamen
1340 1886 1512 1928 molesta)
1530 1897 1666 1931 „quae-

930 1945 1004 1979 que
1030 1934 1077 1967 ad
1102 1935 1225 1978 ipsum
1253 1944 1406 1978 quoque
1425 1944 1511 1967 cum
1529 1933 1665 1967 ceteris

930 1981 1159 2026 pertineret,
1203 1980 1493 2015 consultandum
1530 1981 1664 2014 esset.“

980 2031 1035 2062 38.
1063 2031 1119 2062 39.
1146 2029 1339 2070 Imprimat
1358 2027 1443 2071 cet.]
1460 2027 1542 2061 Hoc
1560 2029 1668 2072 rogat

932 2077 1069 2110 tertius
1107 2075 1247 2120 aliquis
1285 2075 1396 2109 homo
1434 2075 1666 2120 negotiosus.

931 2123 1129 2158 Maecenas
1156 2125 1281 2158 autem
1307 2123 1409 2157 circa
1433 2124 1581 2167 tempus
1599 2133 1668 2166 pu-

932 2182 1027 2217 gnae
1052 2170 1228 2205 Actiacae
1255 2182 1287 2204 a.
1312 2181 1348 2204 u.
1369 2180 1400 2203 0.
1427 2172 1508 2204 723.
1533 2169 1666 2204 Italiae

931 2219 1146 2263 praefectus
1166 2217 1337 2252 Caesaris
1356 2216 1552 2251 Octaviani
1575 2227 1669 2251 anu-

933 2267 1010 2300 lum
1053 2266 1300 2311 signatorium
1341 2265 1485 2298 habuit.
1533 2263 1664 2298 Mense

933 2314 1083 2348 demum
1108 2312 1309 2348 Decembri
1334 2310 1570 2357 Agrippa'ei
1604 2310 1669 2345 ad-

933 2362 1086 2395 iunctus
1121 2363 1177 2394 est
1210 2362 1322 2403 atque
1355 2359 1485 2393 itidem
1511 2357 1666 2392 anulum

933 2408 1091 2452 accepit.
1139 2407 1211 2441 Dio
1247 2406 1351 2440 Cass:
1384 2407 1447 2447 51,
1482 2407 1514 2439 3.
1542 2424 1584 2428 —-
1613 2407 1667 2438 ια-

935 2455 1051 2498 bellis]
1071 2454 1210 2494 Quales
1227 2455 1297 2487 hae
1315 2453 1470 2494 fuerint,
1497 2452 1668 2486 divinare

934 2514 1009 2537 non
1056 2511 1274 2547 possumus:
1325 2501 1448 2534 fuitne
1491 2500 1667 2544 diploma,

935 2550 1035 2595 quod
1060 2549 1237 2583 dicebant
1262 2548 1402 2590 (Tacit.
1428 2547 1524 2581 Hist.
1551 2548 1583 2587 2,
1609 2547 1666 2580 54.

935 2601 971 2632 et
997 2597 1090 2640 65.),
1125 2595 1227 2640 (111οᾶ
1262 2598 1305 2628 ut
1338 2597 1460 2629 ratum
1485 2593 1611 2635 fieret,
1646 2604 1668 2627 a

934 2645 1147 2679 Maecenate
1174 2642 1452 2688 obsignandum
1478 2641 1582 2675 erat‘?
1613 2639 1668 2674 Ea

935 2695 1038 2726 certe
1055 2702 1078 2726 a
1094 2690 1278 2735 principe,
1304 2693 1394 2723 tunc
1412 2689 1457 2723 ab
1476 2689 1558 2722 eius
1576 2691 1667 2722 tam-

936 2750 1047 2784 quam
1082 2739 1241 2779 vicario,
1279 2737 1538 2782 signabantur.
1589 2734 1666 2769 Ofr.
