1774 2930
194 146 283 189 446

669 149 877 185 HORATII
899 151 1248 188 EPISTOLARUM

316 248 423 292 Tres
454 250 559 292 mihi
591 250 796 294 convivae
827 265 962 308 prope
992 252 1221 298 dissentire
1252 255 1469 323 videntur,

312 320 545 363 Poscentes
577 322 696 364 vario
726 322 908 364 multum
939 322 1110 367 diversa
1139 325 1296 381 palato.

315 390 428 439 Quid
457 391 586 434 dem?
617 393 720 448 quid
749 407 837 435 non
866 393 996 436 dem?
1025 395 1170 438 renuis
1201 400 1262 451 tu,
1294 398 1407 454 quod
1437 399 1557 443 iubet
1586 401 1712 456 alter3

314 461 439 510 Quod
469 464 601 519 petis,
634 463 679 506 id
709 478 813 507 sane
844 469 912 507 est
941 466 1129 508 invisum
1159 467 1414 526 acidumque
1445 470 1623 513 duobus.

312 533 491 576 Praeter
522 538 683 589 cetera,
713 549 784 578 me
814 535 1035 580 Romaene
1066 542 1266 594 poemata
1296 554 1445 583 censes

1657 543 1712 585 65

313 603 510 648 Scribere
540 620 669 662 posse
699 607 813 649 inter
841 611 905 649 tot
935 622 1058 651 curas
1089 613 1238 666 totque
1266 610 1468 654 labores?

311 674 396 718 Hic
428 690 633 732 sponsum
663 682 804 732 vocat,
837 678 908 721 hic
939 679 1132 722 auditum
1163 682 1324 738 scripta
1352 683 1515 725 relictis

312 746 522 789 Omnibus
555 747 728 803 officiis3
762 749 888 792 cubat
919 750 990 792 hic
1018 751 1064 792 in
1095 752 1203 795 colle
1236 752 1425 807 Quirini,

309 817 395 860 Hic
426 823 618 862 extremo
649 820 694 862 in
724 820 959 875 Aventino,
991 822 1195 864 visendus
1225 827 1430 880 uterque3

310 889 541 933 Intervalla
570 891 691 933 vides
722 891 907 934 humane
939 893 1172 936 commoda.
1209 919 1263 925 -—
1293 895 1457 938 Verum

1658 897 1713 938 70

289 1015 344 1047 63.
379 1017 418 1047 lu
452 1016 547 1054 quod
580 1014 732 1058 bSEcd,
766 1015 914 1050 LCth:
950 1018 1047 1057 quod
1080 1020 1119 1050 lu
1152 1017 1236 1062 γ,λτ
1270 1018 1443 1053 Pottierii
1477 1021 1665 1064 quattuor,

237 1060 436 1095 Bentleius
462 1064 500 1096 et
523 1061 571 1096 M.
599 1082 640 1086 —
669 1065 726 1096 65.
751 1065 891 1096 Romae
915 1072 1017 1097 mene
1041 1064 1162 1099 Aldus
1189 1066 1286 1108 (ιιοιι
1311 1065 1476 1109 bSEcd).

191 1172 223 1195 a.
251 1161 374 1204 Chr.),
412 1161 666 1207 Cyrenaicae,
699 1165 785 1207 post
819 1163 914 1208 Cyni

191 1219 258 1243 cae
283 1212 408 1243 sectae
434 1209 620 1244 addictus.
654 1210 751 1244 Van.
777 1210 931 1245 Heusde

191 1256 315 1290 Lucil.
332 1268 368 1301 p.
388 1259 476 1290 298:
505 1256 616 1299 „Fuit
631 1257 741 1300 Bion,
767 1260 811 1291 ut
826 1257 930 1302 Wyt-

190 1304 384 1338 tenbachii
402 1304 527 1338 verbis
546 1307 641 1348 utar,
667 1305 929 1339 nobilissimus

190 1351 291 1385 inter
316 1351 563 1396 philosophos
582 1353 750 1397 sophista
768 1355 805 1386 et
830 1353 929 1386 inter

190 1399 380 1443 sophistas
417 1399 687 1444 philosophus,
723 1400 838 1444 plane
875 1400 930 1434 fa-

190 1448 274 1480 ctus
300 1447 347 1480 ad
364 1456 480 1481 vanas
498 1447 698 1491 opiniones
715 1458 928 1492 pravasque

190 1493 418 1538 cupiditates
435 1495 603 1529 mordaci
627 1495 824 1529 dicacitate
840 1505 930 1528 con-

187 1540 400 1575 futandasf‘
449 1540 559 1587 Diog.
585 1541 710 1576 Laert.
737 1545 770 1576 4.
805 1543 837 1586 ξ.
863 1543 928 1576 52:

182 1586 348 1632 Εῦφυὴς
384 1582 434 1632 ἦν
472 1591 538 1622 καὶ
575 1589 821 1644 παρῳδῆσαι,
863 1586 929 1622 οἶά

188 1635 294 1669 ἐστιν
318 1633 439 1670 αὐτοῦ
473 1638 538 1669 καὶ
564 1637 702 1675 ταῦτα,
733 1637 779 1670 ’.Ω
804 1638 926 1670 πέτον

186 1680 605 1740 Αρχύταψαλληγενές,
616 1676 840 1726 ὀλβιότυφε,
852 1684 929 1728 Τῆς

188 1727 336 1785 ιζπάτης
360 1728 484 1778 ἔοιδος
509 1728 662 1766 πάντων
685 1730 927 1789 ἐμπειρότατ’

188 1775 346 1825 ἀνδρῶν·
365 1780 432 1812 καὶ
449 1774 550 1821 ὅλως
566 1781 633 1812 καὶ
648 1778 844 1823 μουσικὴν
861 1781 928 1812 καὶ

188 1828 424 1873 γεωμετρίαν
448 1826 648 1868 διέπαιζεν.
685 1827 777 1868 „Hic
803 1828 926 1860 autem

187 1872 297 1914 Bion,
324 1874 391 1917 qui
419 1873 611 1917 Sophistes
639 1873 925 1918 cognominatus

189 1922 256 1962 est,
282 1920 323 1953 in
350 1920 459 1962 libro,
486 1931 599 1965 quem
625 1920 754 1963 edidit,
779 1920 926 1954 morda-

189 1967 365 2002 cissimus
403 1967 547 2002 salibus
585 1979 648 2010 ea,
691 1978 787 2012 quae
825 1968 926 2012 apud

187 2016 319 2058 poetas
346 2018 455 2057 sunt,
491 2015 545 2049 ita
578 2016 853 2057 laceravit,'ut
877 2026 926 2049 ne

187 2061 352 2096 Homero
386 2062 539 2107 quidem
569 2063 779 2107 parceret.“
829 2061 926 2096 ΑΘΒ.

187 2128 236 2133 -—
252 2111 332 2143 sale
349 2110 470 2153 m'qro]
493 2111 641 2144 acriore
659 2110 788 2155 igitur,
815 2121 926 2154 quam

189 2157 291 2201 quod
316 2158 434 2202 magis
461 2160 662 2203 purgatum
688 2161 755 2191 est.
791 2156 866 2191 Sat.
893 2159 926 2200 2,

189 2207 228 2247 4,
255 2207 312 2238 74.
339 2205 429 2239 Sine
455 2205 636 2250 imagine:
674 2204 824 2247 „satiris
851 2207 926 2238 tam

187 2251 408 2295 virulentis,
451 2263 563 2296 quam
606 2255 695 2286 sunt
733 2262 926 2286 sermones

188 2298 358 2333 Bionei.“
412 2299 551 2333 Confer
603 2299 715 2333 etiam
767 2298 841 2332 Sat.
896 2301 927 2341 1,

190 2348 247 2387 10,
274 2348 307 2380 3.
334 2365 377 2370 ——
401 2347 538 2390 prope]
575 2346 679 2389 „Vix
708 2347 817 2380 aliter
843 2325 927 2380 fieri

187 2396 333 2437 potest,
368 2405 480 2438 quam
514 2396 574 2437 ut,
608 2394 640 2428 si
670 2394 926 2427 tantummodo

189 2443 267 2474 tres
293 2442 373 2485 (qui
393 2441 556 2475 convivii
574 2441 754 2474 minimus
772 2442 830 2475 est
857 2451 928 2474 nu·

189 2498 337 2530 merus,
365 2487 462 2521 Gell.
491 2491 554 2531 13,
583 2488 654 2531 11.)
689 2498 840 2522 mensae
866 2498 927 2522 ac-

189 2535 382 2578 cumbant,
407 2536 506 2569 inter
534 2547 572 2569 se
599 2535 861 2569 dissentiant.“
882 2555 925 2559 —

187 2584 346 2616 mullum
383 2583 550 2625 diversa]
585 2582 679 2627 Epp.
716 2586 755 2623 1,
791 2585 852 2625 10,
887 2585 926 2616 3.

187 2631 346 2663 mullum
372 2631 576 2663 dissimiles.
628 2629 704 2663 Cfr.
732 2629 806 2663 Sat.
837 2632 867 2671 1,
895 2632 927 2672 3,

190 2679 247 2711 57.
268 2697 311 2701 —
333 2679 429 2719 Quid
451 2678 570 2720 domm
602 2677 718 2720 „Mire
743 2678 817 2710 iam
842 2677 927 2711 dra-

189 2725 324 2758 matico
368 2725 588 2759 charactere
639 2727 831 2768 tamquam
880 2724 927 2758 ad

916 1181 931 1188 -
981 1164 1084 1208 ipsos
1126 1165 1301 1200 convivas
1342 1166 1530 1211 loquitur,

1576 1177 1711 1200 unum-

980 1222 1170 1256 quemque
1195 1223 1325 1246 eorum
1359 1213 1556 1258 appellans
1579 1213 1621 1247 id
1645 1224 1712 1258 po-

980 1262 1166 1301 scentem,
1200 1260 1301 1306 quod
1334 1261 1472 1295 ceteris
1499 1260 1710 1305 displicet!

978 1305 1128 1340 Pomm.
1156 1325 1199 1330 —-
1223 1307 1335 1351 sam]
1363 1318 1454 1352 „pro
1480 1310 1601 1350 certo,
1625 1318 1716 1354 pro-x

978 1353 1090 1396 fecto,
1115 1355 1253 1395 qewt‘ss.
1260 1355 1277 1373 ¹⁴

1028 1403 1120 1435 65—
1125 1403 1180 1435 72.
1218 1403 1376 1436 Praeter
1414 1401 1556 1446 cetera]
1593 1412 1711 1447 „prae

980 1449 1135 1491 ceteris,
1176 1451 1265 1483 ante
1306 1450 1474 1492 omnia,“
1517 1452 1561 1483 ut
1601 1459 1713 1494 saepe

978 1496 1079 1540 apud
1127 1495 1359 1531 Ciceronem.
1408 1496 1483 1531 Pro
1526 1495 1631 1530 Sulla
1673 1499 1712 1531 3:

978 1545 1059 1577 Nisi
1105 1553 1191 1578 vero
1231 1552 1288 1577 me
1337 1552 1453 1577 unum
1491 1545 1544 1578 vis
1594 1545 1713 1586 serum

974 1593 1162 1632 praeter
1187 1593 1361 1625 celeres
1387 1594 1458 1625 cet.
1484 1610 1529 1615 ——
1556 1591 1712 1635 labores]

979 1649 1074 1682 quos
1108 1639 1164 1673 sic
1197 1641 1394 1673 enumerat
1425 1639 1524 1672 Plin.
1558 1637 1653 1683 Epp.
1680 1642 1712 1681 1,

978 1688 1019 1728 9,
1045 1687 1086 1719 2:
1123 1687 1163 1721 Si
1195 1695 1302 1727 quem
1334 1688 1554 1728 inter-roua,
1591 1686 1712 1718 Hodie

978 1734 1066 1773 quid
1115 1735 1244 1775 suisli?
1293 1734 1530 1774 respondeat.-
1580 1732 1709 1774 Officio

977 1782 1083 1821 loqae
1131 1781 1252 1812 virilis
1300 1781 1476 1821 interfui.-
1522 1780 1713 1820 sponsalia

976 1829 1042 1859 aul
1079 1828 1227 1868 ‘nuptias
1263 1828 1515 1868 frequentavst
1555 1826 1619 1860 ille
1655 1835 1712 1860 me

976 1874 1026 1906 ad
1049 1874 1270 1914 siqnanaum
1295 1875 1559 1915 testamentum,
1584 1874 1648 1906 ille
1672 1875 1712 1906 in

975 1921 1260 1963 advocationem,
1286 1921 1350 1953 ille
1373 1922 1414 1953 in
1435 1921 1626 1954 consilium
1650 1929 1711 1954 ro·

976 1969 1087 2008 aam‘t.
1114 1987 1157 1992 —
1183 1967 1379 2011 sponsum]
1405 1967 1482 2001 Sat.
1507 1969 1550 2010 2,
1575 1969 1617 2009 6,
1642 1968 1711 2002 23:

974 2016 1117 2049 Romae
1140 2023 1354 2057 sponsorem
1369 2023 1427 2049 me
1449 2016 1565 2057 rapis.
1583 2033 1627 2038 -
1645 2023 1712 2048 au·

975 2063 1092 2095 ditum
1116 2061 1275 2105 scripta]
1300 2061 1404 2096 Nihil
1438 2065 1566 2096 autem
1594 2062 1711 2096 mole-

976 2110 1072 2144 stius
1099 2121 1212 2155 quam
1241 2109 1490 2144 mediocrium
1513 2110 1711 2154 poetarum

975 2157 1230 2191 recitationes.
1280 2156 1356 2191 cfr.
1389 2168 1424 2190 v.
1451 2158 1531 2191 105.
1555 2156 1652 2201 Epp.
1681 2158 1712 2199 1,

978 2207 1042 2248 19,
1068 2206 1112 2238 39
1139 2215 1195 2248 sq.
1223 2223 1267 2228 —
1293 2204 1444 2247 officiis]
1477 2214 1555 2238 non
1589 2214 1712 2237 mora-

976 2251 1088 2294 libus,
1114 2254 1156 2285 ut
1180 2251 1234 2284 ite.
1259 2251 1400 2294 dicam3
1431 2251 1498 2285 sed
1523 2250 1712 2293 civilibus,

977 2310 1066 2344 erga
1090 2299 1230 2333 amicos
1255 2298 1490 2343 praesertim.
1517 2317 1561 2322 -—
1588 2297 1710 2341 cubat]

978 2349 1176 2392 „aegrotus
1208 2346 1338 2380 iacetf‘
1390 2345 1476 2379 Vid.
1501 2344 1550 2378 ad
1575 2343 1711 2388 Sat.1,

976 2396 1016 2436 9,
1046 2395 1107 2427 18.
1141 2395 1258 2426 Trans
1285 2394 1441 2426 Tiberim
1474 2394 1579 2434 lonae
1604 2393 1712 2425 cubat

974 2442 1016 2474 is.
1051 2460 1094 2465 —
1129 2443 1290 2474 extremo
1326 2441 1368 2473 in
1402 2439 1600 2482 Aventino]
1639 2439 1710 2482 „in

977 2490 1143 2522 extrema
1166 2489 1275 2532 parte
1301 2487 1410 2522 collis
1426 2486 1619 2528 Aventini,
1645 2486 1710 2530 qui

979 2536 1167 2577 Quirinali
1200 2534 1326 2578 (quod
1358 2534 1512 2579 volgare
1537 2535 1619 2567 erat
1642 2543 1710 2567 no-

977 2593 1082 2616 men:
1125 2581 1201 2615 Cic.
1235 2581 1281 2615 de
1306 2581 1399 2626 Rep.
1434 2583 1474 2623 2,
1502 2583 1566 2622 10,
1591 2580 1662 2622 20.)
1689 2590 1710 2614 e

977 2630 1132 2675 regione
1165 2629 1360 2673 oppositus
1393 2628 1553 2662 multum
1587 2627 1634 2661 ab
1663 2637 1708 2661 eo

977 2677 1102 2711 distat.
1118 2695 1161 2701 -—
1177 2675 1349 2718 humane]
1362 2685 1522 2719 prorsus
1534 2677 1578 2708 ut
1593 2674 1710 2707 ἐπιει-

977 2724 1055 2766 κῶς
1079 2726 1116 2758 et
1138 2724 1311 2770 μετρίως,
1336 2733 1406 2767 pro
1433 2722 1558 2765 „satis,
1582 2721 1709 2756 admo-
