1774 2930
164 152 245 192 146

662 150 870 186 HORATH
894 151 1176 186 SATERARUM

277 252 470 308 Aegrum
501 252 700 295 sollicitat
732 252 1015 307 stomachum,
1048 267 1144 295 cum
1172 254 1322 310 rapula
1351 254 1503 310 plenus

278 323 423 380 Atque
455 323 599 366 acidas
630 324 791 365 mavolt
820 324 974 366 inulas.

276 395 513 451 Pauperies
545 395 682 450 epulis
713 408 887 450 regum3
920 409 1021 437 nam
1048 396 1204 438 vilibus
1237 397 1327 438 ovis

276 466 508 522 Nigrisque
541 470 606 508 est
638 466 742 507 oleis
774 465 902 508 hodie
931 466 1064 508 locus.

1034 323 1227 367 Necdum
1257 325 1394 367 omnis
1426 325 1575 368 abacta

1614 397 1670 438 45

1124 467 1255 509 Haud
1284 468 1345 510 ita
1374 467 1538 524 pridem

279 537 450 580 Galloni
481 537 703 593 praeconis
735 540 826 579 erat
858 537 1106 593 acipensere
1135 552 1284 580 mensa

276 608 468 650 Infamis.
516 607 661 656 Quid?
691 611 792 650 tunc
822 608 1024 651 rhombos
1046 609 1185 651 minus
1208 623 1393 665 aequora
1412 609 1614 652 alebant?

279 680 417 721 Tutus
450 683 543 722 erat
570 679 774 722 rhombus
806 683 983 735 tutoque
1015 680 1177 722 ciconia
1207 680 1327 734 nido,

277 750 428 793 Donec
457 765 534 793 vos
566 754 712 793 auctor
742 750 885 792 docuit
915 752 1167 807 praetorius.

1226 751 1344 807 Ergo
1617 752 1672 793 50

279 821 326 863 Si
357 823 452 878 quis
483 836 596 864 nunc
626 836 796 878 mergos
827 836 980 864 suaves
1011 822 1194 865 edixerit
1223 837 1363 876 asson,

277 893 455 936 Parebit
485 894 606 950 pravi
638 893 787 935 docilis
818 893 1012 935 Romana
1041 894 1254 936 iuventus.

254 1025 312 1057 48.
337 1032 475 1064 aequor
501 1025 623 1057 alebat
649 1023 712 1066 bS,
738 1023 912 1057 Pottierii
935 1023 1122 1068 plerique,
1146 1022 1236 1057 LCt.

161 1143 204 1148 -—
222 1125 324 1157 mala
349 1124 470 1167 copia]
499 1134 645 1168 „prava,
673 1134 770 1168 quae
795 1123 894 1165 facit,

159 1174 202 1205 ut
225 1172 416 1206 stomacho
442 1172 690 1205 laboremus.“
711 1190 754 1195 —-
777 1180 894 1212 quan-

159 1219 227 1262 do]
271 1219 626 1263 „quandoquidem,
669 1219 892 1263 quoniam;“

159 1277 246 1301 nam
294 1269 442 1311 tempus
489 1266 721 1311 significatur
769 1266 895 1300 statim

159 1316 255 1358 part.
294 1322 386 1347 cum.
422 1333 465 1337 -—
499 1313 658 1356 rapula]
697 1315 895 1347 Radices-

159 1370 177 1394 ο
190 1363 283 1394 hen.
298 1380 342 1385 —
361 1361 658 1404 acidas-inulas]
687 1372 785 1403 „non
804 1361 895 1405 quia

159 1410 301 1442 acida
326 1411 383 1442 est
406 1409 500 1442 haec
526 1409 663 1451 herba,
690 1408 755 1442 sed
781 1408 893 1452 quod⁷

160 1466 244 1490 cum
258 1456 446 1501 coquitur,
460 1458 564 1490 aceto
580 1456 766 1490 conditur.
784 1455 895 1490 Inula

158 1506 284 1537 autem
322 1513 441 1548 genus
477 1506 533 1537 est
567 1504 747 1537 olerum.“
797 1503 893 1536 AOR.

159 1550 338 1594 (ἑλένιον,
376 1550 553 1593 Alam.)
603 1552 763 1584 Amaras
788 1553 895 1584 vocat

160 1597 235 1632 Sat.
262 1601 295 1639 2,
320 1599 353 1640 8,
379 1599 435 1630 51.

207 1647 328 1678 44-46.
354 1646 515 1679 Necdum
532 1644 616 1687 cet.]
637 1644 894 1689 „Quamquam

160 1692 234 1728 cibi
275 1693 467 1727 naturales
509 1695 545 1726 et
587 1690 774 1736 simplices
816 1702 893 1725 non

159 1751 316 1785 prorsus
346 1740 531 1774 removeri
563 1741 769 1783 potuerunt
794 1750 815 1772 a
840 1739 894 1772 di-

159 1788 277 1821 vitum
295 1788 438 1832 epulis3
465 1798 550 1820 nam
569 1786 649 1820 ovis
667 1789 781 1830 atque
800 1786 894 1820 oleis

161 1836 376 1869 etiamnunc
412 1836 574 1868 utuntur
612 1844 791 1867 cenarum
819 1833 892 1866 ini-

161 1882 248 1916 tio.“
288 1881 419 1925 (Oleae
437 1882 538 1915 enim
557 1882 630 1915 cibi
652 1881 892 1925 cupiditatem

161 1929 344 1972 excitant,
370 1930 565 1971 nigrarum
581 1931 707 1962 autem
732 1928 778 1962 de
804 1939 892 1962 con-

161 1977 287 2011 ditura
295 1976 488 2021 praecepit
498 1975 643 2010 Colum.
655 1977 709 2018 12,
719 1977 764 2009 50
775 1978 811 2009 et
820 1976 893 2017 51.)

209 2026 332 2057 46-49.
361 2024 582 2066 „Praeterea
604 2024 723 2057 variat
748 2034 895 2067 semper

161 2071 360 2106 lurconum
391 2071 437 2105 de
463 2071 556 2105 cibis
589 2070 766 2115 pretiosis
799 2070 896 2104 iudi-

162 2119 281 2161 cium3
309 2119 364 2153 sic
388 2119 584 2163 acipenser
611 2118 768 2160 (star)
795 2120 897 2159 apud

162 2168 332 2206 antiquos
347 2167 502 2208 piscium
518 2166 765 2199 nobilissimus
783 2165 895 2208 (Plin.

161 2213 207 2246 H.
233 2213 276 2247 N.
307 2216 348 2256 9,
382 2214 453 2256 27.)
487 2214 560 2247 iam
593 2213 751 2247 minoris
785 2213 896 2247 aesti-

162 2264 284 2294 matur
323 2261 567 2305 (quamquam
600 2261 757 2293 nobilem
789 2263 897 2294 vocat

163 2307 274 2341 etiam
306 2307 462 2341 Ovidius
503 2307 667 2341 Halieut.
704 2318 737 2341 v.
777 2307 895 2350 132.);

163 2359 294 2389 contra
327 2356 498 2388 rhombus
532 2354 621 2396 (Sat.
650 2358 688 2396 1,
723 2357 764 2397 2,
800 2355 895 2396 116.)

163 2404 242 2436 tum
285 2403 478 2447 neglectus
521 2413 622 2436 nunc
665 2403 894 2446 quaeritur.“

165 2450 338 2482 -Haud
361 2450 417 2482 ita
438 2449 593 2491 pridem]
618 2449 778 2491 „Lucilii
803 2451 896 2483 tem-

163 2507 268 2542 pore,
293 2496 443 2530 circiter
464 2498 551 2530 ante
576 2497 645 2530 hos
663 2496 813 2530 LXXX.
831 2507 897 2530 an-

164 2546 268 2578 nos.“
296 2562 340 2567 —
368 2544 516 2577 Galloni
545 2544 759 2587 praeconis]
788 2543 896 2586 „Gal-

164 2591 291 2625 lonius
317 2601 453 2636 praeco
478 2591 621 2635 primus
639 2591 897 2635 acipenserem

164 2639 305 2682 piscem
360 2649 449 2672 suae
506 2648 656 2672 mensae
712 2639 897 2683 apposuit,

165 2696 282 2729 quare
302 2686 382 2719 eius
407 2696 538 2719 mensa
564 2685 675 2719 etiam
702 2697 723 2719 a
748 2686 896 2719 Lucilio

163 2733 346 2767 taxatur-‘⁴
405 2732 532 2766 COMM.
583 2732 703 2771 CRUQ.
759 2733 895 2768 Lucilii

942 1134 1074 1158 versus
1101 1124 1262 1158 servavit
1280 1123 1355 1158 Cic.
1375 1123 1419 1157 de
1446 1123 1554 1157 Finn.
1581 1125 1613 1165 2,
1641 1125 1673 1165 8,

943 1173 1007 1205 24;
1047 1172 1076 1204 O
1109 1172 1235 1213 Publi,
1267 1180 1288 1204 o
1322 1180 1470 1214 yurqes,
1506 1171 1675 1205 Galloni.-

944 1228 979 1252 es
1016 1220 1119 1252 homo
1161 1220 1287 1260 miser,
1338 1220 1477 1260 inqui13
1532 1220 1676 1252 Cenasti

942 1267 983 1298 in
1006 1267 1083 1299 vita
1107 1274 1297 1307 nunquam
1322 1267 1418 1307 bene,
1445 1274 1528 1299 cum
1551 1266 1674 1299 omnia

943 1314 982 1346 in
1005 1315 1081 1346 ista
1098 1315 1284 1347 Consumis
1307 1314 1446 1354 squilla
1468 1315 1575 1353 atque
1601 1313 1676 1346 aci-

940 1370 1092 1402 pensere
1117 1369 1198 1394 cam
1224 1360 1360 1404 (quom)
1390 1362 1603 1394 decumano.
1631 1379 1674 1384 —

944 1408 1043 1451 erat]
1080 1408 1205 1442 Huius
1237 1419 1270 1441 V.
1303 1408 1436 1442 ultima
1471 1407 1615 1451 syllaba
1638 1408 1676 1441 vi

943 1466 1121 1490 caesurae
1146 1455 1380 1499 producitur.
1407 1455 1514 1489 Conf.
1541 1454 1616 1489 Sat.
1645 1457 1675 1496 1,

943 1505 976 1545 4,
1003 1505 1059 1536 82.
1094 1506 1124 1545 1,
1151 1505 1184 1545 5,
1210 1505 1266 1537 90.
1294 1521 1338 1527 —
1364 1501 1561 1545 tuto-nido]
1587 1502 1677 1547 quia

942 1551 1037 1594 pulli
1064 1561 1192 1584 earum
1226 1549 1394 1584 nondum
1427 1561 1495 1595 pro
1529 1549 1676 1584 deliciis

942 1597 1188 1631 habebantur.

990 1646 1137 1678 50-52.
1187 1643 1571 1686 auctor-praetorius]
1620 1643 1676 1676 Ex

944 1691 1164 1726 Scholiastis
1195 1691 1295 1725 inter
1321 1702 1360 1725 se
1386 1691 1531 1725 collatis
1555 1690 1677 1725 Inter-

942 1742 1068 1783 pretes
1118 1738 1295 1783 antiquos
1343 1739 1436 1773 haec
1477 1739 1676 1772 adnotasse

943 1788 1175 1830 compertum
1225 1786 1426 1820 habemus:
1478 1786 1677 1829 „Asinium

943 1833 1132 1878 quendam
1156 1833 1217 1867 vel
1243 1832 1506 1877 Sempronium
1535 1832 1676 1866 Rufum

941 1881 1172 1925 praetorium
1197 1880 1421 1923 instituisse,
1446 1883 1489 1914 ut
1514 1880 1676 1914 ciconia-

942 1939 1028 1961 rum
1053 1928 1149 1972 pulli
1174 1928 1514 1970 manducarentur3
1546 1938 1675 1972 quare,

942 1975 1141 2020 inquiunt,
1166 1986 1251 2009 cum
1277 1975 1318 2008 in
1342 1978 1522 2019 praetura
1545 1977 1676 2019 peten-

944 2022 992 2057 da
1007 2024 1198 2067 repulsam
1216 2023 1377 2065 tulisset,
1402 2023 1477 2057 tale
1491 2022 1676 2067 epigram-

944 2081 1004 2104 ma
1029 2071 1184 2104 meruit:
1212 2071 1444 2104 ciconiarum
1468 2071 1587 2111 Rufus
1611 2070 1677 2103 iste

946 2119 1130 2151 conditor!
1178 2119 1251 2151 Hic
1283 2119 1334 2150 est
1366 2119 1506 2151 duobus
1532 2118 1677 2159 eleaem-

945 2166 1017 2198 tior
1042 2166 1208 2199 Plancis.-
1243 2166 1512 2206 Suffram'orwm
1539 2166 1678 2206 puncta

945 2221 1019 2245 non
1049 2214 1131 2246 tulit
1164 2214 1309 2254 septem.
1359 2213 1590 2246 Ciconiarum
1610 2219 1678 2253 po-

942 2261 1052 2301 pulus
1084 2261 1184 2293 uuus
1218 2262 1268 2293 est
1299 2260 1482 2293 mortem!
1534 2259 1678 2300 Quodsi

945 2318 986 2341 re
1012 2318 1100 2341 vera
1130 2310 1331 2351 praeturae
1364 2307 1554 2351 repulsam
1579 2306 1677 2348 tulit,

944 2354 1089 2388 ironice
1112 2355 1322 2396 praetorius
1347 2353 1487 2388 dicitur
1510 2353 1547 2386 h.
1569 2353 1593 2386 l.
1619 2353 1678 2386 in-

945 2402 1035 2436 felix
1082 2404 1281 2446 praeturae
1330 2402 1477 2445 petitor.
1535 2399 1678 2434 Verum

945 2460 1005 2483 res
1024 2451 1080 2483 est
1104 2459 1262 2492 prorsus
1286 2448 1442 2482 incerta.
1461 2467 1504 2472 —
1522 2447 1677 2491 meroes]

946 2497 1172 2538 Taucher,
1213 2506 1336 2540 „quos
1369 2498 1522 2540 propter
1554 2494 1677 2528 duris-

946 2544 1077 2578 simam
1125 2553 1275 2577 carnem
1317 2545 1355 2577 et
1396 2542 1591 2577 rancidum
1632 2551 1678 2575 ex

945 2591 1131 2635 piscibus,
1157 2590 1296 2634 quibus
1321 2592 1545 2630 vescuntur,
1571 2599 1678 2633 sapo-

946 2649 1023 2673 rem
1049 2648 1157 2672 nemo
1184 2648 1285 2671 nunc
1311 2636 1483 2671 edit.“——
1509 2635 1677 2680 eduma]

946 2690 1135 2730 tamquam
1168 2688 1332 2728 praetor.
1383 2683 1490 2717 Conf.
1523 2682 1618 2728 Epp.
1646 2686 1676 2724 1,

948 2735 1010 2775 19,
1038 2735 1092 2766 10.
1121 2751 1163 2755 -
1190 2733 1362 2765 Romana
1387 2731 1565 2774 iuventus]
1594 2740 1677 2775 „ge-
