1774 2930
602 178 696 213 LIB.
720 178 750 212 L
797 176 951 212 EPIST.
974 175 1094 211 xvn.

1520 175 1606 216 373

206 279 482 322 Brundisium
513 292 654 321 comes
686 282 760 320 aut
790 277 1044 320 Surrentum
1074 276 1227 319 ductus
1258 289 1501 327 amoenum,

208 349 293 399 Qui
322 350 514 406 queritur
545 349 735 392 salebras
766 352 809 391 et
839 347 1040 391 acerbum
1069 347 1206 403 frigus
1237 350 1281 389 et
1311 346 1489 399 imbres,

207 419 296 462 Aut
325 421 476 463 cistam
506 419 725 463 effractam
756 423 799 462 et
830 418 1040 461 subducta
1067 418 1224 460 viatica
1253 417 1413 473 plorat,

206 490 320 534 Nota
349 491 481 534 refert
510 490 747 533 meretricis
778 481 1000 542 acumina,
1026 501 1156 544 saepe
1187 487 1403 540 catellam,

1551 487 1608 528 55

208 561 348 618 Saepe
377 561 676 618 periscelidem
706 565 873 616 raptam
905 559 987 601 sibi
1018 559 1182 612 flentis,
1213 559 1277 600 uti
1307 572 1409 600 mox

206 629 337 674 Nulla
365 631 470 674 fides
502 631 667 673 damnis
699 631 899 687 verisque
929 629 1146 671 doloribus
1177 628 1302 671 adsit.

206 701 298 759 Nec
329 702 463 744 semel
493 702 641 743 irrisus
672 702 810 743 triviis
842 700 1037 743 attollere
1068 703 1187 742 curat

207 771 361 814 Fracto
394 787 514 814 crure
544 773 739 828 planum,
772 772 872 814 licet
901 771 964 812 illi
995 771 1181 826 plurima
1211 775 1355 812 manet

206 842 425 896 Lacrima,
456 857 535 899 per
565 847 758 885 sanctum
788 843 950 884 iuratus
982 841 1094 884 dicat
1127 840 1309 883 Osirim:

1549 841 1607 882 60

185 955 242 987 54.
269 954 318 997 el]
342 957 408 988 aul
434 953 507 988 Lc.
556 953 622 996 (Ut
646 964 728 995 nos,
754 951 912 994 bSEcd.)

91 1047 222 1081 titores
261 1047 463 1082 excitans.“
501 1066 547 1071 —-
583 1048 820 1080 Brundisium

90 1093 176 1136 cet]
203 1093 322 1136 „Sunt
336 1094 434 1129 aliae
452 1104 604 1139 quoque
621 1098 720 1127 artes
737 1105 822 1138 per·

89 1150 219 1175 versae
243 1151 386 1183 eorum,
413 1141 478 1185 qui
495 1141 535 1174 in
553 1141 735 1185 principis
753 1141 822 1174 ali-

89 1187 199 1222 cuius
213 1187 284 1222 viri
302 1188 455 1222 cohorte
469 1190 685 1222 versantur:
711 1188 820 1222 modo

90 1237 304 1279 queruntur
330 1235 376 1269 de
401 1235 549 1269 itineris
574 1235 820 1269 incommodis

90 1280 197 1325 ipsis,
221 1292 296 1326 quo
313 1281 411 1316 dono
429 1282 558 1326 aliquo
577 1292 822 1326 compensen-

91 1330 173 1371 tur;
196 1328 308 1362 modo
330 1339 370 1363 se
387 1340 410 1362 a
425 1328 574 1363 furibus
601 1329 821 1374 compilatos

91 1384 174 1408 esse
198 1375 454 1418 mentiuntur3
480 1375 547 1409 sed
572 1386 701 1409 omnes
725 1376 820 1409 istae

91 1421 253 1455 astutiae
285 1431 417 1466 parum
450 1433 514 1456 eos
547 1422 697 1464 iuvant,
733 1423 823 1466 quia

90 1467 263 1502 dolorum
294 1468 604 1511 meretriciorum
628 1470 739 1502 nimis
774 1468 823 1502 si-

90 1515 199 1548 miles
239 1516 362 1549 sunt.“
415 1515 471 1549 De
507 1514 711 1550 Brundisio
747 1515 822 1549 vid.

91 1561 168 1595 Sat.
194 1563 227 1604 1,
253 1564 286 1604 5,
313 1564 390 1596 104.
406 1563 690 1605 -surrentum]
718 1563 824 1596 Gam—

91 1608 227 1653 paniae
252 1609 431 1653 oppidum
458 1610 508 1652 (h.
533 1610 742 1651 Sor-rento),
775 1609 822 1643 ad

90 1656 390 1699 promontorium
406 1656 597 1690 Minervae
615 1657 741 1690 situm.
768 1656 823 1689 Si-

91 1701 167 1736 lius
201 1704 244 1745 5,
281 1705 369 1737 466:
409 1704 571 1745 Zephyro
606 1705 822 1738 surrentum

89 1750 200 1782 molto
222 1750 375 1783 salum
426 1750 500 1784 Gfr.
526 1750 601 1784 Sat.
628 1753 669 1792 2,
695 1753 736 1790 4,
762 1753 819 1784 55.

93 1814 137 1820 -—
153 1797 335 1839 salebras]
357 1797 526 1839 „itineris
543 1797 818 1841 asperitatem.“

92 1842 221 1877 Gon.
245 1843 368 1882 Cano.
392 1862 441 1868 —
462 1845 619 1888 viatica]
656 1845 820 1887 „omnim

92 1900 191 1934 quae
214 1890 342 1924 itineri
367 1893 583 1926 necessaria
613 1895 721 1933 sunt,
752 1892 820 1925 im-

90 1936 223 1980 primis
238 1939 434 1980 pecunia.“
453 1956 497 1962 —-
516 1939 702 1982 acumina]
720 1941 821 1973 astu-

91 1983 183 2025 tias,
219 1985 370 2026 Prista
400 1986 476 2017 ιιηα
507 1987 689 2027 Knirse,
726 1996 821 2029 quas

92 2031 292 2070 sacr-ileum
322 2032 552 2064 meretricum
584 2034 680 2064 artes
716 2036 823 2065 vocat

82 2076 274 2120 exemplis
307 2077 431 2110 allatis
465 2077 620 2112 Ovidius
653 2079 697 2111 A.
721 2078 764 2111 A.
793 2082 824 2119 1,

94 2123 176 2155 435.
194 2141 239 2146 —
257 2123 444 2166 catellam]
472 2125 635 2165 „Catella
660 2124 824 2158 diminu-

94 2168 213 2202 tivum
245 2173 303 2203 est
334 2180 357 2203 a
389 2173 518 2203 catena
555 2170 725 2215 dixitque
765 2179 825 2204 ca-

95 2216 222 2248 tellam
244 2215 455 2251 imitatione
480 2216 654 2251 Lucilii.‘·
682 2217 824 2250 Senon.

94 2260 158 2295 Sic
179 2262 278 2306 apud
296 2262 376 2296 Liv.
394 2266 450 2305 39,
476 2266 538 2296 31:
564 2266 719 2298 Praetor
742 2273 825 2297 suos

96 2310 234 2350 equites
266 2311 407 2344 catellis
439 2319 484 2344 ac
514 2312 634 2352 fibulis
666 2313 824 2345 αοηαυέι.

96 2354 238 2390 Contra
268 2367 291 2390 a
322 2357 436 2391 verbo
467 2359 611 2391 catulus
636 2361 694 2392 est
725 2358 825 2402 apud

94 2402 224 2436 Iuven.
249 2405 290 2446 6,
316 2406 406 2437 654:
438 2406 556 2439 Morte
579 2406 653 2438 viri
677 2407 826 2446 cupiam

96 2451 257 2484 animam
287 2459 435 2484 servare
467 2453 634 2485 catellae.
659 2471 703 2476 —
727 2460 827 2493 per·—

94 2497 276 2540 rcelidem]
300 2497 434 2531 Isidor.
462 2501 517 2540 19,
542 2501 599 2540 31,
627 2501 689 2532 19:
724 2501 826 2531 Peri-

94 2544 244 2578 aclides
255 2547 339 2578 sunt
354 2553 506 2578 crurum
517 2549 735 2579 ornamenta
746 2555 827 2579 mu-

99 2589 247 2632 lierum,
280 2593 409 2632 quibus
441 2601 581 2634 ares-sus
614 2601 743 2626 earum
767 2601 826 2626 or-

96 2639 254 2680 nantur,
280 2638 414 2672 circuli
438 2640 545 2673 aurei
571 2640 629 2672 vel
656 2640 826 2684 argentei

99 2691 214 2726 supra
246 2686 363 2726 talos,
400 2686 510 2720 nobis
547 2687 747 2720 Fussband.
781 2705 824 2710 --

98 2729 204 2771 mox]
240 2731 277 2764 h.
314 2732 338 2765 l.
374 2732 499 2774 brevi,
535 2734 574 2765 in
600 2734 754 2766 kurzem.
783 2752 825 2757 -—

868 1046 978 1089 veris]
1003 1046 1084 1080 Hoc
1109 1045 1336 1080 adiectivum
1362 1046 1474 1080 etiam
1499 1046 1546 1081 ad
1573 1057 1606 1079 v.

869 1095 1012 1126 damnis
1038 1093 1279 1128 referendum
1305 1096 1374 1127 est.

917 1142 1038 1174 58·62.
1061 1141 1238 1184 planum]
1265 1137 1420 1180 πλάνον,
1447 1140 1608 1175 circula-

869 1191 1006 1229 torem,
1039 1189 1102 1232 qui
1127 1187 1384 1222 multitudinis
1417 1187 1607 1222 delectan-

869 1235 939 1268 dae
977 1245 1091 1268 causa
1129 1236 1167 1268 in
1210 1234 1334 1268 triviis
1375 1237 1476 1268 artes
1518 1245 1606 1269 suas

870 1285 1040 1317 exercet,
1079 1282 1255 1315 Gaukler.
1305 1282 1447 1315 Arnob.
1473 1283 1514 1324 2,
1540 1283 1606 1315 32:

870 1329 1024 1370 Psyllis,
1065 1329 1200 1362 Marsis
1239 1328 1505 1370 (colubrarum
1545 1328 1605 1362 in-

870 1375 1151 1417 cantatoribus)
1189 1376 1344 1417 aliisque
1381 1377 1607 1409 institoribus

871 1424 981 1462 alque
1013 1423 1150 1463 planis.
1201 1421 1276 1455 Cfr.
1309 1421 1446 1456 Athen.
1476 1425 1514 1465 1,
1547 1424 1605 1456 35.

871 1471 996 1512 p-19:
1036 1466 1295 1511 Ἐθαι-ιιοίζετο
1333 1471 1421 1525 παρ’
1443 1447 1606 1524 ’Ἕλλησι

870 1516 937 1547 καὶ
956 1513 1155 1558 Ῥωμαίοις
1171 1516 1348 1570 Ματρέας
1370 1527 1393 1549 ο
1417 1513 1561 1558 πλάνος
1581 1513 1605 1550 ὁ

878 1559 1145 1610 Ἀὶεξαιδρεύς.
1195 1563 1266 1597 Hic
1290 1563 1424 1608 igitur,
1454 1563 1502 1598 de
1528 1575 1604 1608 quo

871 1609 1050 1644 Horatius
1083 1613 1232 1652 narrat,
1265 1610 1363 1644 saltu
1388 1611 1603 1654 periculoso

871 1656 988 1698 facto,
1025 1657 1129 1690 humi
1167 1657 1368 1701 prolapsus
1405 1657 1606 1693 simulabat

872 1714 912 1737 se
942 1714 1028 1738 crus
1062 1704 1223 1748 fregisse
1257 1709 1294 1738 et
1326 1704 1508 1747 hominis,
1542 1706 1605 1739 cui

868 1751 938 1784 hoc
956 1750 1104 1792 accidit,
1130 1753 1277 1795 gestum
1299 1751 1605 1786 lamentationes-

868 1809 943 1842 que
961 1797 1190 1831 imitabatur.
1217 1797 1359 1837 Quodsi
1379 1799 1467 1843 quis
1483 1809 1504 1832 e
1522 1809 1605 1844 spe-

869 1848 1053 1878 ctatorum
1072 1844 1184 1878 turba
1200 1845 1461 1879 misericordia
1477 1848 1601 1880 tactus

870 1892 903 1926 ei
938 1892 1115 1935 opitulari
1153 1892 1285 1934 vellet,
1325 1892 1390 1927 ille
1429 1893 1556 1927 subito
1583 1905 1603 1928 e

870 1939 949 1972 solo
984 1938 1199 1981 exsiliebat,
1233 1949 1348 1973 novas
1381 1940 1605 1986 praestigias

870 1986 1108 2029 incepturus,
1134 1986 1226 2019 adeo
1252 1988 1311 2028 ut,
1339 1987 1402 2030 qui
1429 1997 1605 2021 accurre-

871 2035 929 2065 rat
953 2032 1000 2065 ad
1025 2033 1208 2066 auxilium
1233 2033 1501 2076 praebendum,
1527 2034 1605 2068 abi-

873 2082 932 2111 ret
944 2078 1104 2112 derisus.
1129 2079 1283 2120 Verum,
1300 2090 1384 2113 cum
1397 2080 1604 2124 aliquando

873 2135 912 2157 re
930 2136 1019 2158 vera
1037 2125 1166 2158 tibiam
1182 2126 1369 2170 fregisset,
1394 2137 1504 2161 nemo
1529 2127 1604 2160 iam

873 2172 907 2204 ei
942 2182 1165 2205 succurrere
1190 2172 1328 2214 voluit,
1366 2183 1494 2207 omnes
1519 2185 1605 2209 cum

874 2218 1091 2259 crederent,
1127 2218 1253 2252 denuo
1287 2230 1373 2252 eum
1409 2220 1605 2255 ludificare

873 2265 1171 2299 circumstantes.
1206 2285 1248 2289 ——
1280 2267 1471 2307 plurima-
1479 2268 1605 2301 Lacr-i-

872 2312 953 2354 ma]
991 2311 1075 2346 vid.
1100 2312 1147 2346 ad
1173 2311 1242 2347 Od.
1271 2315 1309 2354 l,
1342 2315 1381 2355 7,
1415 2315 1448 2347 8.
1497 2314 1604 2360 Virg.

875 2358 1010 2404 Georg
1038 2362 1077 2401 1,
1113 2360 1197 2393 187:
1238 2369 1319 2394 aaa:
1345 2339 1520 2402 plurima.
1569 2365 1603 2404 4,

874 2407 961 2439 419:
991 2407 1182 2447 plurima·
1190 2408 1327 2440 -unda.
1354 2426 1398 2431 —
1420 2417 1487 2449 per
1518 2417 1606 2442 san·

874 2454 970 2486 ctum
991 2452 1075 2495 cet.]
1102 2464 1148 2487 ex
1172 2463 1344 2488 sermone
1370 2454 1604 2498 quotidiano.

875 2499 952 2533 Cic.
984 2500 1080 2533 Phil.
1106 2503 1146 2542 2,
1182 2503 1245 2542 13,
1278 2502 1342 2534 32:
1376 2510 1447 2542 pro
1478 2506 1604 2536 sancte

875 2548 1063 2588 luppiter!
1090 2566 1133 2571 —
1161 2547 1309 2590 Osirim]
1333 2549 1392 2582 vel
1419 2549 1509 2592 quia
1533 2549 1605 2582 Ae-

874 2594 1025 2637 gyptius
1050 2596 1149 2635 erat,
1174 2598 1216 2627 ut
1239 2594 1401 2628 Matreas
1426 2595 1493 2628 ille
1516 2595 1606 2628 Ale-

873 2640 1083 2674 xandrinus
1118 2641 1219 2685 apud
1253 2642 1506 2683 Athenaeum,
1542 2642 1603 2676 vel

875 2687 1005 2727 saltem
1020 2687 1134 2721 Isidis
1160 2688 1278 2721 cultui
1295 2688 1396 2721 inter
1411 2688 1604 2732 popellum

875 2739 965 2767 tuuc
988 2733 1186 2769 admodum
1202 2734 1392 2779 frequenti
1418 2734 1606 2770 addictus.
