1774 2930
188 127 276 168 462

659 126 878 182 HORATII'
891 126 1242 163 EPISTOLARUM

306 227 496 270 Naturae
527 227 632 270 deus
663 227 895 281 humanae,
927 227 1120 270 mortalis
1151 227 1198 270 in
1226 205 1360 271 unum

309 297 519 355 Quodque
550 302 698 354 caput,
730 298 850 339 voltu
877 298 1115 353 mutabilis,
1147 298 1271 342 albus
1303 303 1347 343 et
1377 303 1481 343 ater.

306 368 413 411 Utar
444 372 487 411 et
518 383 574 412 ex
604 368 792 422 modico,
824 372 1032 427 quantum
1061 383 1131 412 res
1161 373 1330 427 poscet,
1362 384 1514 414 acervo

1629 372 1712 413 190

309 439 496 493 Tollam,
529 454 609 482 nec
639 443 847 494 metuam,
881 440 985 496 quid
1015 439 1068 483 de
1098 455 1168 483 me
1198 440 1359 484 iudicet
1387 440 1534 496 heres,

309 510 434 559 Quod
464 525 551 552 non
581 510 706 567 plura
736 510 847 553 datis
878 510 1115 566 invenerit3
1149 515 1193 554 et
1222 515 1369 567 tamen
1400 511 1515 555 idem

308 581 426 624 Scire
458 582 618 636 volam,
652 585 859 638 quantum
890 582 1075 639 simplex
1103 582 1340 640 hilarisque
1369 584 1516 640 nepoti

306 652 536 709 Discrepet
568 657 610 695 et
642 657 848 709 quantum
879 653 1094 697 discordet
1123 668 1279 710 parcus
1311 668 1454 697 avaro.

306 723 451 766 Distat
472 725 600 777 enim,
623 738 801 780 spargas
818 728 893 767 tua
908 724 1126 781 prodigus,
1149 739 1205 767 an
1224 739 1364 781 neque
1387 729 1604 782 sumptum
1629 726 1711 767 195

307 795 472 836 Invitus
502 794 636 837 facias
667 809 808 852 neque
839 796 965 851 plura
993 810 1146 853 parare
1176 795 1365 850 labores,

187 998 268 1031 203.
310 993 378 1030 M:
423 991 580 1030 ‘'Anavn
627 994 774 1039 δαίμων
816 993 925 1043 ἀνδρὶ

188 1045 500 1091 συμπαρίσταται
548 1040 678 1085 Εὐθὺς
730 1045 924 1089 γενομένῳ

185 1088 442 1136 μυσταγωγὸς
458 1090 527 1124 τοῦ
543 1090 634 1131 βίου
657 1087 827 1135 Ἀγαθός·
853 1102 924 1124 κα-

186 1137 259 1174 κὸν
285 1138 357 1186 γὰρ
382 1137 534 1182 δαίμον’
559 1135 605 1172 οὐ
632 1139 839 1181 νομιστέον
857 1136 924 1171 Εἶ-

186 1198 250 1221 ναι
275 1186 364 1227 βίον
389 1182 610 1226 βλάπτοντα
635 1181 818 1233 χρηστόν.
860 1185 925 1220 Se-

187 1245 282 1269 neca
298 1233 417 1278 Epist.
437 1236 517 1277 110,
544 1235 583 1267 1:
607 1235 744 1275 Sepone
760 1235 801 1266 in
813 1242 924 1275 prae-

185 1282 324 1323 sentia,
367 1290 462 1322 quae
504 1282 722 1322 quibusdam
757 1281 925 1322 placent:

185 1330 386 1370 unicuique
443 1331 610 1362 nostrum
666 1329 925 1370 paedaqoqum

187 1378 272 1410 dari
288 1377 408 1419 deum,
424 1385 499 1410 non
516 1377 662 1417 quidem
679 1377 923 1418 ordinarium,

185 1425 249 1457 sed
273 1425 367 1457 hunc
392 1424 580 1466 inferioris
605 1426 715 1457 notae
734 1432 781 1457 ea:
798 1431 922 1456 eorum

185 1480 359 1514 numero,
415 1480 504 1512 quos
557 1471 708 1504 Ovidius
763 1471 817 1503 ait
873 1472 924 1504 de

182 1520 324 1560 plebe
357 1520 479 1552 deos.
529 1518 605 1552 Ofr.
633 1517 701 1551 Od.
729 1520 767 1559 2,
796 1519 850 1559 17,
881 1520 922 1551 17

186 1577 270 1610 sqq.
290 1585 332 1589 ——-
352 1567 521 1600 Naturae
541 1565 626 1609 cet.]
655 1564 770 1608 „deus
797 1565 924 1599 cuius-

185 1624 281 1658 que,
324 1613 390 1658 qui
431 1613 634 1647 humanam
672 1612 827 1646 sortitus
866 1614 924 1646 est

185 1663 362 1695 naturam
396 1671 423 1695 s.
453 1661 517 1705 qui
549 1661 662 1694 homo
689 1661 802 1693 natus
829 1659 920 1694 est.“

186 1707 289 1742 Serv.
315 1707 363 1742 ad
382 1708 448 1742 Ge.
476 1710 508 1750 1,
534 1709 622 1742 302:
650 1707 805 1741 Genium
830 1708 924 1740 dice—

185 1756 274 1788 bant
291 1757 437 1797 antiqui
449 1755 661 1789 naturalem
673 1756 781 1788 deum
797 1755 925 1787 unius-

186 1804 359 1843 cuiusque
394 1804 462 1836 loci
494 1803 553 1835 vel
577 1803 631 1834 rei
657 1803 721 1835 aut
757 1802 923 1834 hominis.

186 1868 231 1873 —
248 1851 415 1883 mortalis
433 1851 473 1883 in
494 1849 778 1889 unumquodque
797 1847 923 1890 caput]

186 1896 249 1939 „in
261 1897 432 1941 singulos
442 1895 626 1938 homines,
636 1896 854 1929 absterbend
861 1896 924 1936 sur

179 1945 281 1983 jedes
309 1945 469 1977 einzelne
494 1943 658 1985 Haupt.“
685 1941 795 1976 Voss.
823 1942 923 1976 Gott-

188 1991 278 2024 liche
303 1992 414 2034 Krast
440 1992 481 2023 in
512 1992 577 2024 der
600 1991 923 2032 Menschennatur‚

185 2039 266 2071 mit
299 2039 500 2080 Jeqlichem
535 2038 716 2071 sterbend.
765 2036 923 2071 Merkel.

183 2084 335 2120 Etenim
361 2096 447 2120 cum
472 2086 547 2119 leto
581 2084 688 2119 fatali
714 2084 923 2130 exstingui-

185 2135 248 2167 tur
281 2134 412 2176 homo,
451 2134 532 2167 eius
568 2132 713 2166 Genius
751 2132 850 2166 redit
882 2131 923 2165 in

184 2180 323 2223 Iovem,
348 2181 387 2214 id
414 2183 483 2223 est,
506 2181 547 2214 in
573 2179 764 2214 aetherem
787 2190 816 2213 s.
842 2180 923 2213 ani-

185 2238 282 2262 mam
309 2228 460 2270 mundi,
494 2238 541 2261 ex
566 2238 641 2272 qua
673 2229 923 2271 processerat,

185 2277 228 2308 ut
267 2275 412 2310 homini
455 2277 492 2309 et
530 2276 692 2308 animam
735 2276 773 2308 et
809 2274 922 2308 vitam

185 2321 294 2356 daret
321 2333 483 2367 eumque
508 2324 709 2364 tutaretur,
735 2321 855 2356 donec
880 2321 922 2354 in

185 2369 279 2404 vivis
327 2373 437 2404 esset.
487 2369 651 2404 Macrob.
695 2368 846 2402 Saturn.
890 2371 921 2411 1,

188 2418 250 2450 10:
269 2418 563 2451 Aestimaverunt
577 2418 723 2458 antiqui
740 2417 885 2450 animas
898 2425 922 2449 a

185 2466 272 2497 Iove
310 2466 395 2498 dari
428 2468 460 2497 et
497 2473 626 2498 rursus
655 2466 738 2506 post
770 2466 923 2497 mortem

186 2513 301 2546 eidem
325 2513 441 2545 reddi.
477 2511 552 2545 Cfr.
578 2511 672 2556 Epp.
700 2513 740 2554 2,
769 2513 807 2553 1,
836 2512 921 2544 144:

187 2559 342 2593 Genium
374 2567 571 2592 memorem
605 2560 723 2592 brevis
757 2559 849 2591 aevi.
877 2577 923 2582 —

185 2606 396 2650 mutabilis]
425 2605 511 2650 „Uti
537 2606 818 2640 vicissitudines
845 2606 921 2639 sin-

185 2653 360 2699 gulorum
401 2653 614 2688 mortalium
654 2653 820 2695 variant,
869 2653 922 2686 ita

185 2702 267 2745 ipse
310 2712 462 2746 quoque
509 2700 550 2734 fit
595 2700 655 2734 vel
697 2701 819 2734 laetus
861 2700 922 2734 vel

973 998 1157 1039 maestus,
1184 996 1245 1031 vel
1270 997 1375 1030 albus
1399 995 1521 1040 (felix)
1546 996 1608 1031 vel
1631 998 1713 1031 ater

974 1044 1244 1087 (aerumnosus
1270 1045 1308 1078 et
1331 1043 1522 1087 infelix).“

1023 1093 1222 1125 190-198.
1274 1093 1365 1124 Utar
1406 1091 1497 1134 cet.]
1541 1091 1711 1134 „Libere

972 1137 1079 1172 fruar
1119 1137 1279 1173 modicis
1320 1138 1415 1173 meis
1453 1138 1710 1182 facultatibus,

974 1187 1158 1230 quantum
1183 1195 1339 1220 necesse
1371 1187 1431 1220 est
1455 1196 1502 1220 ex
1525 1185 1574 1220 iis
1599 1186 1712 1220 absu-

972 1243 1100 1275 mens,
1149 1243 1227 1267 non
1268 1235 1311 1266 nt
1351 1243 1435 1266 mea
1474 1232 1711 1277 disperdam,

972 1289 1060 1314 usus
1078 1280 1179 1314 enim
1193 1279 1334 1314 rationi
1347 1282 1628 1314 consentaneus
1642 1282 1710 1323 est,

973 1338 1050 1362 non
1078 1329 1232 1371 abusus,
1258 1326 1299 1361 id
1323 1329 1402 1370 est,
1428 1327 1595 1361 omnium
1621 1337 1711 1361 con-

974 1375 1172 1419 sumptio.“
1225 1373 1327 1418 (Cic.
1360 1373 1454 1419 Top.
1488 1376 1531 1416 3,
1565 1375 1638 1417 17.)
1665 1393 1709 1398 —

974 1431 1020 1456 ex
1050 1423 1191 1456 modico
1209 1440 1223 1446 -
1241 1441 1257 1448 -
1273 1430 1406 1456 acervo
1440 1421 1605 1465 Tollam]
1633 1420 1709 1456 Cfr.

974 1469 1048 1504 Sat.
1070 1472 1101 1512 1,
1128 1472 1159 1512 1,
1185 1471 1250 1504 51:
1275 1470 1320 1503 At
1344 1477 1458 1503 suave
1485 1471 1536 1503 est
1562 1478 1608 1503 ex
1631 1477 1710 1503 ma-

973 1526 1043 1558 ano
1077 1517 1207 1551 tollere
1237 1525 1382 1550 acerve.
1409 1535 1452 1540 —
1480 1515 1606 1560 heres]
1633 1515 1709 1551 Ofr.

973 1564 1067 1609 Epp.
1105 1567 1143 1607 1,
1170 1566 1210 1607 5,
1246 1565 1301 1598 13.
1327 1583 1373 1588 -
1397 1564 1517 1607 datu]
1554 1574 1607 1607 „a
1638 1574 1710 1607 me,

974 1612 1039 1656 qui
1056 1612 1210 1654 liberos,
1228 1611 1417 1657 legitimos
1434 1610 1608 1654 heredes,
1632 1621 1710 1645 non

971 1659 1113 1702 habeo,
1146 1658 1182 1693 ei
1215 1659 1369 1704 legatis,
1405 1660 1630 1693 testamento
1663 1667 1709 1692 ex

973 1706 1096 1741 libera
1121 1717 1204 1740 mea
1237 1707 1431 1740 voluntate
1456 1704 1637 1739 relictis!
1663 1723 1707 1728 —-

972 1755 1070 1787 Scire
1095 1754 1217 1787 volam
1242 1752 1328 1796 cet.]
1364 1751 1441 1795 „Et
1465 1751 1582 1786 debeo
1609 1752 1708 1786 scire

974 1802 1011 1835 et
1036 1801 1114 1834 scio
1140 1811 1181 1834 re
1205 1799 1327 1842 vera,“
1354 1798 1393 1833 id
1418 1802 1487 1842 est,
1513 1798 1607 1842 „etsi
1626 1809 1709 1833 sum

972 1847 1043 1881 hac
1076 1847 1283 1889 sententia,
1316 1845 1502 1880 utendum
1536 1856 1619 1880 esse
1644 1857 1710 1891 pa-

973 1895 1084 1937 ratis,
1117 1897 1243 1928 tamen
1276 1894 1349 1928 hoc
1382 1893 1476 1927 mihi
1507 1903 1590 1928 meo
1623 1894 1708 1928 iure

973 1941 1138 1984 vindico,
1163 1944 1206 1976 ut
1231 1941 1350 1975 sciam
1367 1942 1406 1975 et
1421 1951 1619 1986 nunquam
1643 1940 1708 1976 ob-

972 1989 1146 2031 liviscar,
1189 1991 1374 2033 quantum
1412 1987 1618 2022 discrimen
1660 1987 1709 2022 sit

973 2036 1073 2071 inter
1098 2036 1291 2071 hominem
1315 2036 1516 2078 simplicem
1541 2035 1633 2078 (non
1654 2038 1709 2070 te-

974 2086 1075 2118 ctum
1101 2094 1225 2128 neque
1252 2082 1469 2126 subdolum,
1493 2084 1558 2116 der
1583 2083 1709 2124 aratos

971 2133 1090 2165 Frohe
1115 2130 1306 2174 Merkel),
1332 2131 1399 2175 qui
1424 2130 1485 2164 vel
1508 2132 1710 2175 propterea

971 2179 1131 2213 hilarior
1168 2178 1281 2213 etiam
1315 2180 1373 2212 est
1407 2188 1452 2212 ac
1488 2177 1630 2222 largior
1667 2177 1708 2211 in

973 2226 1156 2260 conviviis
1191 2223 1436 2270 apparandis,
1470 2227 1509 2259 et
1538 2225 1709 2259 luxurio-

973 2284 1056 2308 sum
1073 2276 1186 2318 atque
1203 2272 1417 2318 prodigum,
1441 2272 1482 2306 in
1501 2282 1599 2316 quae
1616 2271 1709 2306 vitia

972 2332 1020 2355 ne
1047 2331 1215 2366 unquam
1241 2319 1424 2362 incidam,
1454 2319 1573 2367 probe
1600 2329 1707 2353 cave-

970 2369 1053 2402 bo.“
1083 2387 1125 2391 -—
1152 2366 1606 2410 Discrepet--diseordet1
1631 2365 1706 2400 duo

971 2412 1162 2459 ὁμώνυμα
1174 2424 1264 2460 prot
1283 2424 1419 2459 „quam
1435 2413 1576 2448 diversi
1594 2413 1705 2447 sint.“

972 2462 1211 2497 Constructio
1238 2462 1369 2496 eadem
1394 2464 1453 2495 est
1478 2463 1590 2505 atque
1612 2460 1706 2505 Epp.

973 2513 1012 2553 1,
1040 2512 1103 2553 18,
1129 2511 1169 2543 4:
1203 2518 1356 2542 scurrae
1381 2509 1531 2542 distabit
1555 2508 1706 2541 amicus.

973 2577 1016 2581 —
1033 2557 1204 2600 spamae]
1233 2555 1405 2590 Verbum
1429 2555 1587 2590 rarioris
1613 2564 1706 2588 usus

970 2615 1039 2650 pro
1067 2604 1263 2648 „dissipes,
1287 2603 1482 2648 prodigas,
1508 2601 1706 2645 dilapides,

971 2653 1081 2697 quasi
1111 2661 1283 2685 nummos
1316 2649 1467 2694 popello
1494 2659 1514 2683 e
1538 2648 1707 2683 fenestra

971 2699 1187 2745 spargens.“
1209 2717 1252 2722 -
1276 2698 1392 2739 plura
1413 2695 1571 2739 parare]
1599 2695 1706 2740 „plu-
