1774 2930
102 2227 106 2231 ·
162 2205 276 2245 Refer
304 2203 388 2245 eet.]

156 172 243 213 370

635 169 844 204 HORATII
867 168 1216 204 EPISTOLARUM

274 271 440 314 Vitabit
471 271 761 327 chlamydem,
793 270 999 313 morietur
1030 270 1208 326 frigore,
1242 272 1280 313 si
1311 285 1397 314 non
1459 323 1464 325 .

273 342 508 385 Rettuleris
540 355 743 398 pannum.
804 340 938 384 Refer
969 345 1012 383 et
1044 341 1136 384 sine
1167 342 1285 385 vivat
1315 342 1502 399 ineptus.

276 413 364 456 Res
398 427 548 469 gerere
581 416 623 455 et
655 417 802 469 captos
834 412 1060 455 ostendere
1092 413 1255 455 civibus
1288 413 1435 457 hostes

275 484 464 540 Attingit
495 484 648 525 solium
678 483 791 525 Iovis
824 486 868 526 et
899 483 1102 526 caelestia
1131 487 1295 526 tentat:

275 555 549 611 Principibus
580 554 793 610 placuisse
823 554 927 596 viris
957 568 1044 596 non
1075 555 1226 597 ultima
1254 555 1348 597 laus
1382 559 1461 598 est.

1628 556 1684 596 35

276 626 374 668 Non
405 626 539 669 cuivis
570 625 734 667 homini
765 625 974 681 contingit
1005 624 1123 668 adire
1154 625 1421 668 Corinthum.

277 696 414 750 Sedit,
449 697 521 753 qui
553 697 715 750 timuit,
750 710 805 739 ne
838 710 924 737 non
956 696 1216 740 succederet.

155 832 325 867 Milesiae
350 835 503 876 propter
529 832 638 866 lanae
664 831 890 875 praestanti-

157 891 217 914 am
230 881 328 914 inter
342 879 631 924 pretiosissimas
647 882 766 912 erant.
786 878 892 923 Virg.

158 926 225 961 Ge.
251 929 292 968 3,
326 929 413 961 306:
452 928 618 967 quamvis
642 927 791 961 Milesia
815 935 892 959 ma-

157 983 227 1016 ρηο
258 975 399 1008 Vellera
433 976 619 1007 mutemur
645 975 769 1014 Tyrios
796 974 892 1006 inco-

159 1025 218 1055 cta
249 1024 410 1054 rubores.
438 1040 481 1045 ——
509 1030 598 1054 cane
630 1023 733 1062 peius
760 1023 792 1054 el
827 1029 892 1053 an-

159 1069 236 1112 nui]
263 1069 421 1103 Locutio
435 1068 684 1113 proverbialis
702 1068 748 1102 de
767 1068 893 1110 rebus,

158 1126 181 1151 a
194 1116 332 1160 quibus
346 1116 504 1150 maxime
523 1115 768 1149 abhorremus
783 1126 893 1159 quas-

159 1174 233 1208 que
275 1164 363 1197 mali
406 1163 542 1197 ominis
585 1173 667 1196 esse
707 1162 893 1196 ducimus.

158 1210 281 1245 Plaut.
306 1210 421 1245 Merc.
440 1212 473 1251 4,
500 1214 532 1251 4,
559 1212 622 1243 20:
650 1219 761 1250 quam
788 1210 894 1251 (uxo-

159 1259 254 1301 rem)
282 1260 422 1291 dudum
447 1259 596 1291 dimeras
624 1259 668 1290 Te
694 1258 808 1290 odisse
835 1266 895 1290 ae-

160 1314 230 1346 que
267 1307 377 1346 atque
415 1313 564 1345 araque&
615 1304 670 1338 De
702 1304 895 1338 locutione

157 1354 260 1394 peius
297 1354 416 1386 vitare
455 1353 521 1386 cfr.
564 1351 632 1385 od.
672 1354 713 1393 4,
752 1355 791 1394 9,
832 1353 895 1385 50.

160 1401 340 1440 Pectusque
379 1401 449 1433 leco
487 1400 668 1441 flaqilium
706 1401 817 1432 limet.
854 1418 895 1422 —-

163 1449 296 1481 Vitabit
339 1448 563 1488 chlmnydem
605 1446 696 1489 cet]
747 1446 896 1480 Arrian.

162 1494 284 1539 Epict.
312 1496 352 1535 1,
387 1496 451 1536 24,
479 1496 516 1527 7:
538 1493 736 1548 Ιιογε-’νης
763 1492 805 1527 τὸ
831 1505 897 1537 γυ-

160 1540 259 1584 μνὸν
285 1540 383 1575 εἶναι
408 1541 511 1585 λέγει
533 1536 596 1574 ὅτι
618 1538 802 1588 κοεϊσσόν
820 1552 900 1574 εστι

161 1585 291 1632 πάσης
333 1586 633 1636 περιπορφύοου.
695 1588 900 1623 Historiam

161 1636 320 1671 fortasse
348 1648 392 1670 ex
418 1637 511 1681 ipsis
530 1636 675 1670 Horatii
695 1636 821 1670 verbis
848 1636 901 1670 ef-

161 1683 284 1718 fictam
335 1685 389 1718 sic
439 1687 569 1718 narrat
619 1677 898 1717 Oom'mentator

162 1731 341 1775 Cruquii:
379 1731 518 1773 „Aiunt
542 1731 779 1775 Aristippum
804 1731 899 1764 invi-

162 1781 238 1812 tato
274 1778 443 1823 Diogene
476 1778 523 1812 ad
557 1778 711 1812 balneas
749 1777 899 1812 dedisse

160 1836 334 1869 operam,
369 1828 411 1859 ut
444 1835 573 1859 omnes
605 1826 711 1868 prius
746 1825 899 1868 egrede-

162 1876 314 1914 rentur,
356 1873 479 1926 ipsum
521 1872 701 1916 Diogenis
742 1872 899 1914 pallium

162 1919 334 1953 induisse
374 1919 484 1963 eique
523 1918 725 1963 reliquisse
758 1929 901 1963 purpu-

163 1977 289 2009 reum;
313 1966 414 2011 quod
428 1966 617 2011 Diogenes
636 1966 796 2000 induere
815 1976 900 1999 cum

165 2015 301 2055 nollet,
334 2024 444 2048 suum
469 2014 632 2057 repetiit.
684 2013 792 2046 Tunc
816 2013 901 2047 Ari-

163 2061 310 2105 stippus
345 2061 539 2105 increpuit
565 2060 746 2105 Cynicum
778 2061 899 2095 famae

165 2109 403 2150 servientem,
421 2109 486 2153 qui
500 2109 626 2153 algere
641 2108 771 2142 mallet
788 2119 900 2152 quam

163 2156 332 2200 conspici
370 2155 410 2189 in
448 2158 549 2190 veste
588 2156 816 2200 purpurea.“
856 2175 901 2179 —

434 2203 563 2244 „Quin
602 2202 717 2247 igitur
757 2202 899 2236 desinis

164 2251 283 2284 iocari
317 2261 400 2284 cum
436 2251 502 2284 tali
536 2251 687 2284 homine
714 2252 751 2284 et
777 2249 903 2284 reddis

166 2298 200 2331 ei
238 2297 431 2338 διπλοΐδα,
469 2297 580 2331 facile
607 2298 641 2331 ei
676 2297 903 2339 concedens,

166 2347 207 2377 ut
249 2355 396 2389 semper
439 2348 476 2378 et
517 2344 659 2388 ubique
707 2323 903 2389 indulgeat

167 2392 245 2425 suis
279 2392 480 2435 ineptiis?“
510 2411 552 2415 —
579 2391 743 2434 ineptus]
771 2391 903 2436 Cynici

165 2438 264 2472 ridet
298 2439 547 2473 rusticitatem
581 2449 624 2472 ac
654 2439 902 2494 proterviam3

165 2486 219 2520 sic
253 2485 441 2539 Epicurus
477 2486 641 2527 dixerat,
679 2485 726 2519 οὐ
762 2490 903 2519 κυνιεῖν

166 2530 233 2566 τὸν
259 2529 401 2574 σοφόν.
451 2533 794 2578 Diog.Laert.lO,
824 2536 901 2567 119.

215 2605 337 2637 33-36.
362 2605 434 2636 Res
453 2611 578 2644 qerere
597 2603 681 2646 cet]
711 2603 809 2645 „Res
827 2614 904 2637 ma-

165 2661 257 2695 gnas
275 2661 407 2696 gerere
426 2651 465 2684 in
482 2650 594 2684 bellis
613 2653 650 2684 et
667 2650 902 2695 triumphare

166 2698 212 2731 de
229 2698 403 2732 hostibus
421 2697 579 2732 devictis
603 2708 714 2742 quam
732 2698 902 2742 proxime

165 2744 310 2778 accedit
333 2745 378 2779 ad
405 2744 638 2779 divinitatem
657 2748 693 2779 et
711 2745 902 2779 immorta-

1277 696 1385 739 Esto
1399 698 1408 738 ἔ

941 832 1014 865 lem
1031 832 1189 876 gloriam
1206 835 1388 876 meretur;
1414 843 1545 867 verum
1565 833 1682 866 etiam

940 880 1164 920 principibus
1182 879 1274 914 cet.“
1315 879 1511 925 Significat
1527 883 1683 924 praeter

943 929 1088 960 ceteros
1130 926 1342 972 Augustum
1385 929 1423 961 et
1462 927 1683 972 Agrippam,

945 973 1180 1015 „cuiusmodi
1191 975 1283 1008 viris
1298 974 1398 1009 inter
1412 975 1593 1019 aequales
1609 975 1685 1018 pri-

942 1021 1070 1054 mariis
1105 1022 1172 1055 ubi
1209 1022 1423 1065 placueris,
1461 1022 1683 1056 meritorum

943 1070 1095 1101 tuorum
1121 1071 1234 1113 atque
1260 1069 1406 1114 ingenii
1432 1069 1582 1114 insigne
1609 1069 1685 1102 erit

943 1115 1236 1149 testimonium.“
1271 1135 1314 1140 —
1350 1117 1526 1150 caelestia
1551 1115 1684 1158 tentat]

945 1163 1162 1204 „laboribus
1181 1164 1260 1197 suis
1278 1163 1598 1198 immortalitatem
1615 1174 1683 1207 pe-

944 1210 1023 1243 tit.“
1061 1229 1103 1234 -
1140 1212 1223 1244 Non
1263 1212 1377 1244 cuivis
1420 1211 1555 1244 homini
1593 1210 1681 1266 cet.]

943 1257 1191 1291 Proverbium
1217 1257 1404 1292 Graecum
1431 1255 1508 1312 (Οιξ
1543 1255 1688 1299 παντὸς

946 1302 1084 1351 άνὸρός
1098 1306 1151 1346 εἰς
1164 1301 1360 1351 Κόρινθον
1376 1300 1462 1339 ἐσθ’
1485 1302 1508 1338 ὁ
1530 1304 1657 1346 πλοῦς.
1659 1305 1687 1347 ),

946 1351 991 1386 de
1019 1353 1128 1386 cuius
1162 1352 1310 1397 origine
1343 1352 1585 1397 ambigebant
1611 1352 1686 1385 iam

946 1399 1106 1443 antiqui.
1131 1399 1318 1434 Primaria
1336 1402 1461 1434 tamen
1487 1399 1570 1434 eius
1599 1409 1684 1433 sen·

947 1447 1067 1480 tentia
1084 1446 1235 1481 videtur
1260 1457 1316 1489 ea,
1342 1457 1456 1492 quam
1476 1450 1687 1481 memorant

946 1493 1281 1548 Paroemiographi
1310 1494 1514 1529 Gaisfordii
1539 1504 1687 1528 omues:

950 1538 974 1584 ἦ
994 1538 1188 1597 Κόρινθος
1213 1539 1356 1583 πολλὰς
1381 1537 1495 1582 ἔσχεν
1504 1541 1686 1595 ἑταίρας,

949 1589 992 1621 αἱ
1017 1586 1105 1630 τοὺς
1129 1587 1348 1632 (ἱφικνουμε
1332 1599 1443 1630 νους
1469 1588 1543 1622 τῶν
1568 1587 1687 1643 §evagr

950 1633 1241 1680 ἑδασμολόγουν
1284 1634 1331 1670 τὰ
1371 1632 1514 1677 ἐφόδια
1561 1634 1686 1669 αὐτῶν

950 1681 1234 1726 λαμβάνουσαι.
1284 1683 1560 1718 Commentator
1593 1682 1686 1716 Oru-

950 1731 1051 1774 quii:
1080 1730 1184 1773 „Non
1203 1731 1304 1765 omni
1321 1730 1467 1764 homini
1489 1732 1611 1763 tutum
1630 1733 1688 1764 est

950 1777 1174 1811 Corinthum
1200 1778 1395 1822 navigare,
1419 1779 1575 1821 propter
1595 1776 1687 1811 -Lai-

949 1824 1032 1858 dem
1057 1828 1093 1858 et
1117 1824 1210 1859 alias
1229 1824 1458 1866 meretrices,
1484 1835 1582 1868 quae
1608 1835 1686 1859 non

949 1871 1025 1905 nisi
1051 1871 1179 1906 multis
1213 1871 1366 1906 talentis
1390 1882 1506 1906 unam
1538 1873 1687 1906 noctem

949 1918 1009 1952 sui
1036 1919 1182 1963 copiam
1206 1918 1430 1953 faciebant.“
1463 1917 1545 1953 Hoc
1570 1918 1687 1964 igitur

949 1965 1059 2000 dicit:
1087 1966 1386 2008 „Difficillimum
1410 1968 1468 2000 est
1492 1966 1686 2010 inceptum

949 2013 1152 2047 amicitiam
1183 2013 1443 2058 potentiorum
1481 2023 1685 2057 quaerere,

950 2063 1007 2094 est
1031 2061 1193 2095 hominis
1219 2060 1380 2095 animosi
1410 2060 1595 2105 nulloque
1621 2059 1688 2094 ob-

950 2109 1095 2142 staculo
1114 2107 1388 2152 perterrefacti,
1415 2107 1481 2142 sed
1506 2106 1685 2152 quemad-

949 2155 1101 2189 modum
1127 2158 1183 2190 est
1206 2156 1246 2189 in
1263 2155 1478 2200 proverbio,
1502 2156 1586 2189 Non
1610 2155 1685 2188 cui-

949 2204 1000 2235 vis
1026 2205 1095 2236 cet.
1145 2202 1236 2236 Nam
1263 2203 1330 2247 qui
1355 2201 1579 2236 Corinthum
1614 2202 1687 2236 iter

954 2250 1134 2291 habebat,
1167 2261 1289 2294 aequo
1318 2249 1444 2284 animo
1470 2252 1686 2294 exspectare

954 2296 1126 2339 debebat,
1153 2307 1193 2331 se
1216 2307 1370 2341 quoque
1394 2297 1532 2331 misere
1557 2306 1688 2340 exspo-

951 2345 1084 2378 liatum
1109 2345 1156 2378 iri
1182 2343 1228 2378 ab
1253 2340 1488 2391 ἱεροδούλοις
1503 2343 1592 2384 illis,
1617 2352 1688 2376 πο·-

952 2390 1126 2434 ὶυξέναις
1150 2392 1320 2424 νεανίαιν
1352 2390 1509 2425 Pindari
1542 2389 1688 2436 (Bergk

952 2450 987 2482 p.
1007 2441 1086 2472 244.
1090 2439 1116 2481 ),
1137 2441 1203 2472 aut
1220 2439 1372 2472 omnino
1391 2438 1612 2472 renuntiare
1628 2438 1686 2472 in-

953 2488 1060 2530 cepto
1086 2486 1178 2519 illuc
1204 2485 1443 2531 navigandi.“

1000 2557 1120 2590 37-42.
1145 2555 1257 2598 Sedit]
1284 2559 1326 2589 ut
1342 2554 1556 2599 καθῆσθαι,
1583 2564 1686 2596 „ces-
1737 2557 1744 2561 '
1770 2540 1774 2551 Δ·

952 2606 1019 2643 sat,
1046 2603 1148 2648 turpi
1167 2603 1244 2636 otio
1261 2602 1419 2647 torpet-‘⁴
1448 2601 1598 2636 Terent.
1618 2601 1687 2635 Ad.

951 2653 984 2693 4,
1010 2652 1043 2692 5,
1070 2651 1135 2684 38:
1165 2651 1222 2683 An
1245 2650 1369 2683 sedere
1395 2650 1554 2691 oportuit
1579 2649 1690 2682 Domi

949 2698 1128 2739 viv-qinom
1151 2699 1227 2730 tam
1250 2697 1454 2738 arandam?
1479 2695 1546 2730 ubi
1563 2696 1688 2730 Dona-

950 2748 1030 2778 tus:
1068 2745 1213 2785 „sedere
1238 2743 1391 2788 propri-e
1423 2742 1582 2788 ignavae
1607 2752 1688 2776 ces-
