1786 2912
704 19 718 36 b

209 138 292 178 106

707 136 916 171 HORATII
940 136 1224 171 SATIRARUM

322 238 527 294 Magnum
560 238 810 292 adiutorem,
843 242 991 294 posset
1021 238 1094 294 qui
1126 238 1238 281 ferre
1270 239 1493 294 secundas,

322 309 449 351 Hunc
478 309 698 351 hominem
727 309 862 351 velles
895 309 930 350 si
960 309 1151 363 tradere3
1184 309 1438 366 dispeream,
1469 311 1515 353 ni

323 379 580 422 Submosses
613 394 774 422 omnes.
827 379 926 421 Non
956 380 1040 422 isto
1058 380 1255 422 vivimus
1286 381 1393 435 illic,

308 450 417 499 Quo
438 455 486 493 tu
506 466 616 504 rere,
638 451 788 505 modo3
822 451 972 492 domus
994 450 1076 493 hac
1095 465 1176 494 nec
1196 452 1344 507 purior
1362 452 1452 494 ulla
1472 455 1538 495 est

321 521 412 565 Nec
432 523 568 577 magis
590 522 657 563 his
680 523 821 564 aliena
840 522 984 576 malis3
1007 522 1068 563 nil
1089 522 1149 563 mi
1170 522 1302 565 officit
1319 537 1523 579 unquam,
1567 536 1569 538 ·

1664 524 1720 588 50

321 593 463 635 Ditior
493 593 564 635 hic
595 598 668 635 aut
700 597 766 636 est
798 594 899 649 quia
929 593 1114 647 doctior3
1149 597 1215 636 est
1244 594 1363 636 locus
1392 595 1468 636 uni

298 713 355 744 48.
389 712 544 744 vivimus
577 710 675 755 bScp
703 712 740 743 et
764 708 936 744 Pottierii
969 721 1117 752 omnes,
1150 710 1282 745 LCtF:
1313 713 1450 746 vivitur
1475 722 1520 746 ex
1550 712 1673 747 tribus

251 758 367 792 Codd.
386 758 595 801 Bentleius,
621 757 668 791 M.
683 777 726 781 —
742 758 799 791 50.
825 758 977 798 inquam
1002 768 1047 803 cp
1074 761 1111 792 et
1136 769 1181 793 ex
1205 769 1340 794 novem
1365 759 1450 794 aliis
1466 759 1673 794 Bentleius.
1704 784 1707 787 -

202 875 311 899 nemo
337 865 492 899 fortuna
517 864 709 899 dexterius
735 875 779 898 ac
805 864 937 898 soller-

200 911 275 946 tius
303 923 347 946 eo
375 915 431 946 est
454 923 558 954 usus,
583 923 658 956 qua
683 913 722 945 in
741 914 820 946 arte
847 922 936 946 sane

199 970 326 993 rerum
353 960 602 994 humanarum
626 959 738 993 cardo
765 960 936 993 vertitur.

201 1025 243 1030 -—
261 1007 339 1041 Iam
357 1008 467 1040 facile
486 1007 554 1040 tibi
573 1007 645 1041 erit
663 1007 766 1048 mihi,
792 1007 936 1040 homini

199 1057 352 1088 centum
387 1055 543 1097 artium,
581 1055 714 1099 quales
748 1054 813 1088 ille
841 1054 937 1088 solet

198 1101 387 1146 deligere,
424 1102 566 1136 aditum
598 1102 644 1135 ad
671 1112 756 1135 eum
781 1112 935 1146 parare3

197 1159 242 1183 ac
280 1149 398 1183 facies
438 1150 510 1183 hcc
547 1149 707 1183 fortasse
742 1160 818 1183 non
853 1149 935 1183 sine

196 1197 353 1240 proprio
385 1199 450 1230 tuo
484 1196 697 1238 commodo,
732 1207 800 1241 ego
835 1197 934 1230 enim

197 1247 234 1277 te
260 1254 328 1288 pro
353 1243 455 1277 virili
480 1247 585 1288 parte
611 1245 779 1278 iuvarem
805 1244 936 1278 adver-

198 1301 262 1325 sus
281 1291 429 1325 invidos
448 1295 560 1336 atque
574 1291 727 1336 iniquos
741 1293 838 1334 tuos,
857 1292 935 1335 qui,

197 1341 239 1372 ut
265 1349 362 1381 reor,
388 1339 580 1372 interdum
605 1338 705 1383 apud
731 1338 838 1372 illum
865 1339 934 1372 tibi

197 1385 387 1428 officiunt3
438 1386 550 1419 immo
599 1397 668 1430 ope
716 1397 799 1420 mea
841 1397 933 1430 quos

196 1433 299 1467 voles
335 1433 613 1467 submovebis.“
643 1453 686 1457 —
713 1434 933 1476 adiutorem]

197 1491 398 1524 „unquam
437 1481 466 1514 si
505 1481 710 1523 accideret,
753 1484 795 1514 ut
833 1481 932 1515 alius

194 1527 424 1561 Maecenatis
459 1529 601 1561 amicus
631 1528 700 1562 tibi
727 1528 808 1562 eius
835 1529 934 1562 favo-

195 1585 274 1608 rem
289 1575 512 1609 subtrahere
529 1577 764 1608 conaretur.“
792 1575 859 1609 Est
871 1587 933 1609 vo-

196 1622 374 1656 cabulum
399 1622 602 1656 scenicum.
651 1622 811 1655 Phaedr.
839 1626 872 1664 5,
899 1625 932 1664 5,

199 1671 267 1703 13:
303 1672 348 1703 In
371 1679 480 1703 scena
506 1678 592 1703 vero
615 1672 810 1711 postquam
834 1671 932 1702 solus

196 1718 363 1760 constitit,
379 1719 464 1751 Sine
481 1719 678 1759 apparatu,
696 1718 809 1750 nullis
827 1719 931 1750 adia-

195 1765 345 1797 toribus.
373 1784 415 1788 -—
442 1766 541 1806 serre
565 1764 757 1807 secundas]
790 1775 930 1819 „agere

195 1812 383 1846 secundas
408 1815 551 1856 partes,
585 1809 932 1858 δευτεραγωνιστήν

194 1857 343 1901 εὶναι“,
381 1859 490 1893 cuius
523 1860 767 1904 praecipuum
792 1870 930 1893 munus

196 1911 295 1948 erat,
330 1909 391 1949 ut,
426 1906 736 1951 quemadmodum
769 1906 930 1951 Pylades

195 1952 365 1988 Orestem
392 1955 431 1987 in
449 1953 644 1998 Euripidis
666 1954 864 1999 Iphigenia
890 1954 929 1987 in

196 2000 332 2035 Tauris
359 2003 396 2036 et
420 2002 459 2034 in
487 2000 638 2043 Oreste,
665 2001 810 2043 verbis,
835 2001 929 2035 reci-

193 2049 356 2091 tatione,
390 2049 681 2094 gesticulatione
714 2059 824 2104 quam
855 2059 930 2082 ma-

193 2096 294 2130 xime
311 2096 458 2131 iuvaret
472 2107 515 2131 ac
530 2096 736 2131 sustineret
748 2093 815 2129 τὸν
830 2106 931 2143 ποω-

194 2140 444 2187 ταγωνιστήν.
495 2143 569 2177 cfr.
610 2143 687 2177 Cic.
723 2143 847 2177 Divin.
890 2145 929 2177 in

195 2190 237 2230 Q.
265 2191 402 2225 Caecil.
430 2193 486 2232 15,
511 2193 581 2225 48:
619 2193 660 2224 Ut
683 2193 724 2224 in
748 2192 930 2226 actoribus

195 2238 345 2272 Graecis
369 2239 451 2280 fieri
475 2240 655 2280 videmus,
680 2247 788 2280 saepe
813 2239 930 2280 illum,

195 2287 258 2325 qui
282 2288 333 2318 est
362 2288 604 2319 secundarum
638 2289 702 2319 aut
736 2287 930 2319 tertiarum

190 2334 366 2374 parcium,
399 2342 480 2366 cum
501 2335 612 2374 possit
639 2335 831 2374 aliquanto
856 2334 930 2366 cla-

193 2380 272 2412 rius
305 2381 422 2413 dicere
457 2389 567 2421 quam
602 2382 677 2421 ipse
712 2382 930 2422 primarum,

192 2428 348 2460 multum
365 2429 599 2470 summittere,
626 2430 665 2460 ut
683 2429 746 2461 ille
761 2429 930 2470 princeps

194 2475 306 2514 quam
336 2476 496 2508 maxime
528 2476 703 2517 excellat,
736 2477 788 2508 sic
820 2477 931 2517 saciet

192 2522 365 2555 Alienus.-
390 2523 455 2554 tibi
480 2523 628 2564 serviet,
657 2524 722 2555 tibi
750 2524 930 2556 lenocina-

194 2569 311 2612 bitur;
348 2570 467 2602 minus
502 2570 693 2610 aliquanto
732 2571 931 2612 contendet,

194 2625 306 2656 qaam
343 2619 471 2659 potest.
507 2636 548 2639 —
583 2618 694 2649 Hunc
737 2617 930 2660 hominem]

196 2662 413 2706 ,δεικτικῶς
439 2674 478 2698 se
512 2663 637 2708 ipsum
662 2663 906 2698 demonstrat.
912 2665 929 2682 ‘⁴

195 2709 323 2745 COMM.
351 2711 471 2750 CRUQ.
509 2711 631 2744 Plaut.
659 2710 858 2745 CurcuL‘)
839 2736 872 2754 ..,
900 2714 931 2753 1,

987 866 1054 898 33:
1091 866 1190 898 solus
1217 867 1273 899 hic
1296 867 1401 899 homo
1427 868 1496 909 est,
1534 867 1598 907 qui
1629 867 1721 900 sciat

985 914 1171 955 divinitus,
1195 912 1235 946 id
1259 915 1328 956 est,
1355 914 1481 956 „solus
1507 924 1575 958 ego
1601 924 1696 948 sum.
1701 913 1720 932 ‘⁶

987 959 1138 994 Terent.
1163 959 1299 994 Heaut.
1325 962 1366 1003 2,
1392 962 1412 994 2
1440 961 1511 1004 (al.
1538 961 1601 1004 3),
1629 963 1720 995 114.

986 1009 1057 1040 Hic
1096 1008 1128 1040 si
1169 1008 1257 1048 quid
1296 1009 1397 1041 nobis
1438 1009 1534 1049 sorte
1575 1009 1722 1042 adversi

986 1055 1164 1097 evenerit,
1205 1056 1283 1088 Tibi
1307 1058 1415 1088 erum
1434 1057 1575 1097 parata
1598 1057 1720 1099 verba,

987 1103 1070 1135 huic
1104 1103 1242 1140 homini
1271 1103 1435 1138 verbera.
1486 1102 1562 1143 Gfr
1586 1101 1656 1137 Od.
1686 1105 1721 1146 3,

988 1151 1230 1191 10‚19:hoc
1255 1150 1442 1205 (meum)-
1481 1151 1621 1184 -latua
1663 1149 1722 1184 si-

984 1174 1123 1230 militer
1149 1196 1284 1230 Graeci
1309 1191 1375 1230 ὅδε
1399 1193 1422 1230 ὁ
1447 1193 1559 1244 ἀνήρ,
1587 1197 1626 1231 id
1652 1199 1721 1240 est,

983 1239 1070 1287 ἐγώ.
1169 1244 1337 1287 tradere]
1381 1245 1685 1287 „commendare.
1699 1244 1717 1262 ‘⁴

985 1290 1062 1324 Cic.
1087 1290 1135 1325 ad
1159 1290 1261 1325 Fam.
1288 1293 1320 1333 7,
1347 1293 1388 1325 5:
1414 1293 1543 1325 Totum
1566 1293 1720 1332 denique

985 1339 1164 1371 hommem
1196 1340 1260 1372 tibi
1290 1340 1345 1372 ita
1378 1340 1484 1373 trado
1515 1340 1560 1372 de
1595 1346 1721 1382 manu,

982 1388 1022 1418 ut
1048 1387 1164 1428 aiunt,
1190 1387 1231 1418 in
1255 1394 1405 1419 manum
1428 1389 1531 1420 tuam
1552 1388 1661 1420 istam
1686 1388 1720 1420 et

982 1434 1139 1466 victoria
1188 1435 1222 1466 et
1260 1434 1330 1475 fide
1367 1435 1630 1476 praestantem.
1673 1452 1717 1457 —

982 1482 1196 1522 dispeream,
1222 1482 1262 1514 ni
1287 1480 1372 1524 cet]
1399 1480 1506 1516 Conf.
1530 1492 1564 1515 v.
1588 1482 1645 1514 38.
1671 1499 1716 1504 -

981 1528 1210 1571 Submosses]
1249 1528 1406 1571 „statim
1443 1539 1466 1562 a
1501 1527 1719 1562 Maecenate

982 1575 1190 1609 alienasses
1201 1586 1210 1617 ;
1223 1575 1240 1592 “
1281 1575 1389 1618 quasi
1426 1575 1715 1619 praecessisset:

984 1623 1038 1664 „si
1063 1633 1121 1655 me
1147 1622 1204 1655 illi
1230 1621 1486 1656 tradidisses.“
1537 1622 1626 1667 Ipso
1650 1633 1718 1657 au-

981 1672 1055 1702 tem
1079 1672 1249 1713 tempore
1275 1669 1435 1703 actionis
1465 1669 1639 1704 celeritas
1663 1669 1718 1704 fa-

981 1716 1181 1760 cilitasque
1208 1716 1453 1760 significatur.

1028 1765 1149 1798 48·55.
1174 1764 1340 1807 vivimus]
1366 1764 1451 1806 Qui,
1478 1764 1579 1808 quod
1592 1764 1718 1799 subie-

981 1812 1081 1844 ctum
1120 1814 1237 1853 esset,
1274 1822 1406 1855 parum
1443 1811 1716 1857 intelligebant,

981 1858 1263 1892 substituerunt
1298 1860 1457 1902 vivitur3
1495 1858 1561 1894 sed
1597 1859 1718 1904 prima

979 1916 1142 1949 persona
1176 1906 1307 1940 scitius
1341 1909 1396 1947 et,
1435 1906 1467 1940 si
1501 1907 1577 1948 vis,
1613 1917 1717 1941 acer-

980 1953 1065 1986 bius
1108 1953 1220 1987 etiam
1270 1953 1476 1998 significat,
1525 1954 1716 1988 hominem

979 2000 1080 2034 haud
1107 2000 1264 2045 dignum
1289 2011 1384 2043 esse,
1409 2001 1476 2045 qui
1498 2002 1540 2034 in
1560 2001 1632 2034 hoc
1649 2001 1715 2035 ho-

980 2051 1175 2082 nestorum
1188 2048 1352 2082 virorum
1366 2048 1484 2082 veluti
1498 2047 1716 2082 sodalitium

980 2095 1198 2139 recipiatur.
1225 2114 1269 2119 -
1294 2094 1391 2138 rere]
1418 2094 1552 2130 Cicero
1578 2094 1625 2130 de
1651 2094 1714 2129 Or.

980 2145 1013 2185 3,
1040 2145 1096 2185 38,
1125 2145 1203 2176 153.
1228 2144 1304 2176 reri
1332 2153 1378 2176 ex
1402 2142 1450 2177 iis
1475 2142 1602 2177 verbis
1627 2144 1716 2187 poe-

979 2190 1064 2224 ticis
1099 2201 1181 2224 esse
1215 2190 1325 2232 dicit,
1359 2191 1487 2231 quibus
1520 2191 1597 2224 loco
1619 2191 1716 2231 posi—

980 2239 1024 2270 tis
1049 2239 1225 2279 oranaim·
1251 2240 1360 2279 atque
1383 2238 1571 2278 antiquior
1594 2238 1716 2270 oratio

978 2294 1086 2327 saepe
1114 2286 1231 2318 videri
1258 2286 1360 2318 solet.
1387 2304 1431 2308 —
1455 2284 1587 2327 malis]
1604 2299 1609 2315 ι
1625 2283 1715 2326 „in-

979 2333 1090 2371 vidia,
1117 2332 1317 2373 simultate,
1342 2331 1504 2373 insidiis,
1530 2331 1714 2365 detrecta-

980 2380 1158 2421 tionibus,
1172 2379 1433 2413 factionibus.“
1450 2378 1577 2412 Gonu.
1588 2378 1709 2416 CRUQ.

981 2427 1155 2461 Ceterum
1189 2427 1297 2459 malis
1329 2426 1481 2460 videtur
1514 2425 1713 2460 ablativus.

978 2474 1036 2507 Ad
1070 2485 1198 2510 casum
1235 2473 1387 2507 tertium
1425 2473 1492 2507 cfr.
1547 2472 1712 2507 Senecae

980 2521 1129 2561 Quaest.
1146 2520 1229 2555 Nat.
1248 2523 1280 2553 4.
1298 2520 1419 2555 Praef.
1440 2523 1455 2553 l
1470 2531 1478 2554 :
1505 2521 1586 2554 Scio
1603 2528 1715 2560 quam

978 2570 1026 2602 sis
1060 2569 1248 2602 ambitioni
1282 2569 1436 2602 alienus.
1462 2586 1506 2591 -
1531 2565 1714 2609 unquam]

979 2616 1108 2650 Altera
1130 2616 1245 2650 lectio
1268 2616 1421 2656 inquam
1444 2614 1558 2648 infert
1574 2615 1714 2660 παρέν-

980 2663 1126 2710 θυρσον
1143 2663 1211 2697 toti
1236 2662 1320 2696 loco
1337 2662 1492 2696 minime
1509 2666 1649 2707 aptum.
1668 2679 1711 2685 —

983 2711 1096 2754 locus]
1119 2709 1206 2745 'Noli
1224 2709 1433 2754 explicare:
1460 2711 1625 2751 „certum
1646 2707 1714 2743 ali-
