1774 2930
146 170 230 212 522

261 271 460 315 Reddere
493 286 602 328 quae
633 271 794 315 ferrum
825 271 960 326 valet,
993 287 1142 315 exsors
1172 274 1269 330 ipsa
1297 275 1494 331 secandi3

798 170 1007 206 HORATII

261 342 417 385 Munus
450 347 494 386 et
524 342 712 385 officium
742 343 804 384 nil
837 343 1028 386 scribens
1059 344 1152 400 ipse
1185 344 1361 400 docebo,

261 414 385 456 Unde
416 418 620 470 parentur
653 428 770 471 opeS,
804 414 907 470 quid
939 415 1025 457 alat
1056 414 1295 472 formetque
1325 420 1522 473 poetam,

262 484 376 533 Quid
407 485 574 539 deceat,
609 485 711 541 quid
740 499 850 539 non3
884 500 968 542 quo
998 486 1149 541 virtus,
1183 501 1266 543 quo
1297 487 1407 531 ferat
1438 502 1567 531 error.

261 555 484 599 Scribendi
515 560 631 599 recte
664 571 816 612 sapere
849 561 914 599 est
946 561 990 600 et
1018 558 1278 614 principium
1308 562 1352 602 et
1382 558 1502 603 fons:

258 627 368 670 Rem
399 627 478 669 tibi
512 627 756 670 Socraticae
787 632 990 684 poterunt
1020 629 1246 672 ostendere
1277 629 1464 685 chartae,

1575 631 1662 673 310

258 698 489 755 Verbaque
520 700 735 754 provisam
769 713 860 742 rem
892 713 978 741 non
1010 700 1146 742 invita
1177 704 1421 757 sequentur.

138 909 221 933 cum
272 900 404 934 saltem
453 901 592 945 agam.“
646 919 689 924 -—
739 902 878 942 sunqar

137 948 212 980 vice
231 949 317 980 cotis
343 947 435 990 cet.]
460 947 647 982 Isocrates
673 948 876 992 aliquando

137 993 406 1040 interrogatus,
433 1005 501 1029 cur
527 1005 611 1028 cum
637 994 733 1029 alios
759 997 875 1029 artem

136 1041 289 1075 dicendi
315 1042 486 1085 doceret,
512 1042 593 1086 ipse
619 1044 780 1085 taceret,
817 1053 875 1076 re-

136 1089 310 1134 spondit:
336 1090 412 1123 Καὶ
435 1090 478 1122 αἱ
501 1086 642 1123 ἀκόναι
666 1087 780 1123 αὐταὶ
804 1090 876 1132 μὲν

134 1140 262 1180 τεμεῖν
288 1134 333 1170 οὐ
366 1134 563 1177 δύνανται,
596 1135 664 1170 τὸν
695 1136 735 1170 δὲ
766 1136 875 1181 σιδη-

134 1195 204 1230 ρον
236 1182 331 1227 ὀξέα
361 1186 429 1218 καὶ
461 1181 646 1228 τμητικὸν
684 1184 874 1218 ποιοῦσιν.

133 1231 259 1265 LAMB.
287 1231 401 1274 (Plut.
419 1232 494 1266 Vit.
520 1231 566 1265 X.
593 1231 655 1266 Or.
681 1243 766 1277 pag.
793 1234 874 1266 838.

133 1279 191 1321 Ε.)
220 1298 263 1303 -
291 1281 346 1313 nil
369 1281 529 1314 scribens
559 1280 656 1323 ipse]
696 1279 875 1321 „nullum

132 1330 267 1371 poema
307 1327 457 1372 epicum
504 1330 569 1361 aut
614 1327 874 1371 dramaticum,

134 1374 198 1408 sed
234 1385 427 1409 sermones
462 1374 654 1408 dumtaxat
687 1377 725 1408 et
756 1375 874 1420 lyrica

134 1421 350 1466 quaedam.“
412 1422 518 1456 Inest
565 1424 690 1456 tamen
740 1422 875 1456 festiva

131 1469 273 1512 ironia,
312 1481 388 1514 qua
419 1470 573 1514 propria
602 1469 771 1503 carmina
796 1470 872 1504 ele-

132 1519 203 1550 vat.
231 1536 276 1541 —-
301 1517 408 1560 opes]
446 1517 611 1562 ingenii,
649 1527 747 1562 quae
785 1527 873 1551 con-

132 1566 233 1598 stant
258 1566 365 1606 copia
391 1563 539 1608 (rerum
564 1565 630 1607 ac)
664 1566 871 1599 verborum.

132 1611 307 1654 (Quintil.
335 1614 397 1655 10,
428 1611 593 1654 1,15.,)
631 1612 761 1646 iuncta
786 1622 872 1645 cum

130 1658 233 1693 felici
265 1659 485 1694 inventione
517 1655 719 1704 ceteraque
753 1660 871 1694 facul-

130 1708 206 1740 tate
232 1708 389 1751 poetica.
418 1726 461 1731 —
488 1715 560 1748 quo
587 1707 724 1750 cet.„]
736 1707 871 1741 Facul-

129 1756 186 1787 tas
211 1755 408 1798 ροὲΐίοα,“
448 1754 594 1798 inquit,
629 1754 794 1797 „efficit,
830 1757 871 1788 ut

129 1801 176 1834 ad
201 1802 475 1845 perfectionem
499 1802 781 1846 perveniamus,
815 1811 871 1834 er-

129 1856 205 1890 ror,
243 1852 285 1882 ut
317 1850 376 1883 vel
409 1848 618 1882 mediocres
650 1859 869 1882 maneamus

128 1895 188 1929 vel
238 1906 395 1940 prorsus
446 1896 774 1929 contemnamur.
826 1915 867 1918 —-

127 1943 312 1986 virtu3]„
325 1954 386 1977 ars
412 1943 582 1987 perfecta
607 1946 644 1976 et
669 1939 870 2007 κατορθώ-

126 2001 232 2032 ματα
255 1991 451 2035 praeclaro
481 1990 634 2035 ingenio
661 1990 819 2024 debita-⁴⁴

177 2039 299 2073 309-—
313 2040 391 2072 311.
433 2038 620 2072 scribendi
647 2037 732 2080 cet.]
773 2037 869 2080 „Ve-

127 2096 212 2118 rum
238 2086 339 2120 unde
374 2085 525 2120 tandem
549 2084 718 2130 pendent
743 2085 870 2119 omnia

128 2143 225 2177 quae
267 2133 390 2167 adhuc
435 2132 618 2177 proposui
666 2134 870 2176 praecepta

126 2179 368 2223 inveniendi,
404 2179 673 2224 componendi,
712 2180 867 2214 cetera?

126 2227 246 2262 Unice
264 2239 286 2262 a
302 2229 488 2270 sapiendo.
519 2226 737 2261 Evolvenda
753 2230 867 2271 atque

127 2275 359 2319 exploranda
384 2278 441 2309 est
473 2277 551 2309 tota
575 2274 653 2308 vita
683 2274 867 2317 humana;

126 2332 212 2355 nam
256 2333 300 2356 ex
341 2323 411 2356 hac
453 2333 529 2356 una
576 2321 866 2366 investigatione

126 2369 253 2423 prodit
285 2371 423 2404 veritas
458 2369 624 2414 poetica,
661 2369 866 2413 praecipue

125 2416 165 2449 in
192 2427 332 2462 genere
359 2416 598 2451 dramaticof‘·
652 2417 734 2450 Hoc
759 2427 867 2460 prae-

127 2467 276 2508 ceptum
311 2464 469 2508 exponit
502 2475 557 2496 vv.
593 2466 707 2497 310-
713 2465 792 2497 322.
821 2483 863 2487 -

124 2511 271 2554 sapere]
298 2513 424 2552 σοφία
448 2512 515 2543 καὶ
540 2507 705 2553 σύνεσις
733 2514 865 2553 „recte

126 2559 291 2604 cogitare
325 2561 436 2604 atque
471 2558 640 2592 iudicare
675 2558 720 2592 de
733 2536 865 2592 ”omni-

126 2605 196 2639 bus
221 2606 358 2640 rebus:
394 2606 455 2640 cui
480 2606 551 2639 hoc
577 2606 702 2647 deest,
738 2616 865 2649 quam-

125 2654 180 2687 vis
206 2664 340 2699 magna
365 2654 413 2687 sit
444 2653 639 2697 praeditus
664 2652 866 2697 phantasia

125 2703 163 2734 et
187 2700 405 2735 inveniendi
436 2700 632 2741 facultate,
667 2710 863 2744 nunquam

125 2750 248 2782 tamen
288 2748 420 2782 evadet
456 2750 567 2792 poeta
604 2748 673 2781 hoc
711 2747 863 2781 nomine

926 898 1104 945 dignus!
1149 920 1193 925 —
1229 903 1453 944 principium
1493 905 1526 935 et
1566 902 1661 946 som]

925 947 1081 993 Dionys.
1111 947 1230 994 Long.
1256 950 1301 982 8:
1335 946 1439 983 'Eut
1474 948 1515 982 δὲ
1552 950 1662 983 πέντε

924 1014 943 1019 -
967 1015 987 1020 -
1013 997 1133 1040 πηγαί
1169 997 1268 1038 τινές
1303 997 1376 1030 εἰσι
1409 996 1477 1041 τῆς
1506 993 1662 1041 ὖψηγο-

924 1043 1009 1088 ρίας
1057 1039 1336 1096 γονιμώταται,
1391 1044 1543 1099 τρῶτον
1589 1043 1663 1087 μὲν

923 1091 989 1123 καὶ
1021 1086 1226 1145 κράτιστον
1255 1088 1301 1124 τὸ
1332 1092 1417 1138 περὶ
1441 1088 1508 1133 τὰς
1532 1088 1662 1135 νοή-

923 1147 1039 1179 σεις
1070 1134 1349 1185 ἁδρεπήβολον.
1376 1157 1419 1162 —-
1452 1140 1543 1172 Rem
1575 1138 1661 1183 cet-1

925 1184 1140 1228 „Quomodo
1166 1187 1292 1219 autem
1321 1185 1512 1230 sapienter
1537 1188 1660 1220 recto-

923 1243 997 1276 que
1031 1242 1115 1266 cum
1149 1232 1289 1267 indicio
1323 1232 1520 1277 quodlibet
1551 1244 1662 1278 argu·

923 1282 1109 1322 mentum,
1137 1277 1285 1325 ἠθικὸν
1309 1281 1552 1324 praesertim,
1585 1283 1660 1314 tra-

922 1326 1016 1361 ctari
1050 1305 1203 1370 debeat,
1236 1327 1351 1362 huius
1381 1327 1474 1362 artis
1503 1338 1660 1373 prorsus

924 1375 1075 1419 egregia
1108 1374 1283 1429 exempla
1310 1374 1496 1419 praebent
1528 1373 1660 1410 Socra-

922 1421 1096 1465 ticorum,
1121 1421 1305 1466 imprimis
1326 1421 1508 1465 Platonis,
1531 1421 1660 1456 Xeno-

921 1469 1095 1513 phontis,
1143 1469 1364 1512 Aeschinis,
1410 1468 1660 1512 Antisthenis,

922 1516 1112 1561 scripta;“
1158 1517 1229 1551 hos
1271 1517 1371 1551 enim
1411 1516 1489 1551 fere
1532 1517 1661 1561 aequi-

920 1564 1106 1607 parabant
1138 1563 1369 1609 grammatici
1404 1566 1441 1598 et
1476 1564 1660 1599 rhetores.

919 1610 991 1645 Dio
1031 1611 1222 1656 chrysost.
1263 1613 1317 1645 18.
1354 1621 1461 1666 pag.
1476 1613 1557 1646 480.
1590 1610 1659 1646 R.:

923 1659 1127 1713 Τρέψομαι
1153 1657 1193 1691 δὲ
1218 1655 1292 1702 ἤδη
1317 1658 1380 1692 ἐπὶ
1396 1655 1487 1701 τούς
1502 1659 1660 1713 Σωκρα-

920 1702 1068 1748 τικούς,
1118 1701 1187 1748 οὓς
1234 1704 1282 1750 δὴ
1328 1702 1659 1760 ἀναγκαιοτάτους

919 1751 1019 1786 εὶναί
1066 1765 1170 1796 φημι
1219 1754 1331 1787 παντὶ
1364 1750 1487 1806 ὐἀνδρὶ
1533 1749 1658 1809 λόγων

919 1799 1120 1854 ἐφιεμένῳ.
1146 1819 1198 1825 --
1213 1799 1451 1841 Ξενοφῶντα
1475 1799 1515 1832 δὲ
1539 1810 1658 1854 εγωγε

918 1843 1090 1890 ἡγοῦμαι
1125 1844 1236 1894 ἀνδρὶ
1273 1846 1454 1892 πολιτικῷ
1485 1848 1552 1880 καὶ
1583 1843 1659 1889 μό-

918 1905 987 1927 νον
1020 1894 1094 1927 τῶν
1128 1893 1298 1927 ταλαιῶν
1336 1882 1509 1942 ἐξαρκεῖν
1541 1892 1658 1927 δύνα-

918 1941 1032 1981 σθαι,
1066 1940 1141 1974 εἶτε
1165 1941 1207 1975 ἐν
1232 1941 1387 1987 πολέμω
1413 1952 1468 1984 τις
1493 1952 1658 1997 στρατη-

917 1988 1011 2032 γῶν.
1061 1987 1135 2022 εἴτε
1183 1985 1331 2031 πόλεως
1370 1985 1658 2033 ἀφηγούμενος,

917 2034 991 2069 εἴτε
1017 2036 1058 2069 ἐν
1083 2033 1193 2082 δήμῳ
1219 2035 1351 2081 λέγων,
1383 2034 1458 2069 εἴτε
1489 2036 1531 2070 ἐν
1560 2035 1658 2076 βου-

917 2082 1113 2130 ὶευτηρίῳ,
1139 2083 1214 2117 εἴτε
1241 2085 1308 2117 καὶ
1332 2083 1373 2117 ἐν
1398 2082 1657 2139 δικαστηρίῳ-

916 2115 1203 2164 -ἑθέλοι--τά
1228 2131 1280 2176 τῷ
1313 2127 1475 2178 τοιούτῳ
1507 2128 1658 2178 προσή-

916 2189 1036 2212 κοντα
1083 2178 1124 2212 ἐν
1170 2177 1258 2234 δίκη
1306 2179 1435 2212 ειτεῒν.
1498 2178 1655 2224 Dionys.

915 2225 1035 2271 Long.
1065 2229 1110 2259 4.
1143 2226 1190 2259 Οἱ
1213 2236 1335 2272 ηρωες
1359 2225 1527 2259 ἐκεῖνοι-
1507 2225 1656 2259 -Ξενο-

916 2273 1051 2314 φῶντα
1076 2273 1190 2328 λέγω
1199 2274 1264 2306 καὶ
1287 2269 1505 2307 Πλάτωνα-
1519 2272 1563 2306 ἑκ
1588 2272 1658 2316 τῆς

916 2317 1143 2368 Σωκράτους
1167 2316 1274 2362 ὄντες
1299 2319 1543 2367 παλαίστρας.
1579 2320 1655 2354 err.

916 2367 985 2402 Od.
1014 2371 1127 2411 1,29,
1155 2370 1210 2401 14.
1246 2367 1405 2402 Strenue
1431 2370 1554 2402 autem
1579 2366 1655 2402 Ho-

914 2415 1034 2450 ratius
1076 2416 1158 2460 ipse
1207 2415 1278 2449 hoc
1320 2425 1431 2449 suum
1472 2425 1654 2459 exseque-

914 2462 1026 2497 batur
1051 2465 1306 2508 praeceptum.
1356 2461 1432 2496 Cfr.
1458 2461 1534 2496 Sat.
1560 2463 1593 2503 2,
1620 2463 1657 2503 3,

917 2512 979 2543 11:
1007 2512 1189 2553 Quorsum
1211 2510 1390 2551 pertinuit
1407 2510 1546 2551 stipare
1562 2509 1652 2542 Pla-

915 2559 1002 2591 tona
1026 2558 1258 2592 Menandro?
1281 2576 1328 2580 —
1352 2556 1516 2598 chartae]
1545 2554 1652 2589 Conf.

915 2603 983 2638 Od.
1022 2607 1065 2647 4,
1104 2606 1144 2646 8,
1182 2605 1239 2637 21.
1268 2623 1309 2627 -
1340 2604 1526 2644 Verbaque
1563 2603 1650 2646 cet]

915 2651 1018 2693 „Ubi
1068 2651 1329 2696 philosophiae
1379 2660 1450 2695 ope
1497 2649 1652 2695 penitus

913 2699 1152 2743 perspexeris
1190 2708 1252 2732 res
1290 2707 1490 2741 moresque
1530 2696 1652 2730 homi-

914 2757 1022 2782 num.
1058 2746 1189 2790 quales
1223 2748 1259 2779 et
1292 2745 1369 2778 sint
1402 2747 1439 2778 et
1470 2754 1553 2779 esse
1587 2743 1651 2778 de·

1576 277 1662 319 305
1709 292 1714 296 “
