1774 2930
696 143 789 179 Ans
811 142 1037 178 Pon'rIcA.

1531 141 1618 183 535

229 247 299 291 Sit
325 247 408 290 tibi
435 246 563 289 Musa
589 245 708 302 lyrae
737 244 887 286 sollers
916 247 961 286 et
990 246 1137 285 cantor
1164 241 1336 298 Apollo.

227 318 395 361 Natura
421 317 545 360 fieret
573 315 787 359 laudabile
816 327 1005 367 carmen,
1036 327 1092 356 an
1121 317 1232 365 arte,

229 388 480 437 Quaesitum
512 391 600 430 est:
633 400 713 442 ego
743 399 823 428 nec
853 385 1041 427 studium
1071 384 1164 426 sine
1194 383 1326 437 divite
1356 396 1484 435 vena,

228 459 319 502 Nec
337 458 444 501 rude
463 457 567 514 quid
586 457 722 513 possit
741 455 866 498 video
885 455 1124 511 ingenium3
1156 454 1329 496 alterius
1350 453 1414 495 sic

1532 453 1619 494 410

228 530 381 572 Altera
409 529 547 585 poscit
576 541 701 583 opem
731 541 801 569 res
832 530 876 569 et
907 526 1099 568 coniurat
1128 525 1277 567 amice.

229 599 314 648 Qui
344 598 487 642 studet
516 602 705 654 optatam
736 611 863 639 cursu
893 597 1141 651 contingere
1170 599 1349 648 metam,

228 669 365 712 Multa
393 669 491 711 tulit
520 668 708 724 fecitque
738 682 858 724 puer,
890 667 1059 709 sudavit
1089 672 1133 709 et
1162 667 1279 718 alsit,

226 740 448 782 Abstinuit
476 753 633 785 venere
665 742 708 780 et
739 739 863 791 vino3

228 810 429 863 Tibicen,
461 809 608 851 didicit
637 809 756 864 prius
788 809 1071 864 extimuitque
1101 808 1368 863 magistrum.

897 738 969 794 qui
998 737 1157 794 Pythia
1188 741 1331 779 cantat

1533 808 1559 847 4
1570 808 1583 847 l
1595 807 1620 847 5

207 965 286 997 410.
309 963 425 1005 prosit
449 961 601 1005 Bchd,
626 972 756 996 omnes
779 960 1013 1002 Hochederi‚
1037 960 1127 994 Lct.
1153 959 1218 1002 (Ut
1241 970 1324 1002 nos,
1349 959 1401 1002 S.)

111 1103 310 1148 operum.‘
335 1121 379 1128 —
403 1111 450 1137 ne
480 1104 575 1145 sorte
595 1104 732 1145 pudori
756 1102 842 1145 cet]

112 1149 296 1194 „Possisd‘
322 1149 463 1195 inquit,
497 1161 580 1191 „ars
606 1153 664 1184 est
686 1149 843 1184 nobilis·

110 1198 224 1240 sima;
260 1198 438 1242 quocirca
469 1197 553 1231 sine
585 1197 664 1231 ullo
696 1196 842 1241 pudore

111 1245 240 1289 (quem
263 1244 456 1279 affectasse
484 1245 690 1278 etiamtunc
713 1244 843 1277 viden·

109 1293 174 1326 tur
185 1291 369 1326 nobilium
381 1290 637 1325 Bomanorum
650 1290 842 1333 nonnulli)

109 1348 193 1372 eam
232 1348 409 1373 exercere
449 1339 625 1383 poteris.“
663 1357 706 1361 -
742 1338 843 1378 lyrae

107 1385 252 1429 sollers]
277 1396 376 1430 quae
401 1386 515 1419 callet
530 1388 647 1419 artem
665 1385 843 1419 carminis

110 1431 221 1478 lyrici
236 1432 350 1477 eique
363 1443 448 1467 eum
460 1433 636 1477 Apolline
649 1434 801 1476 praeest
813 1442 843 1465 s.

109 1479 362 1524 pdrocinium
386 1480 552 1523 praebet,
582 1479 841 1520 leteris-andiu!

109 1544 158 1551 —-
181 1528 312 1560 cantor
342 1526 495 1569 Apollo]
533 1526 599 1570 qui
636 1526 678 1558 in
714 1526 843 1559 multis

111 1573 318 1617 sculpturis
358 1575 397 1607 et
435 1573 598 1606 nummis
639 1572 844 1606 citharoedi

111 1619 241 1653 habitu
265 1619 501 1664 exprimitur.

158 1668 548 1700 408—411.1va1ura
580 1666 672 1709 cet]
708 1665 845 1700 Pinda-

111 1723 178 1747 rus
202 1713 354 1757 quidem
377 1716 536 1748 naturae
560 1714 701 1767 primas
723 1712 846 1747 defert

111 1758 258 1815 Olymp-
299 1761 339 1802 2,
375 1762 448 1794 86:
490 1757 619 1801 σοφὸς
657 1757 681 1793 ὁ
723 1757 846 1792 πολλὰ

110 1805 218 1848 εόδως
256 1807 358 1851 φυᾷ
399 1804 591 1860 μαθόντες
628 1805 669 1839 δὲ
708 1805 846 1861 λάβροι

111 1852 371 1907 Παγγλωσσὶᾳ
406 1850 570 1909 κόρακες
605 1866 669 1910 ωῚς
703 1850 846 1908 ἄκραν-

112 1911 166 1933 τα
206 1911 389 1947 γαρυετον
429 1899 522 1942 Διὸς
569 1899 664 1948 πρὸς
708 1897 846 1945 ὄρνιχα

114 1946 234 1980 θεῖον.
282 1946 377 1982 Cum
416 1948 573 1982 Horatio
613 1949 704 1982 facit
738 1948 845 1982 Plato

111 1994 152 2027 in
185 1994 357 2029 Phaedro
388 2006 473 2039 pag.
504 1996 584 2028 269.
608 1995 661 2027 D:
698 1995 746 2027 Ει
775 1998 847 2037 αὲιι

82 2062 86 2063 ⁷
113 2051 179 2073 σοι
201 2038 363 2095 ὖκᾴρχει
387 2041 503 2082 φύσει
525 2039 716 2087 ῥητορικῶ
737 2052 846 2081 ειναι,

112 2083 193 2121 ἔσει
216 2085 342 2142 ῥήτωρ
367 2086 585 2131 ἐλλόγιμος
617 2086 848 2134 τροσλαβών

112 2133 329 2178 ἐπιστήμην
352 2137 417 2168 καὶ
446 2134 620 2177 μελέτην.
666 2135 760 2168 Item
787 2135 847 2169 ci-

115 2190 201 2214 cero
231 2192 300 2225 pro
324 2182 465 2215 Archia
496 2183 622 2222 7,15.
653 2184 732 2223 Euo
764 2191 846 2215 con-

114 2229 240 2269 tendo,
274 2237 355 2261 cum
387 2230 437 2262 ad
468 2232 643 2262 naturam
676 2230 847 2262 eximiam

115 2277 226 2315 alque
282 2276 464 2308 illustrem
511 2277 700 2308 accesserit
747 2278 846 2309 ratio

115 2323 297 2362 quaedam
349 2324 660 2363 conformatioque
714 2324 847 2356 doctri-

114 2376 205 2408 nae,
242 2371 320 2401 lum
352 2370 446 2401 illud
476 2370 596 2402 nescio
629 2371 717 2410 quid
738 2379 847 2411 prae-

116 2415 259 2447 clarum
294 2424 339 2448 ac
378 2417 565 2457 simler-e
600 2417 716 2450 solere
753 2419 846 2450 exsi-

114 2463 218 2494 scere.
245 2480 288 2485 —-
312 2463 473 2494 studium
502 2464 580 2495 sine
604 2464 713 2496 divite
735 2464 844 2506 vena]

115 2511 159 2541 ut
182 2510 240 2541 est
262 2511 340 2542 tota
365 2507 582 2542 Callimachi
606 2509 744 2552 poeisis.
773 2510 846 2544 De-

116 2557 344 2598 sumpta-est
367 2556 585 2599 metaphora
609 2556 656 2589 ab
680 2557 764 2589 auri
787 2568 846 2590 ar-

115 2601 293 2645 gentique
330 2602 437 2636 venis
473 2604 513 2636 in
549 2603 722 2637 metallis.
771 2602 846 2648 Op-

116 2648 271 2690 ponitur
303 2650 421 2682 lenuis
454 2652 487 2682 et
520 2653 677 2691 anausim
712 2651 848 2691 inventi

116 2702 221 2735 vena,
269 2694 426 2734 Quintil.
468 2698 509 2738 6,
551 2698 591 2737 2,
630 2698 663 2730 3.
690 2715 734 2720 -
760 2699 848 2738 quia

887 1102 1014 1144 possit]
1053 1127 1070 1143 „
1084 1101 1175 1145 quid
1211 1101 1336 1146 magni
1374 1110 1419 1134 ac
1452 1100 1625 1134 duraturi

890 1150 1009 1193 possit
1034 1148 1216 1182 efficere.“
1266 1148 1483 1183 Lectionem
1510 1149 1627 1189 pouit

890 1196 1002 1240 pauci
1028 1195 1179 1240 quidem
1204 1206 1275 1229 nec
1298 1197 1468 1239 (excepto
1492 1198 1625 1229 nostro

891 1243 932 1284 S)
958 1243 1066 1277 valde
1091 1243 1181 1276 boni
1199 1242 1314 1276 Codd.
1337 1242 1533 1284 exhibent3
1558 1241 1625 1276 sed

891 1301 972 1324 eam
998 1290 1089 1324 satis
1112 1291 1236 1323 munit
1254 1300 1340 1323 cum
1356 1290 1480 1334 gravis
1497 1292 1626 1323 aucto·

890 1337 983 1371 ritas
1008 1337 1163 1371 Ioannis
1187 1336 1476 1371 Sarisberiensis
1499 1335 1626 1370 Metal.

893 1387 933 1426 1,
959 1386 1012 1424 8.,
1048 1384 1114 1418 ubi
1144 1387 1183 1418 et
1213 1383 1305 1418 editi
1331 1387 1368 1418 et
1390 1382 1479 1417 Mas.
1502 1385 1626 1427 possit,

890 1434 969 1464 tum
987 1436 1131 1466 'sensus
1156 1431 1256 1475 ipse,
1290 1434 1334 1464 ut
1357 1431 1629 1465 demonstravit

891 1478 1105 1512 Bentleius:
1132 1479 1253 1521 „Quid
1273 1480 1398 1520 possit,
1423 1478 1459 1511 τί
1482 1475 1625 1511 δύναιτ’

891 1521 950 1566 ἄν,
976 1525 1067 1569 quid
1091 1525 1293 1567 laudabile,
1318 1525 1411 1570 quid
1434 1525 1627 1570 egregium

891 1573 1024 1617 pariat.
1048 1573 1099 1606 At
1122 1574 1210 1613 quid
1231 1574 1363 1614 prosit,
1388 1573 1425 1605 τί
1447 1570 1497 1605 ἂν
1521 1571 1628 1613 ὤφε-

891 1619 964 1659 λοῖ,
988 1620 1114 1653 minus
1136 1623 1194 1654 est
1216 1619 1487 1663 humiliusque,
1513 1630 1626 1663 quam

893 1666 995 1711 quod
1034 1666 1159 1711 poscit
1199 1667 1396 1700 sententia.
1455 1666 1548 1700 Nam
1590 1669 1628 1700 et

893 1714 1087 1755 Choerilo,
1128 1724 1214 1747 cum
1254 1713 1411 1747 incultis
1451 1713 1627 1748 versibus

892 1772 1028 1795 aureos
1052 1760 1250 1805 Philippos
1281 1761 1509 1803 abstulerat,
1538 1769 1627 1802 pro-

892 1810 963 1849 fuit
989 1808 1142 1852 quidem
1159 1807 1254 1841 rude
1269 1808 1483 1852 ingenium3
1508 1818 1628 1852 quan-

892 1855 1015 1888 tillum
1042 1865 1130 1889 vero
1157 1858 1248 1895 erat,
1281 1855 1382 1899 quod
1403 1857 1541 1896 potuit,
1573 1855 1627 1888 vi—

893 1902 949 1935 dit
973 1903 1113 1946 optima
1135 1902 1248 1935 iudex
1271 1901 1511 1936 Posteritas.“
1550 1901 1627 1935 Cfr.

894 1948 963 1982 Od.
1001 1952 1041 1991 4,
1079 1952 1120 1990 4,
1158 1951 1203 1983 25
1241 1959 1344 1993 seqq.
1379 1968 1422 1972 —-
1460 1951 1629 1983 coniurat

894 1996 1021 2039 amice]
1053 1996 1306 2040 Frequentius
1337 1997 1407 2029 hac
1439 1996 1628 2041 significa-

893 2043 995 2075 tione
1021 2046 1079 2076 est
1101 2053 1134 2076 v.
1153 2044 1363 2084 conspirare
1387 2043 1434 2076 ad
1458 2043 1628 2077 intimam

895 2089 1181 2123 consensionem
1235 2093 1272 2123 et
1322 2089 1628 2124 coniunctionem

895 2136 1185 2179 exprimendam.
1232 2136 1277 2169 In
1308 2140 1471 2181 utroque
1501 2140 1629 2171 autem

894 2182 1009 2216 verbo
1037 2187 1075 2216 et
1104 2185 1273 2216 coniurat
1306 2188 1343 2217 et
1376 2185 1492 2217 amice
1522 2195 1630 2229 egre-

894 2230 957 2274 gia
980 2230 1256 2274 prosopopoeia
1280 2231 1411 2273 utitur,
1436 2230 1483 2264 de
1507 2233 1628 2265 studio

895 2279 933 2309 et
964 2276 1010 2310 de
1043 2279 1188 2318 inuenio
1225 2279 1334 2321 quasi
1371 2278 1418 2311 de
1454 2279 1629 2322 personis

895 2323 1055 2357 locutus.

941 2372 1141 2404 412—418.
1174 2372 1245 2413 Qui
1267 2373 1386 2405 studet
1411 2372 1495 2415 cet.]
1530 2372 1630 2406 Pau-

895 2417 950 2451 cis
974 2418 1100 2452 verbis
1125 2418 1262 2452 educat
1281 2421 1429 2462 poetam
1447 2430 1469 2452 a
1486 2420 1628 2453 teneris

894 2465 1125 2509 unguiculis,
1150 2469 1193 2498 ut
1217 2469 1403 2499 oratorem
1428 2466 1629 2505 Quintilia-

894 2521 978 2544 nus.
1004 2512 1265 2554 „Accurata‚“
1292 2513 1436 2556 inquit,
1464 2512 1629 2554 „eduea-

894 2557 998 2592 tione
1034 2569 1078 2592 ac
1113 2559 1401 2602 praeparatione
1439 2570 1534 2602 opus
1570 2561 1629 2592 est

893 2605 1020 2638 futuro
1046 2607 1213 2649 poetae,“
1240 2616 1352 2649 quem
1370 2615 1454 2638 cum
1473 2616 1629 2640 cursore

895 2651 1090 2696 Olympico
1115 2653 1242 2696 potius
1268 2663 1397 2695 quam,
1431 2655 1473 2685 ut
1497 2653 1630 2686 volunt

895 2698 1145 2739 Scholiastae‚
1186 2709 1270 2732 cum
1308 2699 1448 2732 athleta
1482 2708 1630 2743 compa-
