1774 2930
631 175 724 210 Lm.
750 175 780 210 1.
827 174 980 210 RPIST.
1003 175 1053 209 11.

1517 176 1602 217 275

208 275 389 319 Labitur
417 280 462 319 et
490 276 659 319 labetur
688 277 733 318 in
764 290 889 319 omne
919 275 1119 318 volubilis
1152 290 1321 318 aevum.

212 346 441 394 Quaeritur
471 351 695 403 argentum
726 347 955 403 puerisque
984 346 1114 389 beata
1143 347 1337 390 creandis

209 417 342 471 Uxor,
373 421 417 460 et
447 418 631 460 incultae
661 421 868 474 pacantur
898 431 1070 460 vomere
1101 417 1263 460 silvae:

1547 418 1604 459 45

213 487 338 535 Quod
368 488 471 530 satis
504 492 570 530 est
600 489 668 530 cui
701 488 922 544 contingit,
954 488 1061 529 nihil
1091 489 1274 544 amplius
1306 492 1436 544 optet.

211 558 309 600 Non
338 557 488 601 domus
521 563 564 601 et
594 559 765 612 fundus,
796 572 881 600 non
912 559 1023 601 aeris
1055 573 1230 601 acervus
1263 563 1305 601 et
1336 560 1427 601 auri

212 629 401 685 Aegroto
433 629 593 672 domini
624 630 802 672 deduxit
831 643 1007 686 corpore
1037 629 1192 683 febres,

212 699 308 742 Non
339 701 479 742 animo
511 714 645 742 curas,
688 700 841 743 Valeat
870 714 1094 756 possessor
1124 704 1310 757 oportet,

214 769 260 811 Si
292 771 565 826 comportatis
596 771 724 812 rebus
754 771 865 813 bene
896 771 1055 826 cogitat
1084 771 1160 812 uti.

1551 772 1607 812 50

215 839 299 889 Qui
331 842 446 897 cupit
475 845 548 883 aut
578 842 742 894 metuit,
774 841 891 884 iuvat
921 841 1041 883 illum
1073 842 1134 884 sic
1164 841 1316 884 domus
1350 846 1394 884 et
1425 856 1508 894 res,

193 960 249 992 45.
263 960 465 1000 placantur
480 957 699 992 Wakefield.
712 977 760 982 —-
773 960 829 992 46.
848 960 1033 1001 continuit,
1059 960 1152 992 nihil
1170 958 1288 1002 bcE,t,
1314 959 1510 993 Bentleius
1527 964 1564 994 et

145 1004 201 1039 O:
226 1007 410 1048 continuit,
435 1006 491 1038 nil
515 1004 656 1047 Sd,FH,
682 1007 843 1048 confiuit,
870 1007 927 1039 hic
951 1007 1043 1039 nihil
1066 1006 1108 1048 L,
1134 1008 1294 1048 conticit,
1319 1008 1350 1039 is
1374 1008 1466 1040 nihil
1491 1006 1532 1040 G.

97 1112 215 1156 sepia,
240 1110 319 1156 qui,
343 1121 429 1145 cum
448 1111 593 1145 otiosus
618 1111 766 1146 sederet
790 1111 829 1144 in

96 1158 181 1203 ripa
207 1158 394 1201 fluminis,
425 1158 678 1204 interrogatus
709 1170 731 1193 a
754 1158 830 1193 via-

98 1208 204 1240 tore:
240 1205 369 1247 „Quid
395 1204 463 1239 tibi
488 1205 548 1239 hic
574 1206 685 1240 vis?“
731 1205 831 1248 „Ex-

100 1253 262 1297 specto“,
286 1252 499 1297 respondit,
527 1252 668 1294 „donec
694 1253 832 1286 defluat

99 1299 241 1340 amnis,
289 1301 333 1332 ut
381 1300 561 1333 siccatum
610 1301 830 1334 transeamf

101 1345 196 1380 Cum
221 1356 309 1380 vero
340 1346 500 1380 huiusce
534 1347 745 1391 argumenti
777 1347 830 1380 fa-

100 1392 203 1427 bella
225 1393 325 1426 inter
349 1392 530 1437 Aesopias
563 1393 637 1426 iam
668 1404 745 1428 non
770 1404 832 1427 ex-

101 1442 187 1482 stet,
211 1439 288 1482 alii,
310 1439 409 1474 inter
426 1450 521 1484 quos
539 1439 738 1479 Obbarius‚
762 1451 831 1485 pro

101 1486 264 1531 imagine
305 1487 496 1520 dumtaxat
537 1488 745 1532 excogitata
786 1487 832 1522 ab

101 1533 257 1588 Horatio
289 1533 372 1578 ipso
403 1534 562 1577 habent,
595 1537 638 1568 ut
667 1536 833 1569 rusticus

101 1581 152 1615 sit
185 1576 408 1628 ,ἅγροικοᾳ
439 1580 549 1615 homo
575 1591 748 1624 scaevus,
777 1583 833 1615 in-

102 1631 224 1672 eptus,
249 1627 423 1662 stultus-‘⁴
443 1647 486 1651 —
509 1629 660 1671 defluat]
686 1608 833 1663 Lei-,tio-

102 1685 188 1709 nem
211 1675 354 1717 defluit,
381 1686 492 1719 quam
517 1676 699 1720 praebent
721 1676 833 1721 pauci

103 1721 218 1756 Godd.
255 1721 400 1756 nullius
436 1723 690 1765 auctoritatis,
726 1734 833 1768 prae-

101 1769 177 1803 fert
207 1768 317 1803 Hand
351 1768 459 1803 Turs.
482 1769 532 1802 Π.
568 1781 604 1814 p.
632 1772 711 1804 321.
762 1770 834 1804 Sed

102 1816 366 1850 coniunctivus
391 1817 531 1851 rectius
556 1817 687 1851 rustici
705 1828 833 1862 exspe-

103 1863 307 1897 ctationem
330 1873 539 1908 vanamque
564 1875 668 1909 spem
694 1865 835 1910 signifi-

104 1912 175 1944 cat.
223 1909 329 1943 Ovid.
364 1909 511 1944 Metam.
546 1914 584 1953 9,
609 1914 681 1945 94:
722 1921 835 1953 neque

106 1958 218 1999 enim,
249 1957 336 1990 dum
359 1958 513 1998 flumina
533 1967 661 1999 pacem
684 1961 731 1992 Et
753 1960 835 2000 pla-

106 2004 203 2036 eidos
227 2004 383 2036 habeant
417 2005 558 2047 lapsus,
590 2008 758 2046 totaeque
781 2015 837 2039 re-

105 2050 247 2090 sidant,
281 2051 542 2093 opperiuntur,
568 2061 698 2092 aquae.
716 2072 762 2076 —
778 2062 838 2086 vo-

110 2096 245 2138 lubilis]
271 2095 340 2129 Od.
365 2098 397 2138 4,
417 2099 448 2138 1,
466 2099 531 2130 40:
557 2107 677 2138 aquae
700 2101 838 2132 volubi-

111 2142 171 2183 les,
198 2153 345 2186 semper
363 2143 500 2176 ostium
516 2154 648 2178 versus
668 2145 838 2179 fluentes.

156 2214 213 2244 44.
231 2214 287 2246 45.
306 2213 522 2256 Quaeritur]
541 2213 756 2248 Sententiae
767 2216 840 2249 hoc

107 2258 218 2292 modo
242 2259 341 2292 inter
365 2270 404 2293 se
422 2263 718 2295 connectuntur:
747 2261 840 2303 „Re-

108 2308 167 2340 cte
183 2305 333 2340 vivendi
358 2309 480 2340 autem
504 2310 651 2362 tempus
668 2308 840 2342 differtur

108 2363 131 2386 a
167 2353 359 2397 plerisque
396 2355 443 2388 ob
481 2355 639 2388 nimium
672 2366 751 2389 rem
784 2356 837 2390 fa-

109 2398 233 2433 ciendi
275 2400 462 2443 studium3
503 2402 611 2436 cuius
654 2403 841 2457 cupidinis

108 2446 316 2480 molestiam
360 2447 470 2482 facile
507 2448 646 2483 devitat
681 2450 733 2492 is,
776 2451 841 2494 qui

110 2502 181 2531 sua
206 2496 305 2527 sorte
331 2497 530 2529 contentus
562 2498 654 2529 nihil
684 2498 842 2539 amptius

110 2542 222 2580 optat.
270 2540 307 2574 Is
333 2541 496 2584 demum,
523 2543 587 2587 qui
612 2543 686 2577 huc
711 2555 842 2588 perve-

111 2586 186 2628 nit,
211 2588 376 2621 animum
402 2599 509 2622 suum
537 2591 708 2625 excolere
735 2595 772 2625 et
796 2592 841 2625 ab

110 2633 225 2666 animi
250 2635 597 2678 perturbationibus
615 2648 655 2671 se
679 2638 842 2672 liberare

111 2680 282 2722 poterit!
311 2701 354 2705 —
380 2684 590 2727 amentum]
625 2685 660 2718 h.
686 2685 710 2717 l.
734 2694 843 2726 pecu-

112 2725 195 2766 nia,
219 2727 426 2770 utSatwl
455 2733 494 2770 1,
521 2732 585 2764 86:
611 2734 843 2765 cummar-

879 1114 983 1153 aento
1005 1115 1085 1154 post
1110 1114 1234 1146 omnia
1255 1122 1385 1154 ponas.
1412 1112 1487 1147 Sat.
1512 1115 1553 1156 2,
1579 1115 1612 1154 6,

882 1161 947 1192 1οε
975 1161 1005 1192 0
1029 1161 1061 1192 si
1085 1168 1218 1193 urnam
1243 1162 1387 1202 aroenti
1416 1161 1493 1202 sors
1519 1170 1613 1202 quae

879 1207 970 1239 mihi
994 1210 1179 1240 monstret.
1206 1227 1249 1230 —
1273 1208 1613 1251 pueris-creandis]

880 1253 1054 1287 For-mula
1080 1253 1190 1288 solita
1220 1255 1259 1287 in
1292 1255 1466 1288 formulis
1493 1265 1536 1288 ac
1561 1258 1614 1289 ta-

881 1300 981 1334 bulis
1014 1301 1262 1345 nuptialibus.
1312 1301 1435 1335 Plaut.
1459 1301 1544 1335 Aul.
1580 1303 1614 1343 2,

882 1351 917 1389 1,
944 1349 999 1380 26.
1025 1347 1209 1381 Eunomia
1232 1347 1279 1381 ad
1305 1347 1483 1382 fratrem:
1510 1350 1615 1391 Quod

881 1395 945 1427 tibi
968 1396 1226 1435 sempiternum
1256 1396 1423 1428 salutare
1446 1397 1500 1430 Sit
1522 1397 1616 1430 ‘tibe-

879 1442 934 1474 ris
954 1443 1201 1482 procreandis.
1226 1461 1242 1468 ·
1259 1461 1274 1468 -
1294 1443 1380 1476 Volo
1405 1445 1438 1476 te
1462 1452 1615 1477 uxorem

880 1489 1026 1521 domum
1050 1490 1194 1522 ducere.
1233 1488 1330 1523 Gell.
1356 1491 1389 1532 4,
1416 1492 1460 1523 3:
1485 1491 1615 1524 iurare

881 1544 906 1568 a
939 1537 1142 1569 censoribus
1172 1540 1316 1570 coactus
1348 1539 1428 1570 erat
1466 1537 1616 1580 (Carvi-

881 1582 979 1624 lius)
1012 1591 1166 1616 uxorem
1195 1593 1232 1617 se
1260 1584 1411 1618 liberum
1436 1593 1617 1625 quaeren-

881 1630 968 1663 dum
1009 1631 1132 1671 qratia
1173 1631 1395 1665 habiturum.
1422 1651 1466 1655 —
1493 1631 1616 1674 beata]

884 1677 1117 1721 „opulenta.“
1158 1677 1231 1711 Cfr.
1258 1677 1326 1711 Od.
1353 1680 1385 1720 3,
1410 1681 1444 1720 7,
1470 1680 1503 1712 3.
1542 1678 1617 1713 Sat.

882 1725 924 1766 2,
949 1726 982 1765 8,
1010 1726 1041 1757 1.
1068 1743 1110 1747 —
1135 1728 1321 1766 pacantur
1347 1725 1617 1766 „adducuntur

882 1771 929 1804 ad
947 1771 1154 1805 culturam“
1177 1771 1235 1805 Gl.
1254 1772 1403 1807 Codicis
1419 1772 1461 1806 E.
1480 1773 1617 1812 Quem-

882 1817 1082 1852 admodum
1098 1818 1257 1853 Romani
1280 1823 1417 1861 pacata
1443 1820 1618 1854 dicebant

883 1876 1001 1910 regna
1017 1866 1118 1900 bello
1136 1866 1276 1900 domita
1294 1869 1331 1901 et
1346 1867 1387 1900 in
1405 1868 1618 1912 provincia-

883 1923 967 1946 rum
1003 1913 1161 1947 formam
1197 1914 1366 1956 redacta,
1408 1915 1462 1949 sic
1501 1915 1617 1949 silvae

884 1961 998 1993 aratri
1024 1971 1094 2004 ope
1118 1962 1158 1994 in
1185 1972 1273 1995 arva
1290 1961 1431 1996 fertilia
1454 1966 1618 1996 mutatae

884 2010 986 2040 recte
1004 2007 1183 2041 dicuntur
1197 2010 1345 2050 pamm
1362 2018 1485 2043 vomer
1498 2020 1619 2043 armo-

885 2065 968 2086 rum
994 2054 1114 2088 instar
1139 2065 1202 2088 eas
1220 2055 1356 2089 domat.
1383 2056 1503 2089 Simili
1528 2057 1619 2089 ima-

886 2101 974 2144 gine
999 2100 1102 2145 Virg.
1137 2101 1203 2135 Ge.
1237 2104 1275 2143 2,
1308 2104 1388 2136 239.
1414 2102 1459 2136 de
1495 2106 1619 2136 terra:

888 2156 933 2179 ea
957 2155 1021 2179 nec
1050 2150 1267 2181 mansuescit
1297 2150 1451 2182 arando.
1496 2150 1620 2191 („Pa-

889 2201 973 2225 care
991 2194 1193 2237 opponitur
1210 2195 1289 2228 fere
1310 2197 1443 2239 hostili,
1466 2198 1621 2238 placare

887 2240 1019 2272 irato.“
1046 2239 1208 2282 ommz.)

936 2311 1058 2344 48-53.
1078 2311 1243 2354 deduxit]
1260 2309 1450 2359 ἀορίστως
1466 2313 1512 2348 de
1530 2317 1622 2348 tem—

888 2367 980 2401 pore
997 2360 1191 2402 perpetuo.
1215 2359 1267 2392 Ut
1283 2361 1455 2394 decedunt
1471 2370 1621 2403 corpore

889 2404 1004 2445 febres
1030 2405 1196 2447 (Lucret.
1222 2408 1255 2448 2,
1280 2409 1336 2440 34.
1379 2407 1475 2442 Cels.
1502 2410 1535 2450 3,
1560 2410 1622 2450 5.),

890 2451 944 2484 sic
962 2452 1073 2485 etiam
1096 2454 1225 2486 deduci
1245 2458 1424 2498 possunt;
1449 2455 1542 2489 alibi
1567 2456 1622 2488 di-

890 2501 1027 2532 cuntur
1052 2500 1167 2541 abiut,
1192 2502 1342 2543 depelli,
1370 2503 1462 2535 tolli.
1488 2522 1531 2526 —
1556 2504 1621 2534 Va-

892 2545 978 2587 leat]
1018 2545 1146 2587 „Sana
1177 2548 1226 2581 sit
1255 2559 1361 2582 mens
1392 2549 1431 2582 in
1464 2559 1621 2592 corpore

891 2593 1016 2626 sano.“
1045 2612 1087 2616 —
1111 2603 1293 2634 possessor
1310 2614 1325 2619 -
1340 2614 1354 2620 -
1372 2596 1440 2637 uti]
1466 2596 1620 2629 Aristot.

891 2638 998 2672 Rhet.
1026 2642 1064 2681 1,
1090 2642 1135 2673 5:
1173 2640 1216 2674 τὸ
1248 2642 1422 2674 πλουτεῖν
1453 2642 1557 2674 ἐστὶν
1583 2644 1623 2675 ἐν

891 2685 942 2731 τῷ
979 2687 1219 2733 χρῆσθαι
1254 2688 1402 2730 μᾶλλον
1435 2685 1462 2732 ἢ
1499 2689 1539 2722 ἑν
1572 2689 1623 2734 τῷ

891 2734 1174 2776 κεκτῆσθαι.
1209 2755 1249 2758 Η
1283 2737 1387 2768 iuvat
1428 2737 1532 2768 illum
1570 2738 1623 2769 sic
