1786 2912
96 1854 102 1858 -
141 1829 270 1863 vulnus
307 1827 530 1862 derivatur.“

677 166 771 202 LIB.
795 166 824 201 1.
874 164 976 200 SA'r.
1000 163 1100 199 VIII.

1590 161 1648 203 93

257 273 366 316 Cum
397 271 531 324 faber,
561 269 749 312 incertus
781 279 1000 309 scamnum
1030 264 1247 307 faceretne
1277 263 1501 319 Priapum,

254 343 407 386 Maluit
435 355 534 384 esse
564 340 704 382 deum.
745 338 866 380 Deus
896 336 997 379 inde
1028 349 1122 391 ego,
1155 334 1298 376 furum
1329 335 1557 391 aviumque

255 413 444 456 Maxima
473 410 678 464 formid03
708 423 807 451 nam
838 407 954 450 fures
985 406 1138 449 dextra
1167 408 1335 448 coercet

256 484 538 539 Obscenoque
567 481 696 523 ruber
725 482 944 536 porrectus
976 477 1030 519 ab
1059 477 1236 533 inguine
1266 476 1415 532 palus;
1625 474 1651 515 5

254 555 337 597 Ast
364 555 627 610 importimas
659 551 852 593 volucres
883 549 930 591 in
957 548 1118 590 vertice
1148 546 1309 590 arundo

256 625 409 668 Terret
436 624 523 666 fixa
551 626 752 678 vetatque
781 619 903 662 novis
934 617 1156 661 considere
1186 618 1233 659 in
1263 617 1415 660 hortis.

254 696 354 738 Huc
383 696 502 752 prius
534 693 726 749 angustis
758 691 895 734 eiecta
925 689 1133 732 cadavera
1165 688 1287 731 cellis

141 846 259 886 artes,
292 842 431 887 quibus
455 841 649 882 utebatur,
682 837 866 883 singulari
911 837 1039 878 puella
1074 837 1195 870 rides?
1236 836 1318 869 Non
1354 843 1411 868 me
1446 834 1651 867 Praxiteles

140 890 225 925 odio
243 888 539 935 persequebatur
555 889 677 932 poeta,
703 888 740 920 et
757 885 868 930 Saga-

139 947 237 979 nam,
262 937 343 971 eius
365 936 521 978 sociam3
547 935 638 969 scite
665 933 776 967 simul
802 933 869 966 im-

138 984 347 1018 miscentur
364 982 476 1016 amici
492 981 720 1016 Maecenatis
738 980 869 1014 landes

140 1031 187 1066 ob
220 1030 430 1065 restitutam
454 1028 638 1074 Esquiliis
671 1027 871 1062 salubrita-

138 1081 224 1112 tem.
274 1077 436 1122 Tempus
466 1075 682 1120 scriptionis
717 1074 870 1108 omnino

139 1126 328 1159 incertum
365 1127 433 1158 est.
482 1122 700 1167 Composuit
724 1121 870 1166 utique,

138 1175 338 1216 postquam
362 1171 403 1205 in
425 1170 651 1205 Maecenatis
677 1168 871 1203 familiari-

139 1222 272 1256 tatem·
284 1218 476 1263 pervenit,
513 1220 555 1251 ut
587 1217 708 1261 liquet
740 1226 786 1249 ex
811 1225 871 1249 oc-

141 1266 244 1300 culta
274 1266 343 1300 illa
373 1268 428 1308 et,
465 1267 508 1298 ut
540 1265 594 1298 ita
617 1264 757 1305 dicam,
794 1262 872 1296 leni

140 1310 251 1347 amici
274 1312 387 1347 laude
412 1323 445 1345 v·
473 1314 527 1345 14.
558 1312 683 1353 (Artes
708 1310 871 1354 magicas

140 1359 360 1393 describunt
384 1359 541 1392 Theocr.
559 1360 591 1391 2.
610 1357 715 1402 Virg.
733 1356 812 1390 Ecl.
838 1357 871 1390 8.

142 1405 281 1440 Tibull.
308 1409 341 1448 1,
365 1408 398 1439 2.
438 1405 610 1449 Eropert.
636 1407 668 1446 4,
694 1406 726 1437 5.
765 1402 872 1437 Ovid.

143 1452 232 1486 Her.
258 1455 299 1494 6,
334 1455 377 1486 83
410 1462 515 1496 seqq.
562 1451 705 1485 Lucan.
731 1452 772 1492 6,
803 1452 873 1483 430

144 1509 225 1553 sqq.
274 1498 357 1533 Val.
381 1498 504 1532 FIacc.
529 1500 570 1541 6,
595 1500 662 1531 439
690 1508 772 1542 sqq.
796 1496 873 1530 Lu-

72 1566 75 1567 ν
142 1555 239 1580 elan.
285 1545 386 1581 Dial.
417 1557 508 1580 mer.
539 1548 572 1579 4.
623 1545 730 1578 Conf.
755 1543 872 1588 Epod.

190 1641 293 1674 1—7.
324 1638 683 1681 truncus-ficulnus]
709 1634 873 1671 Σύκινον

141 1683 284 1729 ξόανον
306 1686 436 1731 Priapi
469 1686 583 1720 habet
614 1686 726 1719 etiam
753 1685 872 1719 Theo-

142 1734 258 1768 critus
281 1733 351 1778 Ep.
375 1736 411 1776 4,
437 1735 470 1766 2.
487 1752 531 1756 —-
550 1732 679 1775 „Sicut
703 1743 725 1767 a
750 1733 874 1773 corylo

141 1781 186 1823 (s.
212 1781 353 1825 comto)
388 1782 578 1822 colurnus,
616 1780 668 1813 ita
692 1790 714 1813 a
738 1781 809 1821 ficu
833 1781 874 1821 si-

587 1826 714 1860 Comr.
753 1826 873 1865 Cane.

139 1873 256 1909 Addit
278 1874 512 1919 Porphyrio:
552 1884 658 1915 „non
692 1876 735 1907 ut
763 1874 874 1918 volgo

141 1922 352 1963 namneus!
380 1941 423 1946 —
448 1922 578 1954 inutile
605 1920 757 1963 tionum]
797 1920 873 1963 „ad

142 1969 239 2002 nihil
255 1971 401 2013 aptum3
427 1979 510 2002 nam
537 1968 693 2002 materia
716 1968 798 2002 eius
816 1978 875 2001 ar-

142 2015 245 2050 boris
281 2019 435 2060 propter
480 2015 719 2060 fragilitatem
755 2015 874 2049 nullis

141 2062 296 2097 fabricis
320 2065 378 2097 est
401 2061 572 2096 idonea.“
606 2062 734 2096 Gonu.
754 2061 873 2100 CRUQ.

142 2108 231 2143 Est:
257 2120 354 2154 „quo
380 2120 490 2143 nemo
514 2109 605 2153 quid
621 2109 762 2142 faceret
779 2109 874 2142 scie-

142 2156 207 2190 bat
230 2158 315 2190 ante
340 2155 506 2198 fabrum,
535 2156 616 2198 cui,
648 2158 691 2188 ut
714 2155 874 2199 Priapus

143 2203 293 2237 tandem
316 2202 463 2244 fierem,
494 2204 604 2246 aptus
630 2212 712 2235 sum
735 2202 872 2236 visus-⁴⁴

145 2268 188 2273 -—-
206 2249 324 2292 saber]
349 2249 554 2294 lignarius3
579 2250 656 2282 der
680 2250 874 2282 Meister.

142 2296 251 2331 Voss.
276 2315 321 2320 —
346 2296 527 2338 Priapus]
575 2295 668 2329 deus
716 2296 875 2340 agrestis

143 2342 504 2388 Lampsacenorum,
552 2342 641 2376 inde
683 2342 748 2375 diu
791 2346 877 2386 post

143 2389 346 2424 Homerum
359 2393 473 2434 atque
486 2389 690 2423 Hesiodum
706 2390 745 2422 in
761 2389 876 2424 Grae-

145 2438 239 2471 ciam
270 2438 451 2482 primum,
487 2440 619 2481 postea
655 2437 695 2469 in
728 2436 875 2470 Latium

145 2484 335 2526 invectus,
369 2486 557 2528 tamquam
582 2486 714 2517 auctor
740 2483 874 2517 fertili-

144 2532 251 2573 tatis,
283 2529 466 2575 imprimis
490 2530 696 2564 hortorum.
725 2549 766 2554 —-
792 2532 876 2565 Ma-

148 2579 214 2611 luit
239 2586 312 2611 esse
338 2577 456 2620 deum]
484 2576 602 2619 „Cur‚
627 2578 708 2621 ipse
733 2578 877 2612 nescie-

146 2624 239 2658 bat.“
291 2614 487 2669 Egregiam
517 2625 557 2658 in
586 2625 645 2658 his
670 2624 790 2668 ipsius
815 2624 876 2658 dei

145 2671 270 2705 verbis
288 2671 413 2705 inesse
434 2672 628 2717 εἰρωνείαν
646 2671 768 2715 quivis
791 2682 877 2706 sen-

147 2717 203 2751 tit.
250 2717 374 2762 Priap.
412 2720 456 2752 9:
505 2719 753 2751 Imm-sissima
789 2719 878 2759 quid

916 886 1090 925 Scopa-sve
1122 884 1228 925 lectt,
1266 883 1340 916 Nec
1371 890 1452 915 sum
1477 881 1655 914 Phidiaca

917 939 1030 964 manu
1064 931 1223 972 politus,-
1266 931 1330 963 sed
1379 930 1517 970 liquam
1561 929 1654 961 rude

916 979 1046 1011 vilicus
1079 978 1219 1011 dolavit
1251 978 1299 1010 Ει
1329 976 1423 1010 dixit
1455 976 1561 1017 mini,
1601 976 1655 1008 1⁹1·

918 1026 1075 1067 Priapus
1092 1027 1176 1057 esto.
1193 1043 1237 1048 —
1251 1022 1424 1066 formido]
1440 1023 1478 1056 h.
1493 1023 1516 1055 1.
1533 1022 1656 1066 prima

919 1072 1206 1117 significatione,
1217 1073 1242 1106 S
1248 1079 1266 1104 c
1272 1071 1294 1103 Ιι
1302 1080 1320 1104 e
1327 1079 1353 1103 u
1360 1079 1378 1103 c
1386 1071 1409 1103 k
1417 1079 1445 1103 e.
1455 1089 1498 1093 —
1507 1068 1655 1112 dextra]

919 1130 994 1164 qua
1017 1118 1127 1153 modo
1144 1118 1293 1160 fustem,
1318 1117 1428 1151 modo
1445 1117 1580 1151 falcem
1597 1119 1652 1150 te-

920 1167 1043 1201 nebat.
1069 1165 1174 1211 Virg.
1194 1165 1260 1200 Ge.
1285 1167 1319 1207 4,
1347 1167 1436 1198 110:
1461 1166 1508 1198 Et
1534 1166 1653 1197 custos

918 1215 1044 1255 surum
1069 1216 1177 1254 atque
1202 1214 1324 1246 avium
1349 1220 1431 1245 cum
1453 1213 1550 1253 falce
1566 1212 1656 1244 sali-

920 1270 993 1302 qna
1038 1261 1328 1302 Hellespontiaci
1375 1262 1490 1292 servet
1540 1259 1657 1291 tutela

921 1309 1051 1349 Priapi
1076 1307 1220 1351 (apes).
1268 1306 1393 1350 Priap.
1420 1307 1478 1348 63,
1502 1307 1547 1339 9:
1572 1307 1657 1338 Huc

921 1356 1013 1388 adde
1031 1356 1127 1395 quod
1142 1363 1198 1386 me
1223 1354 1430 1386 terribilem
1440 1353 1548 1386 deum
1563 1354 1657 1394 suste

920 1403 1055 1436 Manus
1066 1403 1144 1434 sine
1157 1403 1239 1434 arte
1252 1402 1411 1433 melicae
1424 1400 1656 1433 dolaverunt.

919 1467 968 1472 ——
995 1449 1267 1482 Obsceno--ab
1291 1447 1454 1489 invitine]
1483 1446 1559 1480 Cfr.
1581 1446 1656 1480 Sat.

925 1498 955 1538 1,
981 1497 1014 1538 2,
1039 1497 1104 1529 26:
1142 1497 1286 1536 lmen
1310 1496 1359 1527 ad
1383 1495 1585 1527 obscenum.
1612 1512 1655 1517 --

919 1542 1211 1584 ruben-palus]
1237 1541 1447 1575 membrum
1466 1541 1577 1574 virile
1602 1540 1657 1574 bi-

920 1589 1073 1633 pedale,
1096 1589 1214 1622 minio
1240 1589 1418 1630 oblitum,
1445 1587 1655 1632 symbolum

921 1636 1163 1671 fecunditatis
1197 1636 1517 1680 simplicissimum
1554 1635 1655 1679 apud

920 1684 1034 1718 huius
1061 1684 1186 1717 cultus
1210 1686 1437 1727 repertores.
1452 1702 1492 1706 -
1512 1683 1657 1716 arundo

923 1731 1007 1774 cet]
1035 1731 1286 1774 „arundinum
1311 1729 1518 1764 fasciculus
1543 1732 1656 1763 vento

923 1781 1121 1822 quassatus
1147 1777 1264 1822 abigit
1287 1778 1408 1811 aves.“
1437 1796 1479 1800 —
1508 1778 1658 1810 novis--

922 1825 1048 1868 hortis]
1083 1835 1235 1869 „nuper
1260 1835 1282 1858 a
1306 1823 1520 1858 Maecenate
1550 1824 1658 1857 insti-

921 1873 1024 1907 tutis.
1050 1892 1065 1898 -
1090 1891 1104 1897 -
1146 1873 1268 1906 Antea
1308 1871 1510 1916 Esquilina
1551 1871 1656 1915 regio

923 1920 1108 1963 sepulcris
1135 1929 1340 1953 servorum
1364 1920 1402 1952 et
1433 1919 1657 1952 miserorum

923 1970 1005 2001 erat
1053 1966 1242 2009 dedicata3
1290 1965 1488 1999 Maecenas
1532 1968 1658 1999 autem

924 2014 1168 2048 considerans
1183 2013 1282 2047 aeris
1296 2012 1556 2047 salubritatem
1570 2012 1658 2045 hor-

923 2063 981 2095 tos
1007 2071 1051 2095 eo
1069 2061 1145 2094 loci
1161 2060 1358 2094 instituit.“
1388 2059 1516 2093 Con.
1536 2059 1658 2097 CRUQ.

924 2107 962 2141 Si
988 2107 1208 2142 Scholiastis
1241 2107 1333 2141 fides
1363 2106 1565 2140 tribuenda
1590 2108 1658 2148 est,

923 2154 1022 2188 idem
1048 2155 1111 2187 hic
1140 2155 1264 2195 locus,
1297 2154 1343 2188 de
1378 2165 1453 2198 quo
1478 2153 1658 2187 Horatius

923 2201 1105 2245 loquitur,
1129 2201 1202 2235 fuit
1228 2211 1311 2234 cum
1336 2200 1544 2241 Puticulis,
1581 2201 1657 2233 loco

919 2249 1066 2290 publico
1090 2249 1193 2282 ultra
1212 2249 1408 2289 Esquilias,
1434 2249 1497 2281 ubi
1520 2249 1658 2280 mam-

919 2297 1069 2337 piorum
1081 2304 1238 2337 corpora
1248 2296 1549 2337 proiiciebantur.
1565 2294 1657 2336 (Cfr.

923 2342 1045 2376 Varro
1078 2342 1120 2376 L.
1145 2342 1188 2375 L.
1223 2345 1266 2385 5,
1300 2344 1356 2376 25.
1390 2345 1428 2377 et
1452 2342 1587 2376 Festus
1620 2352 1657 2385 p.

924 2390 1005 2422 200.
1030 2388 1215 2432 Lindem.)
1272 2389 1411 2431 „Soliti
1438 2391 1547 2423 erant
1580 2398 1659 2422 car-

924 2436 1054 2470 nifices
1079 2437 1119 2470 in
1135 2437 1337 2481 Esquilina
1356 2438 1418 2470 via
1441 2439 1576 2481 puteos
1600 2435 1656 2468 fa-

925 2493 1031 2525 cere,
1056 2484 1096 2517 in
1122 2495 1218 2528 quos
1244 2494 1402 2528 corpora
1424 2482 1657 2517 mittebant.“

923 2531 1046 2564 Acao.

971 2579 1067 2612 8-13.
1092 2580 1176 2611 Hm:
1197 2580 1304 2619 prius
1331 2578 1415 2620 cet]
1451 2576 1529 2618 „Ad
1555 2575 1658 2608 hunc

924 2625 1067 2667 locum,
1104 2625 1170 2659 ubi
1201 2625 1360 2669 Priapus
1396 2624 1532 2664 stabat,
1570 2621 1658 2655 olim

926 2682 1116 2707 servorum
1130 2672 1312 2706 cadavera
1323 2670 1467 2715 portari
1487 2668 1659 2703 solebant

925 2719 1155 2763 sepelienda,
1181 2719 1245 2752 ubi
1271 2718 1457 2762 quondam
1476 2717 1658 2750 Thermae
