1786 2912
234 145 290 186 84

350 246 420 289 Ire
448 247 549 290 licet
579 247 693 289 mulo
724 247 795 289 vel
825 247 863 289 si
892 247 999 290 libet
1028 262 1165 304 usque
1197 248 1452 303 Tarentum,

733 145 941 180 HORATII
966 146 1251 181 SATIRARUM

1666 250 1748 291 105

349 317 538 360 Mantica
559 319 627 360 cui
646 318 815 360 lumbos
837 332 968 361 onere
987 319 1151 362 ulceret
1172 323 1299 376 atque
1322 334 1453 376 eques
1475 334 1637 363 armos:

353 387 540 432 Obiiciet
570 403 695 431 nemo
728 389 874 431 sordes
906 389 1031 443 mihi,
1065 404 1169 446 quas
1199 391 1300 444 tibi,
1334 391 1456 445 Tilli,

352 459 462 502 Cum
494 459 674 502 Tiburte
704 460 776 502 via
804 464 1047 515 praetorem
1078 462 1264 518 quinque
1296 466 1531 518 sequuntur

351 529 416 573 Te
446 531 569 587 pueri
599 531 795 573 lasanum
824 535 1045 588 portantes
1077 533 1466 590 oenophorumque.

349 600 446 644 Hoc
476 615 556 657 ego
589 602 850 644 commodius
884 617 1010 658 quam
1041 607 1106 657 tu,
1138 604 1356 660 praeclare
1387 608 1571 658 senator,

1665 605 1748 646 110

348 672 523 715 Milibus
555 677 683 729 atque
714 674 809 715 aliis
840 675 952 715 vivo.
997 673 1260 731 Quacunque
1291 675 1424 717 libido
1456 679 1541 729 est,

327 804 405 837 107.
432 804 530 837 Tulli
554 802 680 846 d,LCt.
695 823 738 827 —
757 806 834 838 111.
859 805 988 840 Multis
1013 803 1219 839 Lambinus
1247 805 1360 847 coni.,
1388 805 1415 840 O
1442 808 1478 839 et
1503 805 1699 839 Heindorf.

231 921 392 955 cellinus
432 922 627 956 immemor
668 922 789 955 mulos
832 924 967 956 natura

230 978 300 1002 sua
333 968 380 1002 ad
411 968 641 1014 gignendum
672 969 858 1003 inhabiles
888 980 964 1003 non

230 1015 399 1050 castrari.
439 1015 576 1050 Melius
602 1017 780 1060 explices
806 1019 848 1050 ut
873 1016 965 1050 dici-

229 1065 292 1097 tur
318 1065 425 1096 curta
440 1065 620 1106 simenem,
647 1066 752 1097 curta
769 1072 837 1106 res,
866 1065 963 1106 „vili,

229 1110 356 1155 exigui
369 1111 530 1154 pretii;“
558 1122 635 1145 non
649 1114 775 1145 autem
794 1112 963 1156 „exiguo‚

228 1159 389 1191 macro.“
418 1177 461 1181 —
486 1158 674 1202 Manlica]
715 1158 843 1200 „Quia
871 1170 964 1202 pau-

227 1215 461 1249 peres,scum
477 1205 647 1240 insident
662 1206 853 1248 iumentis,
878 1208 964 1250 post

229 1262 268 1286 se
295 1253 462 1287 sarcinas
487 1253 670 1287 habent.“
713 1253 807 1287 ACR.
853 1253 961 1295 „Hoc

229 1310 275 1333 ex
311 1299 512 1334 Luciliano
549 1300 614 1334 illo
653 1303 845 1345 sumptum
883 1303 961 1334 est:

226 1348 393 1382 Mamica
429 1349 585 1381 canterii
621 1350 738 1381 costas
781 1349 963 1389 qravilale

224 1395 447 1436 premebal.“
475 1394 593 1438 (Gerl.
611 1406 646 1439 p.
668 1397 722 1437 10,
740 1395 789 1437 9.)
812 1395 962 1429 Pomm.

226 1460 275 1465 -
297 1444 419 1475 sordes
436 1460 451 1466 -
469 1460 484 1466 -
502 1442 580 1485 libi]
609 1441 701 1477 Nam
726 1445 881 1487 propter
906 1443 963 1475 ni-

226 1488 338 1522 miam
370 1490 637 1533 parsimoniam
672 1492 709 1524 et
742 1493 874 1523 contra
899 1490 962 1523 de-

227 1546 294 1570 cus
312 1537 545 1580 praetorium
563 1547 639 1570 non
657 1537 797 1571 amicos
816 1537 963 1581 aliquot

225 1583 266 1617 in
293 1594 359 1617 rus
385 1584 523 1626 educit,
550 1584 615 1618 sed
642 1584 775 1628 paucis
801 1587 962 1617 tantum-

225 1631 335 1665 modo
362 1631 481 1665 servis
506 1631 638 1664 utitur.
687 1631 776 1665 Tam
803 1631 960 1676 exiguus

226 1681 351 1712 autem
364 1678 565 1712 comitatus
583 1689 788 1721 servorum,
805 1679 961 1723 insuper

225 1725 481 1760 instrumenta
497 1737 594 1770 quae
618 1726 787 1760 nominat
809 1728 960 1770 portan-

226 1774 338 1816 tium,
376 1783 466 1807 sane
500 1773 667 1807 sordium
698 1773 848 1818 signum
882 1775 962 1807 erat

224 1820 264 1854 in
290 1823 476 1865 praetore.
519 1820 594 1854 Cfr.
622 1819 694 1854 Sat.
723 1823 753 1863 1,
780 1823 812 1862 3,
841 1822 895 1853 12.
916 1839 959 1844 —-

225 1868 323 1910 Tillo]
362 1868 521 1901 Videtur
558 1867 657 1901 idem
696 1867 850 1910 Tillius,
894 1867 959 1911 qui

224 1918 376 1949 notatur
402 1926 434 1948 v.
461 1916 536 1958 25.;
573 1925 619 1949 ex
655 1916 809 1949 tribuno
843 1915 959 1960 igitur

224 1963 386 1996 militum
411 1962 533 1996 factus
565 1962 639 1996 iam
672 1964 835 2006 praetor.
887 1961 959 2000 Qui

225 2010 358 2055 legunt
399 2011 512 2052 Tulli,
563 2010 777 2055 cogitarunt
823 2009 870 2043 de
911 2009 958 2043 M.

225 2056 350 2091 Tullio
363 2057 410 2091 M.
423 2057 464 2091 F.
479 2057 674 2099 Cicerone,
699 2056 856 2091 consule
881 2057 959 2090 suf-

223 2104 321 2138 fecto
347 2115 380 2138 a.
407 2116 443 2138 u.
471 2115 502 2138 c.
530 2106 631 2147 724,
656 2105 808 2138 homine
833 2106 958 2138 tamen

223 2162 301 2186 non
340 2154 415 2185 tam
458 2151 611 2187 sordido
648 2163 760 2196 quam
801 2152 958 2195 perditis

223 2199 391 2233 moribus
432 2210 474 2233 ac
514 2199 718 2233 vinolento.
773 2198 871 2232 Plin.
913 2199 958 2232 H.

222 2244 265 2279 N.
294 2249 355 2289 14,
381 2248 436 2280 22.
464 2266 507 2271 —
535 2249 679 2280 Tiburte
702 2246 778 2289 via]
804 2257 826 2280 a
850 2250 959 2290 porta

223 2293 423 2338 Esquilina
441 2294 488 2327 ad
507 2294 626 2328 Tibur
647 2294 821 2328 ducente.
840 2313 883 2317 —
906 2294 959 2326 la-

222 2340 366 2383 sanum]
393 2338 575 2379 λα’σανον
606 2342 843 2375 Leibsluhl.
871 2340 958 2374 See-

223 2387 318 2421 bode
331 2388 605 2432 interpretatus
619 2391 676 2423 est
687 2389 957 2431 Kochqeschirr‚

223 2438 265 2468 ut
296 2445 337 2469 re
363 2445 451 2468 vera
475 2435 634 2470 Photius
668 2436 844 2493 exponit.
877 2432 959 2468 Λά-

222 2493 339 2528 σανα,
377 2479 610 2529 χυτοόποόες
642 2485 792 2538 κυρίως.
824 2482 957 2523 --ἐφ’

222 2528 277 2563 ὠι
298 2525 440 2572 ’ἕψεται
471 2540 507 2562 τι
537 2531 603 2562 καὶ
629 2530 833 2577 ([ρύγεται,
866 2530 957 2564 alte-

220 2587 300 2610 ram
334 2579 458 2611 tamen
490 2577 801 2623 significationem
840 2577 957 2611 conti-

203 2635 299 2658 ¹nuo
325 2624 490 2658 addens.
528 2625 594 2657 καὶ
625 2626 688 2664 ἐφ’
722 2624 776 2657 ὠν
809 2620 959 2658 artemi-

222 2682 312 2704 tow
345 2667 495 2715 ἔλεγον,
532 2674 575 2705 ut
605 2671 880 2715 Aristophanes
917 2672 958 2705 ἐν

220 2718 426 2765 Προαγῶνι
455 2718 553 2763 apud
579 2718 774 2753 Pollucem
809 2721 863 2762 10,
889 2721 957 2753 44:

1016 921 1067 955 Οἵ
1084 933 1154 966 μοι
1177 919 1303 965 τάλας,
1335 925 1370 957 τί
1393 935 1472 967 μου
1498 924 1654 971 στρέφει
1669 921 1748 978 τὴν

1013 972 1202 1025 γαστέρα,·
1225 968 1340 1004 Βάλλ’
1365 971 1405 1013 ἐς
1421 968 1601 1025 κόρακας·
1627 967 1748 1004 πόθεν

1012 1029 1061 1050 αν
1099 1017 1249 1051 λάσανα
1284 1016 1436 1063 γένοιτό
1472 1029 1563 1062 pm,-
1602 1017 1748 1052 Becker

1014 1065 1175 1099 Gallus
1201 1066 1274 1109 (ed.
1296 1066 1376 1108 alt.)
1401 1065 1448 1099 H.
1474 1077 1510 1110 p.
1537 1067 1628 1100 264·
1656 1065 1748 1108 „La-

1013 1123 1146 1146 sanum
1180 1114 1226 1146 ist
1258 1122 1329 1147 von
1359 1115 1512 1148 Seebode
1543 1114 1608 1146 mil
1633 1091 1747 1146 Ji'ecm

1013 1161 1068 1192 als
1085 1161 1347 1201 Kochqeschirr
1368 1168 1632 1202 anoenommen
1654 1168 1748 1193 wor-

1012 1208 1102 1247 dem
1134 1208 1230 1240 devm
1253 1216 1324 1241 nur
1349 1209 1440 1241 diess
1462 1210 1566 1249 passi
1591 1209 1654 1249 silr
1678 1209 1749 1240 den

1013 1254 1188 1288 sordidus
1229 1256 1382 1299 praetor
1425 1255 1608 1297 (mimlich
1632 1255 1747 1287 damit

1013 1310 1053 1334 er
1079 1302 1176 1334 nicht
1202 1303 1442 1336 eimukehren
1471 1302 1672 1345 brauchl).“
1701 1319 1744 1324 —

1012 1349 1279 1392 oenophorum]
1331 1350 1604 1391 Weinsass.
1663 1347 1746 1388 Quo

1012 1396 1112 1429 enim
1148 1397 1332 1431 minorem
1370 1399 1559 1440 sumptum
1594 1395 1747 1437 faceret,

1012 1442 1258 1478 domesticum
1275 1444 1405 1477 vinum
1429 1443 1495 1477 ille
1513 1452 1642 1478 secum
1659 1453 1746 1487 por-

1011 1490 1126 1524 tabat.

1060 1540 1138 1571 110.
1167 1539 1244 1572 111.
1269 1538 1364 1581 Hoc]
1391 1537 1571 1582 „Propter
1595 1537 1746 1582 plenam

1011 1584 1235 1627 libertatem,
1266 1596 1339 1629 qua
1363 1586 1483 1618 utor.“
1513 1604 1556 1608 -
1581 1584 1744 1626 senator]

1009 1633 1142 1676 utique
1177 1634 1215 1666 et
1246 1634 1332 1666 ante
1357 1628 1574 1676 praeturam
1599 1634 1637 1665 et
1659 1633 1748 1675 post

1011 1689 1101 1712 eam.
1130 1698 1173 1703 -—
1199 1677 1349 1714 Milibuk
1375 1682 1484 1719 atque
1509 1678 1609 1721 aliis]
1650 1677 1743 1712 Gen.

1010 1728 1134 1760 neutr.
1152 1726 1358 1770 respondet
1381 1737 1415 1760 v.
1433 1728 1526 1759 Hoc.
1554 1725 1659 1768 „Non
1686 1736 1744 1759 so-

1009 1773 1088 1806 lum
1125 1784 1192 1818 per
1233 1774 1371 1807 itinera
1407 1784 1475 1819 ego
1513 1772 1744 1807 commodius

1009 1820 1104 1863 vivo,
1131 1820 1196 1854 sed
1220 1821 1260 1854 in
1285 1821 1473 1855 sexcentis
1491 1820 1578 1855 aliis
1594 1819 1743 1862 rebusst‘,

1010 1878 1103 1912 quas
1120 1868 1256 1912 partim
1279 1868 1405 1902 statim
1429 1870 1636 1910 enumerat,
1659 1878 1744 1911 par-

1008 1915 1074 1948 tim
1100 1916 1192 1949 scite
1217 1915 1277 1950 his
1303 1915 1520 1960 complexus
1553 1917 1610 1949 est
1634 1915 1743 1948 etiam

1010 1965 1154 1997 ceteros
1181 1963 1344 2008 ingenii,
1370 1963 1507 2008 poesis,
1531 1963 1743 1996 litterarum

1008 2009 1167 2052 fructus,
1195 2021 1313 2055 „quos
1339 2009 1493 2054 quidem
1517 2019 1596 2051 vos,
1624 2009 1744 2042 homi-

1008 2068 1076 2091 nes
1102 2058 1292 2102 volgares,
1329 2068 1378 2091 ne
1412 2056 1626 2101 intelligere
1661 2055 1744 2100 qui-

1009 2104 1092 2138 dem
1116 2104 1309 2149 potestis.“
1348 2103 1446 2138 Sane
1473 2106 1606 2138 contra
1630 2113 1742 2137 usum

1008 2152 1198 2197 volgarem
1235 2151 1331 2185 dixit
1365 2152 1512 2185 milibus
1549 2151 1634 2184 aliis
1671 2161 1741 2195 pro

1007 2200 1108 2233 mille
1125 2201 1228 2243 ali2'33
1254 2209 1340 2233 nam
1365 2199 1469 2232 milia
1486 2199 1565 2232 alia
1588 2197 1741 2242 proprie

1009 2250 1066 2281 est
1098 2249 1212 2281 andra
1237 2248 1439 2288 Tau-cende,
1478 2256 1555 2279 non
1589 2245 1744 2278 tamena

1007 2295 1142 2328 Andre.
1197 2293 1376 2338 Plerique
1414 2292 1566 2336 quidem
1603 2291 1743 2325 habent

1007 2352 1075 2385 pro
1093 2352 1177 2386 gen.
1194 2351 1328 2374 masc.:
1357 2350 1493 2384 „quam
1517 2341 1558 2372 tu
1581 2341 1620 2372 et
1637 2339 1741 2373 mille
1779 2341 1783 2343 ’

1007 2389 1106 2422 alii.“
1148 2387 1219 2422 Sed
1245 2387 1474 2421 inconcinna
1499 2386 1649 2420 videtur
1674 2386 1742 2420 du-

1006 2436 1122 2479 plicis
1147 2434 1436 2478 comparationis
1460 2433 1680 2478 compositio
1706 2435 1744 2468 et

1007 2483 1119 2516 nimis
1152 2482 1298 2516 infinite
1333 2492 1372 2515 se
1407 2491 1491 2514 cum
1524 2481 1624 2514 mille
1657 2481 1741 2514 aliis

1008 2530 1207 2572 c‚onferret
1232 2530 1272 2563 in
1291 2528 1430 2573 quibus
1455 2530 1631 2572 poterant
1656 2537 1739 2561 esse

1007 2577 1189 2611 cerdones
1215 2578 1253 2610 et
1276 2575 1488 2617 libitinarii,
1513 2585 1590 2608 non
1613 2574 1740 2608 addito

1006 2624 1068 2657 ἐπι
1072 2625 1168 2670 9έτῳ
1215 2624 1355 2668 „longe
1395 2633 1454 2656 me
1495 2621 1742 2666 opulentiori-

1006 2671 1126 2715 bus3‘*
1166 2681 1237 2705 nec
1273 2669 1505 2715 probabilior
1543 2671 1600 2703 est
1631 2668 1740 2701 Lam-

1005 2719 1086 2752 bini
1105 2718 1333 2753 coniectura.
1365 2717 1493 2752 Multis
1510 2719 1618 2757 alque
1644 2716 1740 2758 aliis,
