1774 2930
0 2543 16 2697 πωνή-ν*

62 2155 66 2158 ·
133 2141 222 2187 ἐρεῖ,
242 2139 338 2187 Ἐγώ
361 2140 552 2186 μουσικός
574 2146 671 2186 εἰμι,
696 2140 744 2177 ἄν
770 2144 865 2187 πλῆ-

667 105 836 141 mn.
884 103 1079 140 sunm.

1549 103 1631 145 167

239 209 292 252 In
321 207 463 251 media
491 207 619 250 iussit
644 205 799 262 Libya,
829 206 932 262 quia
959 204 1123 248 tardius
1150 204 1265 248 irent

240 279 424 336 Propter
452 292 559 320 onus
590 291 760 333 segne&
801 275 907 319 Uter
937 279 1003 318 est
1032 275 1224 319 insanior
1251 274 1436 327 horum?

240 349 315 392 Nil
343 350 434 406 agit
462 349 720 405 exemplum,
751 348 872 390 litem
902 346 1017 404 quod
1044 347 1121 389 lite
1150 346 1340 389 resolvit.

243 419 290 463 Si
321 421 417 477 quis
447 424 561 464 emet
591 419 791 472 citharae,
823 422 988 474 emptas
1018 421 1254 474 comportet
1283 418 1330 461 in
1359 430 1507 470 unum,

240 490 335 534 Nec
362 490 503 533 studio
534 491 723 533 citharae
753 503 834 532 nec
861 489 1012 532 Musae
1042 488 1213 531 deditus
1242 488 1342 542 ulli;

1552 487 1635 527 105

244 561 291 604 Si
322 562 488 618 scalpra
518 566 562 604 et
592 561 751 604 formas
780 563 866 602 non
896 563 1029 613 sutor,
1059 560 1232 602 nautica
1259 559 1356 602 vela

245 632 437 675 Aversus
468 632 744 675 mercaturis:
777 631 936 674 delirus
967 634 1011 673 et
1041 644 1189 673 emens

243 703 442 759 Undique
472 703 638 747 dicatur
664 702 831 746 merito.
872 701 956 750 Qui
986 701 1202 757 discrepat
1229 701 1343 751 istis,

246 773 331 822 Qui
361 786 556 817 nummos
586 787 823 829 mirumque
852 771 1059 825 recondit,
1089 772 1260 814 nescius
1290 771 1355 813 uti

247 843 507 901 Compositis
537 848 817 900 metuensque
846 843 966 886 velut
996 844 1244 899 contingere
1273 841 1471 884 sectum?

247 914 295 956 Si
325 916 421 971 quis
452 913 507 957 sd
535 915 754 971 ingentem
784 914 987 957 frumenti
1017 928 1187 970 semper
1217 927 1417 956 acervum

244 985 473 1028 Porrectus
503 986 653 1042 vigilet
684 1000 780 1028 cum
808 986 937 1041 longo
968 985 1096 1038 fuste,
1128 999 1269 1041 neque
1299 984 1418 1026 illinc

244 1055 416 1099 Audeat
446 1057 640 1100 esuriens
672 1056 869 1099 dominus
901 1057 1149 1111 contingere
1179 1069 1382 1112 granum,

244 1127 312 1169 Ac
340 1128 485 1184 potius
513 1127 627 1169 foliis
659 1142 813 1184 parcus
842 1133 1041 1170 vescatur
1071 1127 1253 1179 amari83

247 1196 294 1239 Si
323 1197 477 1254 positis
507 1199 623 1240 intus
656 1197 754 1240 Chii
784 1198 1029 1254 veterisque
1058 1197 1231 1240 Falerni

1560 1195 1641 1236 115

245 1267 364 1311 Mille
396 1269 525 1322 cadis,
557 1268 664 1310 nihil
696 1274 775 1322 est,
805 1273 1043 1310 tercentum
1073 1268 1260 1321 milibus,
1294 1281 1390 1309 acre

245 1337 375 1380 Potet
404 1343 595 1392 acetum;
627 1353 722 1394 age,
753 1339 791 1380 si
821 1343 864 1381 et
896 1339 1141 1380 stramentis
1171 1338 1357 1390 incubet,
1389 1336 1522 1379 unde-

248 1407 477 1465 Octoginta
507 1423 641 1451 annos
671 1414 811 1463 natus,
843 1410 911 1451 cui
942 1409 1133 1465 stragula
1161 1409 1310 1462 vestis,

245 1477 486 1522 Blattarum
517 1494 567 1522 ac
596 1480 810 1522 tinearum
840 1480 1007 1535 epulae,
1038 1483 1256 1535 putrescat
1287 1479 1332 1520 in
1363 1492 1488 1521 arca:

130 1588 196 1620 τος
217 1576 400 1626 ἀργύριον
431 1581 498 1613 καὶ
520 1578 788 1626 βαρυνομένου
804 1599 825 1604 -
842 1599 861 1604 -

126 1621 297 1667 Ἀπόχεε,
328 1622 425 1670 ἔφη,
458 1623 502 1660 τὸ
534 1626 649 1660 πλέον
673 1628 740 1660 καὶ
763 1621 861 1660 ὅσον

127 1669 292 1707 δύνασαι
312 1671 491 1716 βάσταζε.
516 1693 560 1697 -
586 1675 649 1708 Nil
671 1676 749 1716 ασίι
776 1674 861 1717 cet.]

130 1719 264 1764 „Rem‚
288 1720 336 1755 de
360 1733 437 1766 qua
460 1721 509 1756 lis
534 1724 608 1764 est,
637 1721 768 1767 itaque
793 1721 862 1755 du-

128 1766 228 1801 bium
244 1778 323 1802 non
340 1769 431 1803 licet
447 1780 493 1803 ex
516 1769 728 1814 logicorum
751 1779 860 1813 prae-

130 1815 250 1859 oeptis
274 1815 350 1850 alia
373 1827 414 1850 re
440 1816 529 1850 item
554 1816 670 1850 dubia
703 1816 862 1858 solvere,

131 1861 223 1906 quia
238 1862 353 1897 dubia
369 1863 483 1898 certis
506 1865 652 1897 tantum
677 1862 861 1897 dirimun-

130 1910 228 1942 tur.“

181 1957 347 1991 104421.
369 1959 410 1992 Si
426 1958 506 1998 quis
523 1960 619 1991 emat
638 1957 722 2000 cet]
738 1957 862 1992 Etiam

131 2001 204 2036 hoe
220 2003 357 2037 mirum
374 2015 464 2038 sane
481 2005 691 2048 exemplum
709 2015 755 2038 ex
768 2004 864 2038 Stoi-

134 2058 263 2083 corum
273 2050 425 2084 officina
432 2050 582 2097 vitietur
592 2051 862 2095 depromptum.

323 2097 445 2141 Epict.
481 2101 515 2139 4,
552 2099 587 2139 8,
625 2100 691 2131 16:
733 2095 865 2139 οὐδεὶς

133 2200 249 2236 κτρον
272 2192 339 2223 κού
363 2188 527 2237 κιθάραν
551 2188 742 2237 ἀγοράσῃ.
788 2191 865 2225 cfr.

132 2235 206 2271 Dio
241 2237 371 2282 Chrys.
404 2237 469 2272 Or.
495 2241 551 2272 10.
582 2249 620 2282 p.
645 2240 725 2272 302.
749 2238 794 2271 R.
819 2258 866 2262 —

134 2285 287 2327 emptas]
317 2283 401 2319 Non
435 2288 493 2319 est
516 2285 736 2330 simpliciter
763 2296 866 2326 „eas-

134 2332 248 2375 que“,
272 2332 361 2366 sed:
393 2333 552 2375 „statim‚
578 2335 777 2377 postquam
803 2343 866 2367 eas

135 2379 314 2421 emerit3⁴⁴
342 2379 474 2424 sicque
490 2379 595 2424 Virg.
611 2379 706 2413 Aen.
725 2381 758 2421 6,
777 2381 867 2414 420:

134 2426 244 2465 offam
270 2427 420 2466 Obiicm
444 2428 508 2460 ille
525 2445 541 2451 -
558 2446 574 2452 -
591 2428 746 2468 Corripit
772 2428 867 2461 obie-

135 2474 240 2506 dam.
287 2473 521 2517 Frequenter
547 2474 644 2507 hanc
670 2473 867 2518 epiplocen

136 2521 334 2563 usurpavit
359 2520 526 2554 Ovidius.
566 2520 714 2554 Metam.
740 2523 773 2562 9,
799 2522 867 2554 74:

136 2566 343 2612 (Hydram)
368 2569 492 2601 domiai
515 2570 761 2608 domitamque
784 2576 868 2609 per-

137 2616 204 2654 eai.
228 2613 350 2647 Etiam
376 2615 416 2647 in
439 2625 554 2659 prosa
577 2626 631 2648 or.
656 2615 738 2648 Liv.
765 2617 797 2657 1,
822 2616 869 2649 5:

139 2661 297 2694 tatrones
313 2679 329 2686 ·
346 2679 361 2686 ·
377 2663 530 2695 Remum
551 2663 696 2704 cepisse,
722 2664 869 2703 captum

908 1581 988 1621 rem·
1003 1580 1172 1613 Amulio
1194 1580 1401 1613 tradidisse.
1419 1597 1464 1602 —-
1479 1577 1645 1620 scalpra]

908 1628 1132 1669 Ensiferi,
1156 1626 1463 1661 Schuhahten.
1493 1644 1538 1648 —
1567 1626 1645 1666 sor-

908 1673 1001 1716 mas]
1026 1675 1293 1744 L‘iumii
1308 1671 1647 1762 ποπέᾴιιιιὲζέεἷὲῗ

909 1724 1242 1811 ἓὲεῗαιξῖῐοῗῂζ
1263 1770 1298 1809 4,
1316 1729 1394 1801 ἔξω.
1412 1768 1515 1800 lucro
1540 1775 1647 1800 aver-

908 1824 999 1849 sam.
1019 1835 1062 1839 —
1084 1816 1263 1858 Undique]
1291 1816 1332 1848 in
1356 1825 1470 1859 prosa
1495 1824 1550 1847 or.
1577 1813 1646 1854 „ab

911 1863 1120 1897 omnibus.“
1147 1883 1191 1887 —
1217 1865 1449 1902 metuensque
1473 1870 1508 1894 v.
1534 1869 1562 1893 c.
1586 1869 1647 1893 sa-

911 1911 1028 1953 mm]
1057 1910 1131 1944 Sat.
1157 1913 1189 1952 1,
1207 1912 1240 1951 1,
1258 1912 1321 1943 71:
1348 1912 1534 1949 tamquam
1556 1917 1648 1949 par-

910 1966 990 1991 cere
1021 1959 1149 1991 saeris.
1176 1977 1219 1981 —
1246 1954 1463 1998 Pon-ectus]
1500 1954 1572 1988 Hic
1610 1956 1648 1988 et

911 2005 1003 2038 alibi
1027 2004 1225 2039 Bentleius
1249 2005 1331 2038 sine
1358 2013 1471 2037 causa
1495 2001 1651 2046 scripsit

908 2054 1111 2094 proiectus,
1156 2051 1502 2092 hinaeworsen;
1550 2047 1648 2081 illud

912 2102 968 2132 est
1004 2100 1112 2139 tana
1146 2098 1491 2138 ausqestreckt.
1517 2115 1560 2118 —
1593 2096 1650 2136 so-

915 2145 1182 2187 liin-amaris]
1200 2148 1244 2178 ut
1260 2144 1429 2185 cichorii,
1453 2142 1587 2177 intubi.
1603 2160 1647 2165 —

909 2193 1036 2232 positis
1060 2191 1179 2234 intus]
1207 2191 1335 2233 „domi
1362 2190 1424 2233 (in
1449 2188 1648 2234 apotheca.)

913 2239 1149 2272 asservatis.“
1201 2239 1278 2272 Cfr.
1307 2249 1340 2271 v.
1368 2239 1446 2271 142.
1472 2256 1518 2261 -—
1544 2238 1622 2270 Chii
1633 2254 1649 2260 -

912 2285 1087 2328 Falerni]
1120 2285 1226 2320 Conf.
1254 2285 1329 2319 Sat.
1362 2287 1379 2318 1
1393 2310 1403 2326 ,
1431 2286 1495 2325 10,
1520 2286 1577 2317 24.
1603 2303 1647 2307 —

915 2334 1008 2365 nihil
1034 2332 1107 2375 est]
1146 2358 1163 2375 „
1175 2333 1269 2377 quid
1300 2332 1411 2366 dico?
1449 2342 1525 2365 non
1558 2330 1650 2365 satis

915 2383 972 2414 est
1004 2379 1145 2414 dixisse
1175 2381 1287 2413 mitte.
1300 2380 1317 2397 ‘⁴
1350 2398 1393 2402 —-
1424 2377 1648 2420 stramentis]

915 2438 1012 2471 quae
1037 2427 1216 2461 iumentis
1241 2426 1433 2461 substerni
1458 2426 1648 2460 solent-—

914 2475 1011 2507 unde
1028 2492 1052 2510 -.
1064 2475 1270 2517 Octom'nta]
1313 2474 1369 2507 De
1403 2474 1517 2507 verbo
1551 2473 1651 2505 inter

916 2521 1013 2555 duos
1038 2532 1170 2555 versus
1194 2521 1315 2555 diviso
1341 2521 1442 2554 conf.
1468 2519 1541 2553 Sat.
1568 2522 1599 2560 1,
1617 2520 1650 2560 3,

917 2570 973 2602 62.
988 2587 1031 2591 —
1043 2570 1212 2610 straqula
1227 2569 1348 2611 vestis]
1376 2570 1541 2610 „tapetes
1566 2575 1652 2598 cum

917 2615 1031 2649 variis
1047 2616 1278 2649 ornamentis
1296 2614 1482 2648 intextis.“
1494 2632 1534 2635 ——
1548 2613 1653 2645 Blat-

915 2666 1040 2695 tarum
1056 2671 1100 2696 ac
1117 2664 1300 2696 tinearum
1319 2660 1463 2703 epulae]
1486 2661 1512 2693 S
1518 2669 1544 2701 p
1554 2669 1572 2692 e
1583 2661 1597 2692 i
1604 2668 1622 2691 s
1633 2668 1651 2692 e

1556 840 1639 881 110
1703 838 1707 847 “
