1774 2930
192 156 280 195 474

853 135 1061 189 nomm

310 255 529 298 Deficiunt
559 256 800 311 animique3
831 255 1052 311 professus
1084 257 1263 312 grandia
1292 262 1460 315 turget3

312 326 457 383 Serpit
486 327 606 368 humi
637 331 756 368 tutus
788 327 969 368 nimium
999 327 1260 384 timidusque
1290 320 1526 385 procella03

312 397 396 446 Qui
426 399 592 440 variare
625 398 742 454 cupit
771 411 862 440 rem
893 398 1191 454 prodigialiter
1220 413 1368 454 unam,

309 468 573 525 Delphinum
606 469 726 510 silvis
759 469 974 525 appingit,
1006 470 1205 511 fluctibus
1238 484 1404 527 aprum.

1653 473 1711 515 30

308 539 358 581 In
388 540 540 581 vitium
572 539 688 581 ducit
720 540 870 596 culpae
901 539 1021 595 fuga,
1055 541 1091 582 si
1124 545 1239 583 caret
1269 545 1374 584 arte.

309 610 542 653 Aemilium
575 612 688 653 circa
717 611 865 652 ludum
895 610 1017 653 faber
1045 625 1157 653 unus
1188 615 1232 654 et
1262 626 1428 668 ungues

286 754 342 787 32.
368 754 463 786 imus
489 763 573 786 cum
599 753 710 786 libris
735 753 931 797 plerisque
957 752 1069 786 etiam
1095 753 1189 788 meis
1213 753 1294 788 Lct
1317 757 1356 788 et
1378 754 1662 800 Dillenburger.

239 802 348 841 (unus
365 800 475 845 Regii
501 803 679 845 quattuor
705 800 860 844 aliique,
885 799 1047 836 Ioannes
1066 800 1358 836 Sarisberiensis
1383 801 1423 836 in
1441 802 1563 837 Praef.
1579 802 1663 837 Lib.

236 847 298 880 VI.
326 850 362 881 et
387 850 472 892 post
498 847 714 881 Bentleium
740 847 833 881 Edd.
859 847 940 881 fere
966 849 1123 890 omnes.)

187 976 410 1022 ἐξαλλαγῆς.
459 977 532 1012 Ρ1·ο
557 978 721 1012 lectione
749 978 847 1010 lenia
872 977 925 1012 af-

186 1025 316 1058 ferunt
341 1025 417 1059 Cic.
443 1025 549 1059 Brut.
577 1028 646 1058 48:
685 1026 815 1058 lenitas
849 1027 924 1058 eius

187 1072 243 1114 (C.
268 1072 357 1106 Iulii
383 1073 425 1106 L.
443 1072 499 1115 F.)
523 1074 602 1106 sine
627 1074 759 1106 nervis.
778 1091 824 1096 —
838 1081 924 1113 pro-

186 1121 300 1160 fessus
325 1121 486 1162 arandia
511 1119 597 1162 cet.]
633 1119 737 1162 „Qui
763 1119 922 1153 sublime

185 1177 306 1211 genus
321 1167 472 1202 dicendi
486 1167 646 1209 affectat,
658 1166 700 1200 fit
713 1166 921 1211 turgidus.“

185 1214 345 1254 Quintil.
374 1217 428 1257 10,
446 1216 479 1257 2,
500 1217 562 1248 16;
585 1215 805 1256 plerumque
829 1214 925 1256 (imi-

185 1262 342 1305 tatores)
380 1263 566 1295 declinant
591 1263 631 1295 in
652 1263 756 1303 peius
783 1264 816 1294 et
838 1270 924 1303 pro-

183 1311 288 1343 xima
329 1311 524 1343 virtutibus
565 1311 657 1342 vitia
694 1310 923 1350 comprehen-

185 1358 274 1390 dunt
307 1358 469 1399 fiuntque
499 1365 569 1398 pro
602 1357 802 1397 qrandibus
840 1356 924 1399 (vel

186 1405 440 1445 orandiloquis
464 1404 563 1448 apud
583 1404 659 1438 Cic.
678 1403 779 1437 Orat.
799 1406 831 1445 5,
850 1404 923 1445 20.)

185 1453 325 1485 tumidi.

233 1548 277 1580 28
294 1565 335 1569 —
352 1549 407 1580 31.
432 1548 551 1588 Serpit
575 1547 676 1579 humi
700 1545 785 1588 cet.]
816 1545 922 1580 Duae

183 1593 367 1639 imagines
387 1596 476 1628 sunt
493 1596 720 1635 contractae,
738 1593 832 1634 eius,
857 1594 923 1638 qui

185 1651 380 1686 nunquam
405 1641 452 1675 ad
477 1641 614 1676 altiora
634 1640 727 1680 eniti
753 1642 924 1683 conatur,

185 1691 222 1722 et
245 1689 338 1729 eius,
365 1689 431 1733 qui
447 1689 703 1733 procellarum
721 1687 923 1722 formidine

184 1735 275 1769 litus
318 1736 427 1770 radit.
489 1736 570 1770 Hoc
619 1738 743 1769 autem
787 1736 923 1769 humile

183 1783 334 1817 dicendi
359 1794 481 1829 genus
524 1783 704 1825 (Quintil.
731 1784 770 1824 8,
796 1783 829 1823 5,
855 1784 923 1815 32:

183 1831 282 1863 Huic
324 1832 541 1871 quibusdam
581 1831 810 1863 contrarium
849 1831 923 1862 stu-

183 1879 303 1919 dium,
343 1879 407 1918 qui
437 1879 585 1919 suffiunt
611 1885 655 1910 ac
679 1877 923 1917 reformidant

184 1933 325 1957 omnem
342 1926 381 1957 in
398 1925 549 1958 dicendo
565 1925 802 1965 voluptatem,
831 1923 924 1955 nihil

179 1974 379 2013 probantes
416 1973 487 2004 m'si
521 1972 680 2013 planum
718 1973 750 2003 et
787 1970 923 2003 humile

185 2023 217 2052 et
243 2021 320 2052 sine
345 2021 489 2053 conatu.
508 2038 552 2043 -
577 2021 650 2060 Ita,
675 2019 762 2051 dum
786 2019 923 2059 timent,

183 2075 228 2099 ne
266 2068 468 2107 aliquando
502 2067 654 2108 cadam,
691 2073 832 2106 semper
866 2065 923 2098 ia-

185 2117 273 2148 cem.
323 2114 417 2158 Epp.
459 2115 704 2155 2‚1,250:
742 2120 924 2145 sermones

183 2163 350 2203 repentes
380 2170 448 2202 per
484 2160 660 2204 humum.)
700 2159 836 2193 Graeci
875 2159 924 2193 si-

183 2209 323 2243 militer
348 2206 392 2241 τὸ
418 2210 666 2251 χαμαιτυπές,
692 2208 925 2249 χαμαιπετές

185 2260 330 2290 vocant.
368 2274 417 2280 —
456 2256 569 2299 tutus]
619 2255 680 2289 Sic
729 2250 923 2297 ἀσφαλής.

183 2303 290 2338 Plato
310 2303 422 2347 Soph.
440 2314 475 2347 p.
495 2305 575 2337 231.
593 2302 655 2343 A.,
680 2313 750 2347 pro
777 2302 921 2336 cauto-‘⁴

186 2370 227 2374 —
256 2352 476 2391 timidusque
522 2349 733 2392 procellae]
783 2348 922 2382 Eadem

184 2399 405 2442 metaphora
439 2397 507 2431 Od.
535 2399 576 2439 2,
604 2400 667 2439 10,
695 2400 737 2430 1:
775 2397 923 2429 Rectius

182 2447 297 2488 vives,
322 2446 459 2487 Licini,
493 2454 609 2485 neque
635 2445 752 2477 altum
775 2445 923 2485 semper

183 2494 348 2535 uraendo
374 2500 500 2534 neque,
526 2493 613 2525 dum
626 2492 812 2533 procellas
831 2492 923 2524 Cau-

184 2543 241 2574 tus
282 2541 476 2581 horrescis,
527 2540 679 2572 nimium
726 2539 921 2580 premendo

183 2589 285 2621 Litus
321 2589 500 2628 iniquum.
555 2586 610 2620 De
652 2586 818 2631 genitivo
856 2585 922 2618 cfr.

185 2634 291 2668 Ovid.
326 2634 474 2669 Metam.
508 2635 549 2676 5,
577 2635 670 2667 100:
708 2634 923 2673 timidusque

184 2683 346 2716 deorum.
367 2701 409 2706 —-
430 2683 502 2723 Qui
526 2682 676 2714 variare
701 2679 786 2722 cet.]
828 2679 922 2722 „Qui

184 2740 311 2764 amore
343 2729 520 2765 novitatis
546 2729 692 2762 variare
724 2737 923 2772 argumen-

975 981 1053 1011 tum
1079 978 1186 1022 cupit
1218 979 1354 1022 partim
1385 978 1524 1013 fabulis
1554 989 1711 1024 prorsus

974 1024 1113 1069 ineptis
1139 1028 1252 1070 atque
1283 1026 1593 1068 incredibilibus,
1625 1037 1713 1071 par-

973 1072 1039 1105 tim
1076 1072 1306 1120 imaginibus
1342 1073 1456 1107 nimis
1493 1073 1712 1116 audacibus,

973 1129 1016 1153 eo
1044 1118 1216 1162 devenit,
1253 1122 1296 1153 ut
1319 1122 1600 1154 monstruosum
1626 1131 1710 1154 eva-

973 1166 1035 1200 dat
1060 1167 1227 1211 poema.“
1276 1168 1429 1201 Vastan
1453 1170 1591 1208 autem,
1624 1178 1711 1200 :toc-

972 1213 1126 1254 κίλλειν,
1160 1217 1218 1248 est
1249 1213 1419 1257 efficere,
1456 1216 1501 1248 ut
1521 1223 1601 1248 una
1633 1215 1710 1257 (ea-

973 1261 1078 1303 dem)
1112 1270 1172 1294 res
1197 1261 1280 1295 sine
1306 1261 1532 1296 necessitate
1557 1271 1602 1295 ac
1627 1261 1710 1295 siue

973 1308 1126 1342 lectoris
1146 1308 1398 1342 oblectatione
1422 1309 1602 1352 praebeat
1625 1308 1712 1353 plu-

973 1366 1034 1390 res
1076 1355 1296 1400 adspectus3
1346 1355 1388 1389 in
1433 1355 1536 1400 quod
1577 1355 1710 1389 vitium

973 1402 1073 1436 haud
1128 1413 1215 1437 raro
1272 1402 1492 1436 inciderunt
1539 1401 1711 1446 Ovidius,

975 1449 1117 1484 Seneca
1157 1449 1344 1495 tragicus,
1390 1450 1588 1493 Lucanus,
1631 1450 1712 1484 Sta-

931 1518 935 1520 v
974 1497 1061 1539 tius,
1088 1498 1151 1542 qui
1177 1497 1333 1531 eandem
1360 1498 1583 1531 sententiam
1610 1507 1711 1532 com·
1736 1540 1740 1544 Α

972 1545 1147 1589 pluribus
1183 1545 1304 1579 modis
1338 1544 1555 1589 exprimunt
1577 1545 1711 1579 variis-

974 1603 1049 1634 que
1075 1592 1321 1637 imaginibus,
1355 1602 1513 1636 operoae
1545 1591 1711 1636 plerum-

974 1650 1046 1683 que
1085 1640 1285 1684 quaesitis,
1323 1649 1508 1673 exornare
1545 1639 1711 1681 student,

973 1697 1048 1731 quo
1099 1687 1247 1721 scilicet
1295 1697 1424 1720 omnes
1468 1685 1533 1730 qui
1581 1686 1711 1730 legant

971 1737 1169 1777 poetarum
1218 1734 1414 1779 ingenium
1463 1732 1708 1774 admirentur,

972 1781 1084 1814 immo
1135 1783 1322 1824 stupeant.
1373 1799 1416 1803 -
1466 1779 1709 1822 Delphinum]

972 1827 1039 1861 Est
1079 1827 1184 1861 velut
1223 1827 1475 1871 proverbium.
1538 1825 1607 1860 Ion
1649 1837 1709 1882 ap.

971 1874 1068 1907 Plut.
1110 1874 1303 1908 Demosth.
1346 1875 1394 1906 3:
1443 1871 1622 1915 δελφῖνος
1667 1873 1709 1906 ἐν

972 1923 1040 1969 χέρ
1042 1933 1099 1954 σω
1123 1920 1202 1961 βία.
1226 1920 1388 1954 Rufinus
1412 1920 1566 1955 Anthol.
1590 1920 1708 1954 Palat.

971 1968 999 2001 Ι.
1025 1980 1108 2014 pag.
1137 1971 1204 2003 89:
1241 1964 1440 2011 Βοσκήσει
1471 1966 1654 2008 δελφῖνας
1683 1964 1709 2001 ὁ

971 2012 1231 2071 δενδροκόμης
1252 2012 1491 2071 Ἐρύμανθος
1527 2014 1602 2048 Καὶ
1639 2024 1711 2048 ,το-

972 2061 1056 2096 λιὸν
1090 2060 1233 2096 τόντου
1265 2063 1370 2106 κῦμα
1393 2059 1494 2104 θοὰς
1529 2058 1710 2104 ἐλάφους.

973 2113 1090 2144 -In
1114 2112 1242 2144 vilium
1266 2110 1350 2153 cet.]
1385 2109 1489 2152 „Qui
1514 2109 1606 2143 vit-ia
1630 2111 1711 2143 stu-

950 2157 1078 2192 -diose
1102 2159 1213 2200 vitat,
1247 2168 1292 2191 eo
1323 2157 1406 2201 ipso
1432 2156 1589 2191 vitiosus
1614 2156 1711 2190 solet

972 2205 1074 2248 fieri,
1113 2205 1144 2240 si
1170 2205 1336 2249 propriis
1360 2204 1564 2238 virtutibus
1588 2203 1710 2248 poeti-

974 2253 1028 2287 cis
1054 2253 1190 2287 caret.“

1020 2349 1064 2381 32
1079 2366 1122 2370 —-
1138 2348 1193 2380 37.
1222 2346 1420 2379 Aemilium
1444 2347 1543 2379 circa
1569 2344 1709 2388 ludum]

971 2395 1039 2429 Est
1064 2394 1175 2428 ludus
1199 2393 1451 2438 gladiatorius
1475 2393 1523 2427 ab
1546 2391 1708 2426 Aemilio

971 2441 1114 2486 Lepido
1154 2441 1399 2483 constitutus,
1439 2439 1569 2484 „quod
1605 2449 1710 2473 nunc

972 2489 1156 2534 Polycleti
1197 2488 1374 2522 balneum
1417 2489 1485 2521 est.
1491 2487 1508 2505 ‘⁴
1558 2486 1707 2520 Pomm.

973 2536 1153 2579 -saberJ
1178 2535 1361 2569 aerarius.
1380 2553 1423 2558 -—
1442 2533 1552 2576 unus]
1579 2543 1709 2578 „prae-

973 2587 1029 2618 ter
1047 2583 1227 2648 ceter“0s‚“
1257 2581 1413 2625 „melius
1431 2591 1545 2625 quam
1565 2580 1707 2624 reliqui

971 2631 1158 2673 omnes,“
1202 2631 1245 2663 ut
1279 2627 1530 2672 Damasippus
1567 2626 1642 2661 Sat.
1674 2628 1707 2670 2,

973 2680 1015 2721 3,
1049 2680 1117 2712 24:
1153 2678 1290 2710 Hortos
1324 2676 1561 2717 eurania-sque
1584 2675 1708 2708 aomos

971 2726 1171 2759 mercarier
1193 2731 1306 2757 unus
1326 2724 1414 2757 Cum
1439 2722 1542 2756 lucro
1566 2728 1707 2755 noram
