1786 2912
135 123 193 164 42

635 121 843 156 HORATII
868 120 1152 156 SATIRARUM

254 222 365 266 Nam
395 223 477 264 fuit
508 226 608 265 ante
638 222 852 266 Helenam
883 236 1048 265 cunnus
1078 223 1326 265 taeterrima
1354 211 1458 266 belli

257 293 417 348 Causa,
450 293 528 336 sed
557 294 716 349 ignotis
746 294 969 349 perierunt
999 293 1208 335 mortibus
1239 294 1322 347 illi,

257 364 374 413 Quos
405 379 607 407 venerem
638 365 847 406 incertam
876 364 1094 420 rapientes
1125 378 1244 407 more
1274 363 1461 407 ferarum

255 435 431 477 Viribus
464 435 618 478 editior
649 435 875 488 caedebat,
908 438 956 476 ut
986 435 1032 476 in
1062 449 1195 491 grege
1225 439 1388 478 taurus.

1574 435 1657 476 110

249 507 365 562 Iura,
384 507 560 549 inventa
589 509 707 548 metu
736 506 885 565 iniusti
917 505 1079 548 fateare
1110 520 1288 549 necesse
1320 510 1406 560 est,

259 577 474 633 Tempora
505 577 542 618 si
574 569 802 633 fastosque
824 576 931 619 *fclis
965 577 1163 620 evolvere
1195 577 1356 619 mundi.
1393 566 1395 568 ¹

256 648 347 690 Nec
378 652 532 690 natura
561 652 705 704 potest
736 648 849 689 iusto
882 662 1106 690 secernere
1137 648 1352 704 iniquum,

255 718 423 761 Dividit
454 723 502 760 ut
531 719 645 761 bona
675 718 877 772 diversis,
910 718 1115 775 fugienda
1144 718 1367 775 petendis3

256 789 347 832 Nec
377 790 520 832 vincet
540 791 649 832 ratio
671 790 765 843 hoc,
798 789 1051 832 tantundem
1070 793 1119 831 ut
1150 794 1299 846 peccet
1328 789 1542 846 idemque,
1568 788 1660 830 1115

259 860 343 908 Qui
374 866 545 903 teneros
579 861 720 903 caules
754 860 882 903 alieni
915 860 1092 916 fregerit
1122 861 1255 914 horti,

256 929 316 973 Et
348 932 420 987 qui
450 935 681 973 nocturnus
714 946 835 974 sacra
865 930 1011 973 divum
1041 932 1209 987 legerit.
1257 931 1384 973 Adsit

259 1002 446 1058 Regula,
478 1003 666 1059 peccatis
700 1017 810 1058 quae
841 1017 1002 1058 poenas
1034 1003 1195 1059 irroget
1226 1016 1405 1059 aequae,

140 1133 193 1165 ita
241 1141 425 1166 sermones
473 1134 571 1166 inter
619 1142 657 1166 se
704 1141 878 1174 procrea-

139 1182 282 1212 verunt.

190 1228 359 1260 107-110.
385 1228 482 1261 Nam
498 1228 569 1268 suit
598 1227 682 1270 cet.]
712 1226 878 1271 „Raptus

140 1273 313 1308 mulieris
332 1273 406 1307 fuit
423 1274 513 1308 belli
531 1284 645 1308 causa
662 1274 880 1308 foedissima

141 1324 255 1365 atque
293 1321 450 1366 indigna
487 1321 548 1355 vel
585 1323 672 1355 ante
711 1324 880 1365 tempora

143 1367 339 1402 Troiana.“
385 1368 453 1402 Od.
480 1371 513 1409 4,
541 1371 573 1411 9,
604 1371 665 1402 13:
692 1370 776 1403 Non
798 1370 880 1402 sola

141 1418 302 1457 comptos
328 1417 422 1449 arsit
441 1417 602 1449 adulteri
628 1418 879 1450 crines--He·

143 1463 221 1496 lene
238 1464 422 1496 Lacaena.
443 1482 485 1486 —-
505 1463 660 1505 cunnus]
686 1463 879 1506 plebeium

136 1512 179 1543 et
203 1510 396 1543 mimicum
428 1510 653 1544 vocabulum
679 1521 749 1554 pro
777 1521 879 1552 „mu-

141 1556 269 1590 liere-‘⁴
286 1576 329 1580 —
343 1557 491 1599 iunctis]
513 1556 603 1601 quia
620 1557 751 1591 nullus
768 1559 881 1600 poeta

143 1614 274 1638 eorum
307 1604 422 1638 fortia
453 1604 553 1638 facta
586 1603 802 1638 celebravit.
836 1623 878 1628 ——

142 1661 174 1684 v.
192 1652 373 1689 incertam
390 1651 590 1693 rapientes]
619 1662 779 1693 „venere
797 1651 879 1685 sine

143 1698 333 1732 connubio
369 1699 495 1733 stabili
532 1698 734 1732 libidinose
770 1700 880 1732 uten-

143 1746 233 1779 tes.“
261 1765 303 1769 —
332 1745 476 1788 editior]
505 1745 788 1787 „eminentior.“
817 1745 882 1779 Vi-

143 1792 253 1826 detur
295 1792 438 1826 dictum
481 1793 563 1826 sine
603 1793 774 1837 exemplo
812 1803 880 1838 pro

147 1841 379 1884 „superiore.
385 1841 401 1858 “

194 1889 481 1921 111-119.1ura
497 1888 646 1920 inventa
671 1890 769 1920 metu
795 1887 880 1930 cet.]

145 1933 285 1968 Contra
303 1934 419 1968 Stoici
437 1931 480 1967 τὸ
505 1930 657 1967 δίκαιόν
681 1945 781 1976 φασι
806 1931 882 1975 φύ-

144 1992 204 2014 σει
230 1980 329 2014 εἶναι
355 1983 417 2014 καὶ
444 1979 498 2024 μή
527 1981 615 2014 θὲῑσ
612 1993 644 2014 ι.
672 1981 774 2015 Stob.
801 1982 880 2016 Ecl.

144 2028 258 2073 Phys.
284 2031 317 2071 2,
345 2031 376 2062 7.
403 2040 438 2073 p.
468 2031 546 2062 184.
564 2028 609 2062 Η.
628 2029 684 2062 Ex
710 2029 883 2063 doctrina

144 2086 232 2110 vero
253 2075 514 2120 Sophistarum
531 2076 765 2120 Epicurique
784 2076 882 2110 nihil

145 2123 287 2157 iustum
302 2126 367 2157 aut
380 2124 563 2157 iniustum
580 2127 636 2157 est
649 2127 796 2165 natura,
816 2124 881 2157 sed

146 2170 295 2215 legibus
322 2182 365 2204 ac
390 2171 585 2214 moribus;
616 2174 748 2204 contra
773 2175 883 2204 natu-

144 2218 223 2251 rale
258 2222 315 2251 est
347 2218 553 2252 discrimen
587 2218 687 2252 inter
722 2217 821 2252 bona
847 2222 883 2252 et

145 2265 256 2306 mala,
275 2268 312 2298 et
331 2269 464 2309 suopte
482 2266 665 2300 instinctu
684 2266 795 2299 homo
815 2265 882 2298 du-

146 2311 244 2345 citur
271 2312 317 2345 ad
343 2312 410 2345 illa
441 2312 672 2356 appetenda,
705 2313 799 2346 haec
825 2313 882 2346 fu-

145 2358 294 2404 gienda.
324 2378 365 2382 —
394 2361 572 2401 Tempora
608 2359 692 2401 cet.]
730 2359 791 2401 „Si
825 2360 882 2393 hi-

147 2406 284 2440 storiae
324 2417 393 2449 ope
432 2418 453 2440 a
489 2406 682 2450 praesenti
717 2410 882 2451 tempore

146 2453 240 2488 velis
267 2453 392 2486 redire
427 2453 473 2487 ad
499 2454 657 2497 primam
683 2453 780 2487 iuris
808 2455 882 2488 ori-

147 2500 271 2546 ginem
300 2511 458 2544 eamque
486 2501 709 2544 explicare.“
738 2520 780 2524 —-
810 2503 883 2535 Nec

147 2550 287 2581 natura
306 2547 390 2590 cet.]
418 2547 522 2590 „Non
542 2547 594 2581 ita
610 2558 678 2591 per
697 2551 882 2591 naturam,

148 2594 240 2639 quid
266 2594 405 2628 iustum
432 2595 481 2628 sit
505 2597 571 2628 aut
595 2594 799 2637 iniustum,
825 2596 882 2628 in-

147 2641 319 2686 telligere
353 2651 574 2686 possumus,
609 2641 796 2686 quomodo
828 2643 884 2675 in-

149 2688 344 2734 telligitur,
372 2689 462 2734 quid
480 2688 574 2723 utile
600 2692 664 2722 aut
681 2689 817 2722 inutile
837 2690 885 2723 sit

927 1135 992 1166 aut
1011 1135 1192 1177 quantum
1206 1133 1346 1166 malum
1364 1131 1479 1165 distet
1495 1141 1517 1165 a
1528 1130 1662 1165 bono.“

927 1179 1022 1213 Aen.
1050 1199 1093 1203 —
1119 1181 1258 1213 Dividit
1291 1181 1332 1213 at
1365 1181 1462 1212 bona
1487 1177 1662 1221 dwersis]

930 1227 1267 1271 „quemadmodum
1301 1226 1402 1261 bona
1426 1225 1666 1260 discriminat

928 1285 950 1308 a
974 1274 1104 1316 malis,
1138 1274 1249 1308 utilia
1279 1284 1302 1308 a
1334 1273 1492 1307 noxiis“
1521 1291 1564 1296 -
1591 1274 1666 1307 Nee

927 1322 1043 1355 vincet
1076 1323 1175 1355 ratio
1209 1320 1295 1364 hoc]
1330 1318 1419 1354 ουδὲ
1451 1315 1608 1367 αἱρήσει
1640 1315 1663 1352 ὁ

929 1365 1055 1412 ὶόγος.
1107 1368 1331 1413 „Nunquam
1365 1366 1577 1402 Stoicorum
1607 1377 1668 1400 ra-

930 1415 982 1449 tio
1008 1417 1078 1450 hoc
1096 1416 1256 1458 evincet,
1277 1415 1435 1449 firmiter
1453 1414 1565 1448 nobis
1581 1424 1667 1458 per-

930 1463 1123 1505 suadebit,
1156 1474 1289 1497 verum
1323 1473 1406 1497 esse
1431 1461 1534 1496 istud
1558 1471 1667 1506 prae-

930 1513 1091 1554 ceptum.
1098 1512 1114 1528 “
1150 1510 1211 1544 Sic
1236 1510 1277 1543 in
1302 1520 1417 1554 prosa
1441 1520 1496 1542 or.
1520 1510 1666 1543 vincere

930 1565 1090 1598 causam,
1112 1558 1221 1590 litem.
1238 1576 1280 1580 -—
1296 1557 1514 1590 tantundem
1526 1558 1567 1589 ut
1581 1564 1666 1597 pec-

930 1606 983 1636 cet
1005 1604 1090 1646 cet.]
1109 1603 1180 1638 Hic
1200 1614 1352 1657 quoque
1365 1602 1525 1659 Epicuri
1536 1603 1664 1657 sequi-

929 1652 990 1684 tur
1025 1650 1235 1685 doctrinam
1265 1647 1526 1697 αμαρτήματα
1549 1645 1667 1684 ἄνισα

930 1695 1040 1738 εἶναι,
1065 1697 1175 1743 Diog.
1201 1698 1327 1732 Laert.
1355 1700 1411 1741 10,
1438 1699 1516 1732 120.
1560 1696 1668 1732 Οοιιι-

930 1748 1064 1788 parant
1096 1745 1195 1779 Plut.
1235 1744 1309 1779 Sol.
1349 1746 1404 1779 17.
1438 1744 1485 1779 de
1517 1744 1667 1800 legibus

929 1792 1136 1826 Draconis:
1162 1794 1235 1835 μία
1259 1791 1396 1846 ὀλίγον
1419 1791 1496 1825 δεῖν
1519 1787 1667 1825 ἅπασιν

930 1834 1072 1893 ὡριστο
1114 1844 1196 1881 τοῖς
1241 1836 1512 1895 ἁμαρτάνουσι
1545 1840 1669 1897 ζημία

931 1883 1118 1928 θάνατος,
1160 1882 1260 1920 ὥστε
1300 1888 1366 1920 καὶ
1403 1884 1492 1929 τούς
1531 1884 1668 1942 ἀργίας

920 1931 1096 1976 1ἁλόντας
1150 1931 1439 1991 ἀποθνήσκειν
1463 1935 1530 1967 καὶ
1578 1931 1670 1976 τούς

930 1978 1081 2022 λάχανα
1089 1981 1159 2015 κλέ
1157 1989 1191 2022 ψ
1193 1992 1311 2024 αντας
1320 1977 1347 2026 ἦ
1356 1977 1514 2036 ὀπωραν
1521 1978 1670 2025 ὁμοίως

926 2026 1162 2071 κολάζεσθαι
1187 2033 1266 2071 τοῖς
1284 2025 1500 2076 ἱεροσύλοις
1517 2029 1582 2061 καὶ
1598 2039 1668 2061 αν-

931 2073 1152 2121 ὁροφόνοις.
1186 2096 1229 2100 -
1265 2075 1409 2119 caules]
1449 2075 1666 2115 brassicam.

934 2126 1143 2166 „Franqere
1178 2125 1283 2166 flores
1317 2134 1394 2157 non
1427 2123 1581 2157 memini
1615 2122 1667 2157 le-

931 2171 1254 2216 gisse.“BEN'1·L.
1280 2170 1396 2205 Recte
1422 2172 1546 2205 tamen
1574 2169 1669 2204 dioi-

931 2222 993 2252 tur
1019 2219 1065 2253 de
1092 2220 1276 2260 caulibus,
1311 2221 1353 2252 ut
1377 2217 1423 2252 de
1449 2217 1604 2252 calamis
1629 2219 1668 2252 et

933 2266 1077 2299 cannis.
1104 2285 1149 2289 —
1178 2274 1289 2299 sacra
1306 2284 1321 2291 -
1341 2264 1491 2308 lecerit]
1525 2264 1667 2298 dictum

932 2317 974 2347 ut
1014 2314 1228 2354 sacrilequs.
1294 2311 1467 2346 Lucilius
1515 2313 1579 2354 28,
1620 2313 1667 2344 5:

934 2362 1067 2393 Omnia
1099 2361 1246 2393 viscatis
1279 2360 1447 2393 manibus
1484 2359 1586 2400 leuet.
1623 2377 1666 2382 —

931 2409 1071 2441 scutica
1089 2417 1110 2440 a
1128 2405 1278 2447 σκῦτος,
1298 2406 1455 2447 corium,
1475 2407 1512 2439 et
1528 2407 1667 2448 serula,

933 2454 1073 2499 quibus
1098 2453 1356 2498 puniebantur
1373 2452 1484 2498 pueri
1511 2451 1600 2495 (vid.
1619 2452 1666 2487 ad

931 2501 1024 2546 Epp.
1060 2503 1100 2543 2,
1135 2504 1174 2542 1,
1211 2502 1302 2543 70.)‚
1343 2511 1376 2545 a.¹
1401 2499 1573 2534 Martiale
1613 2500 1667 2542 10,

933 2551 990 2591 62,
1018 2550 1072 2582 10.
1106 2547 1286 2582 dicuntur
1315 2549 1460 2589 sceptra
1482 2548 1668 2588 paedaao-

933 2604 1074 2637 90rum.
1092 2595 1215 2629 Etiam
1230 2594 1327 2629 servi
1341 2596 1490 2636 scutica,
1509 2594 1667 2636 habena,

936 2644 1022 2675 loris
1055 2646 1211 2687 propter
1245 2642 1390 2676 leviora
1422 2641 1580 2683 delicta,
1619 2639 1667 2674 ob

933 2689 1108 2734 graviora
1133 2690 1282 2731 [lavello
1315 2699 1399 2723 cum
1424 2688 1568 2723 aculeis
1592 2687 1669 2722 fer-
