1786 2912
111 136 193 176 116

223 235 371 278 Verba
400 236 504 279 foris
534 238 679 291 malis,
713 237 920 280 Canusini
952 253 1070 282 more
1101 239 1338 296 bilinguis?

605 137 814 172 HORATII
839 138 1125 173 SATIRARUM

1573 242 1631 284 30

224 307 369 363 Atque
401 322 481 364 ego
514 323 610 351 cum
643 309 831 351 Graecos
862 308 1048 352 facerem
1079 314 1206 352 natus
1237 325 1355 354 mare
1388 312 1496 354 citra

226 378 491 439 ⁴Versiculos,
523 381 661 422 vetuit
690 394 760 422 me
790 380 867 422 tali
898 394 1003 423 voce
1037 380 1262 436 Quirinus,

225 449 332 492 Post
361 451 546 493 mediam
577 452 749 493 noctem
779 451 916 505 visus,
951 466 1047 494 cum
1078 453 1244 495 somnia
1273 468 1400 496 vera:

226 520 274 562 In
306 521 456 565 silvam
488 536 574 563 non
604 522 723 578 ligna
753 521 866 564 feras
899 523 1092 564 insanius
1125 538 1174 566 ac
1206 524 1243 566 si

224 591 402 647 Magnas
437 592 698 635 Graecorum
729 593 854 635 malis
886 594 1065 649 implere
1098 598 1305 637 catervas.

1571 596 1628 637 35

225 660 441 719 Turgidus
472 662 657 720 Alpinus
689 664 856 720 iugulat
887 664 987 706 dum
1017 664 1268 720 Memnona,
1301 665 1488 722 dumque

201 799 257 831 31.
283 799 398 839 Atque
422 798 548 842 bSe,tJ
559 810 568 832 ε
592 801 703 840 Atqui
728 799 789 844 dp,
821 799 934 833 Codd.
961 800 1144 843 Pottierii,
1170 799 1245 844 Lo,
1269 801 1476 843 Bentleius,
1501 801 1579 836 ΕΜ.

108 908 175 942 Ο(1.
203 912 236 951 3,
263 911 319 944 21.
347 929 389 934 —-
419 911 843 954 Canusini--bilinquisJ

106 956 273 1000 Canusii,
295 958 455 1002 Apuliae
475 958 625 1003 oppido,
653 962 689 992 et
707 958 842 993 Graeci

107 1007 145 1037 et
163 1003 251 1038 Osci
279 1005 501 1039 habitabant
527 1008 564 1039 et
581 1009 744 1050 utroque
764 1017 841 1040 ser—

104 1062 235 1095 mone,
274 1051 419 1087 Gr'aeco
457 1056 569 1098 atque
604 1053 722 1096 Osco,
760 1056 841 1087 ute-

104 1098 253 1133 bantur.
319 1099 381 1133 Sic
438 1101 616 1141 bilinques
665 1103 840 1135 Brutales

105 1145 304 1191 (Bruttios)
331 1149 485 1191 propter
504 1148 662 1182 eandem
688 1158 839 1182 causam

105 1193 279 1228 dixerant
320 1197 357 1228 et
393 1195 542 1229 Ennius
581 1197 618 1230 et
653 1195 839 1230 Lucilius.

105 1240 213 1275 Conf.
241 1241 314 1276 Sat.
344 1245 375 1284 1,
401 1243 434 1282 5,
461 1244 516 1276 91.

153 1290 272 1322 31-35.
305 1289 441 1333 Atque]
469 1289 531 1323 Sic
562 1290 635 1323 mei
670 1289 839 1332 Codices,

103 1335 249 1370 Veneta
268 1338 371 1370 1481.
390 1339 427 1370 et
441 1336 603 1371 Aldinae
621 1339 735 1379 recte,
755 1348 840 1371 oum

103 1382 338 1417 adversativa
371 1384 474 1418 notio
509 1384 570 1418 hic
604 1385 728 1418 locum
762 1395 838 1419 11011

103 1430 251 1464 habeat.
303 1431 441 1473 „Addit
466 1431 564 1465 enim
591 1433 703 1475 poeta
729 1443 839 1466 suum

103 1478 315 1522 exemplum
340 1479 499 1522 reliquis
526 1479 679 1512 simile.“
723 1479 838 1513 HAND

105 1524 215 1559 Turs.
250 1524 279 1558 Ι.
313 1537 349 1570 p.
385 1527 467 1559 476.
500 1526 695 1559 Wieland:
738 1528 839 1560 Auch

102 1573 173 1605 ‘mir
230 1573 312 1605 kam
360 1574 511 1606 Eiumal
565 1575 630 1606 der
682 1575 837 1616 Einsall,

103 1621 320 1660 oriechische
373 1621 550 1653 Verschen
596 1622 749 1654 macheu
794 1630 838 1653 :u

102 1668 242 1700 wellen.
291 1667 427 1701 Nescio
466 1678 542 1712 qua
577 1667 838 1712 gloriola.du-

103 1717 186 1748 ctus
211 1714 403 1757 Horatius,
428 1725 514 1748 cum
538 1714 698 1748 Athenis
724 1714 836 1760 dege-

103 1765 173 1804 ret,
199 1762 408 1796 versiculos
427 1762 591 1796 Graecos
611 1772 836 1806 componere

103 1811 260 1843 conatus
303 1820 385 1843 esse
432 1809 604 1852 videtur,
655 1809 719 1843 sed
762 1810 836 1844 cito

102 1857 228 1899 inane,
255 1857 366 1890 immo
391 1867 550 1901 pravum
569 1856 770 1890 consilium
795 1858 835 1891 in

100 1907 327 1948 perpetuum
362 1904 556 1938 abiecisse.
583 1923 627 1927 —
653 1912 756 1937 mare
788 1906 836 1937 ci-

101 1951 176 1994 tra]
203 1952 241 1984 in
267 1951 386 1985 Italia.
414 1951 488 1985 Vix
512 1951 606 1985 alibi
625 1953 717 1984 citra
733 1955 835 1996 post-

100 1998 257 2043 ponitur
292 2009 360 2033 suo
398 1998 553 2032 nomini.
605 1998 679 2032 cfr.
712 1999 834 2033 Hand.

102 2046 210 2080 Turs.
235 2045 283 2080 II.
310 2057 345 2091 p
372 2048 428 2079 81.
448 2065 491 2070 -
513 2046 701 2088 Quirinus]
727 2046 833 2080 Conf.

102 2092 168 2126 Od.
197 2095 235 2135 3,
263 2095 294 2136 3,
324 2095 378 2127 15.
406 2113 449 2117 -
477 2095 563 2127 Post
589 2095 746 2127 mediam
770 2103 834 2127 no-

101 2144 191 2174 clem
217 2141 306 2183 cet.]
332 2141 508 2175 Moschus
535 2143 575 2183 2,
602 2143 642 2174 2:
666 2139 835 2184 ,Νυκτὸς

99 2183 165 2220 ὅτε
171 2190 377 2243 τρίτατον
375 2185 494 2230 λάχος
517 2187 678 2227 ὶσταται,
701 2185 834 2233 ἐγγύθι

99 2234 131 2267 δ’
156 2230 421 2292 ν](«1’ς,--Εῧτε
447 2237 511 2269 καὶ
533 2233 722 2283 ἀτρεκέων
748 2247 835 2269 ποι-

100 2284 312 2325 μαίνεται
303 2279 416 2325 ’ἔθνος
440 2281 611 2330 ὀνείρων.
637 2303 680 2306 -
707 2285 747 2317 i‘n
769 2285 832 2317 sil-

99 2339 184 2363 vam
209 2330 300 2372 cet.]
328 2330 457 2364 Simile
481 2330 723 2384 proverbium
749 2331 834 2365 illo-

99 2388 201 2411 rum:
227 2376 364 2410 Γλαῦκ’
388 2378 427 2419 ἐς
442 2375 609 2421 Αθήνας,
634 2377 757 2420 Ιχθῡς
781 2379 834 2420 εἰς

96 2421 389 2468 Ἑλλήσποντον.
424 2425 658 2467 (Nostrates:
687 2427 832 2459 Wasser

100 2474 138 2504 in
169 2473 240 2506 den
271 2473 335 2506 See
362 2483 393 2506 s.
423 2473 463 2504 in
495 2473 566 2506 den
589 2474 706 2505 Rheiu
739 2484 767 2507 s.
794 2475 833 2506 in

99 2521 165 2552 das
189 2521 292 2554 Meer
318 2519 500 2562 lraaen.“)
522 2539 562 2543 -—
582 2521 749 2553 insanius
775 2521 832 2564 ac]

99 2566 184 2600 Vid.
211 2567 258 2601 ad
283 2566 360 2601 Sat.
385 2569 416 2608 1,
443 2568 475 2608 6,
504 2569 582 2600 130.
602 2586 643 2591 —
663 2568 830 2610 implere]

102 2613 162 2655 „Si
197 2615 305 2648 malis
339 2624 476 2659 augere
513 2614 831 2648 innumerabilem

101 2660 331 2695 Graecorum
344 2663 540 2706 poetarum
553 2661 701 2695 turbam
716 2663 831 2696 inter-

100 2719 174 2752 que
208 2709 275 2743 hos
302 2711 336 2743 te
370 2708 567 2743 intrudens
601 2719 681 2743 eam
713 2710 830 2743 refer-

894 911 991 955 cire,
1033 915 1222 957 tamquam
1264 913 1407 948 nemini
1449 914 1512 948 alii
1551 914 1626 949 iam

893 959 999 993 Iocus
1025 959 1174 994 futurus
1201 961 1283 994 sit.“

941 1008 997 1040 36.
1037 1008 1093 1040 37.
1131 1009 1312 1050 Turqidus
1349 1009 1502 1050 Alpinus
1540 1009 1627 1053 cet]

890 1053 1032 1098 Lepide
1059 1055 1113 1088 sic
1146 1058 1301 1089 vocatur
1325 1055 1374 1088 M.
1398 1056 1537 1090 Furius
1562 1056 1628 1089 Bi·-

891 1100 1047 1135 baculus
1067 1101 1343 1145 Cremonensis,
1361 1105 1474 1137 natus
1487 1113 1520 1137 a.
1538 1114 1576 1137 u.
1591 1114 1624 1138 c.

890 1149 982 1191 651„
1002 1149 1067 1192 qui
1086 1160 1118 1182 a.
1134 1160 1171 1182 u.
1187 1161 1216 1183 c.
1236 1151 1316 1184 723.
1333 1161 1454 1184 annos
1470 1149 1624 1184 LXXII.

889 1197 1130 1239 numerabat3
1168 1207 1255 1230 nam
1293 1197 1498 1231 etiamtunc
1536 1208 1624 1232 eum

889 1242 928 1275 in
954 1243 1050 1277 vivis
1074 1243 1192 1277 fuisse
1217 1244 1414 1288 probabile
1441 1247 1509 1278 est.
1535 1245 1622 1279 Tac.

887 1290 986 1323 Anu.
1013 1293 1052 1332 4,
1078 1293 1142 1324 34:
1186 1292 1359 1325 Carmina
1384 1293 1556 1326 Bibaculi
1589 1295 1623 1326 el

891 1338 1027 1370 Catulla¹
1058 1339 1201 1379 referta
1234 1341 1459 1372 comumeliis
1493 1341 1627 1373 Caesa-

888 1393 973 1417 rum
1007 1386 1190 1426 leguntur.
1239 1381 1442 1420 Praeterea
1474 1397 1624 1431 compo-

889 1434 1017 1465 suerat
1064 1432 1343 1477 Aethiopidem,
1391 1444 1437 1468 ex
1479 1433 1624 1469 Graeca

887 1479 1047 1521 Arctini,
1072 1482 1115 1513 ut
1138 1480 1333 1523 probabile
1359 1483 1434 1524 est,
1461 1481 1624 1525 ductam,

888 1526 927 1558 in
955 1537 1031 1570 qua
1054 1526 1278 1570 Memnonis,
1305 1527 1457 1562 Tithoni
1484 1531 1522 1562 et
1544 1529 1623 1562 Au-

887 1584 996 1607 rorae
1033 1573 1121 1616 filii,
1163 1574 1210 1609 ab
1247 1553 1394 1608 Achille
1431 1576 1621 1610 interfecti

886 1621 1028 1663 primae
1064 1624 1171 1654 erant
1204 1624 1341 1665 partes.
1389 1621 1491 1656 Idem
1526 1632 1624 1669 πρα-

887 1669 1071 1710 γματείαν
1103 1668 1195 1701 belli
1230 1668 1364 1703 Gallici
1402 1680 1425 1703 a
1459 1670 1622 1704 Caesare

886 1715 982 1758 gesti
1015 1719 1295 1758 composuerat,
1332 1716 1373 1749 in
1413 1727 1486 1761 qua
1519 1718 1624 1763 lege-

885 1761 996 1796 batur
1021 1773 1152 1796 versus
1185 1763 1251 1796 ille
1285 1763 1490 1798 ridiculus:
1532 1766 1623 1806 Iup·

881 1810 979 1850 piter
1012 1811 1181 1843 hibernas
1214 1819 1310 1844 caua
1343 1812 1427 1844 m‘ve
1454 1813 1622 1853 conspuit

883 1857 990 1898 Alpes
1009 1856 1100 1899 (Sat.
1120 1858 1152 1899 2,
1171 1859 1204 1899 5,
1223 1858 1309 1900 41.,)
1333 1860 1488 1902 propter
1507 1869 1618 1903 quem

884 1903 1007 1947 ipsum
1033 1904 1166 1938 festive
1191 1883 1252 1939 l’1ic
1277 1907 1434 1940 vocatur
1450 1907 1617 1949 Alpinus,

884 1952 963 1983 der
987 1953 1338 1993 Alpendichler.
1382 1952 1488 1986 Conf.
1514 1952 1619 1987 Wei—

884 1999 988 2032 chert
1029 1999 1074 2032 de
1115 1999 1163 2033 M.
1199 1999 1316 2034 Furio
1352 1999 1534 2034 Bibaculo
1576 2000 1616 2033 111

883 2045 986 2079 Ροὲ1.
1012 2047 1093 2080 Lat.
1124 2058 1161 2091 p.
1187 2048 1243 2080 33.
1294 2046 1468 2081 Ceterum
1498 2047 1619 2091 probe

883 2094 1089 2127 notandum
1123 2096 1265 2128 certum
1298 2094 1370 2128 hoc
1407 2095 1618 2139 exemplum

883 2141 1047 2175 nominis
1073 2141 1171 2183 ficti,
1205 2152 1279 2186 quo
1313 2142 1423 2175 homo
1448 2144 1540 2175 tunc
1564 2142 1620 2175 vi-

883 2199 973 2222 vens
1022 2189 1262 2233 designetur:
1312 2189 1421 2223 cuius
1462 2189 1616 2234 generis

882 2246 999 2269 unum
1018 2238 1054 2270 et
1079 2237 1238 2270 alterum
1263 2236 1394 2270 itidem
1416 2236 1457 2269 in
1474 2237 1534 2270 his
1552 2235 1618 2270 Sa-

882 2283 965 2316 tiris
994 2294 1075 2317 esse
1100 2285 1242 2328 potest,
1275 2283 1328 2317 ita
1359 2286 1484 2317 tamen
1516 2293 1615 2317 com-

881 2334 1071 2373 paratum,
1108 2333 1150 2364 ut
1184 2330 1308 2374 quivis
1346 2330 1412 2364 illo
1447 2333 1617 2374 tempore

881 2377 990 2411 facile
1017 2380 1255 2423 agnosceret,
1289 2388 1400 2422 quem
1434 2379 1614 2415 notasset.

882 2426 958 2458 sive
998 2427 1286 2470 cognomentum
1325 2426 1406 2458 erat
1443 2425 1490 2458 ab
1528 2424 1614 2459 aliis

880 2472 953 2506 iam
972 2472 1166 2506 inventum
1184 2475 1296 2516 atque
1314 2472 1506 2514 usitatum,
1533 2472 1613 2505 sive

881 2519 927 2553 ab
946 2520 1101 2554 Horatio
1128 2520 1208 2564 ipso
1235 2519 1378 2552 homini
1404 2519 1530 2553 deriso
1556 2519 1613 2552 in-

881 2567 1011 2600 ditum.
1062 2567 1136 2601 Ofr.
1170 2566 1216 2600 ad
1244 2565 1317 2600 Sat.
1350 2568 1388 2607 1,
1416 2568 1458 2609 2,
1483 2567 1540 2599 25.
1566 2584 1611 2589 —-

880 2616 1025 2655 iuqulac
1059 2617 1146 2648 dum
1175 2613 1393 2656 Memnona]
1439 2613 1612 2657 ambigue

881 2661 1032 2695 dictum.
1100 2661 1222 2704 „Nam
1268 2661 1337 2694 sub
1386 2671 1431 2694 ea
1471 2660 1611 2704 specie,

881 2709 987 2753 quasi
1014 2709 1126 2752 dieat,
1151 2708 1239 2742 dum
1266 2707 1456 2750 describit,
1482 2717 1612 2751 quem-
