1774 2930
602 165 696 200 un.
719 165 749 200 1.
797 164 948 199 nrier.
972 164 1056 199 vn.
1083 202 1094 214 .

189 269 401 325 Repserat
428 269 475 310 in
505 281 719 310 cumeram
750 265 967 318 frumenti,
998 268 1206 322 pastaque
1235 277 1383 306 rursue

1495 164 1580 205 309

1524 264 1581 306 30

188 339 261 382 Ire·
286 338 399 382 foras
430 338 558 394 pleno
586 336 790 380 tendebat
819 350 995 392 corpore
1025 335 1206 389 fiimtra3

190 409 271 452 Cui
300 409 672 465 mustela‘procul,
703 407 750 449 Si
780 407 861 460 vis,
893 408 966 459 ait,
998 405 1188 463 effugere
1217 406 1357 458 istinc,

188 480 333 523 Macra
362 494 513 523 cavum
541 484 712 536 repetes
744 482 896 531 artum,
929 491 1057 534 quem
1085 491 1229 520 macra
1258 476 1426 518 subisti.

190 550 284 593 Hac
314 565 395 607 ego
426 551 462 592 si
494 550 723 606 compellor
753 549 953 604 imagine,
986 552 1139 590 cuncta
1167 547 1363 604 resigno,

188 621 279 664 Nec
307 635 503 664 somnum
533 621 671 676 plebis
699 619 826 662 laudo
857 624 975 662 satur
1005 619 1199 671 altilium,
1231 633 1310 661 nee

1525 618 1580 659 35

192 691 292 735 Otia
320 691 480 734 divitiis
512 692 702 733 Arabum
731 690 949 733 liberrima
979 695 1111 732 muto.

191 762 329 818 Saepe
359 762 645 805 verecundum
674 761 871 812 laudasti,
903 774 1063 815 rexque
1095 764 1302 816 paterque

190 833 360 875 Audisti
391 847 545 885 coram,
576 846 656 875 nec
685 831 815 874 verbo
846 831 1014 887 parcius
1046 831 1226 873 absens:

71 974 135 995 σιν
159 963 199 995 οἱ
220 961 351 996 Μῦθοι
384 960 485 1016 παρὰ
518 958 798 1015 τὸνυΑςῖσῳποιν·

71 1010 323 1057 --κορυφαία
338 1007 378 1042 δὲ
394 1019 462 1042 του
482 1019 602 1055 χορου
628 1020 652 1051 η
677 1007 800 1040 αλω-

72 1055 164 1100 πηξ
194 1055 574 1109 γέγραπται·’χρῆται
607 1053 678 1101 γάρ
703 1052 801 1101 αὐτῇ

0 1139 8 1147 Κ,
71 1100 96 1137 ὅ
120 1101 297 1146 Αἴσωπος
319 1102 485 1149 διακονῳ
518 1102 591 1135 τῶν
617 1101 802 1136 πλείστων

11 1159 21 1193 ἦ
71 1147 305 1191 ὖποθέσεων,
336 1145 465 1197 ὥσπερ
495 1147 520 1194 ἦ
545 1148 726 1195 κωμῳδία
751 1149 802 1195 τῷ

6 1195 18 1234 f.
70 1193 171 1244 Δάῳ.
197 1217 240 1222 -
265 1198 465 1241 cumeram]
489 1196 584 1231 Vide
609 1197 683 1231 Sat.
712 1200 742 1238 1,
770 1200 801 1239 1,

11 1248 14 1249 ⁷
72 1247 129 1279 53.
143 1265 186 1269 —
197 1245 343 1288 procul]
368 1245 413 1279 de
432 1244 565 1290 quovis
590 1243 801 1286 intervallo,

71 1292 184 1326 etiam
218 1292 364 1337 exiguo.
412 1291 515 1325 Idem
542 1302 633 1325 usus
659 1292 803 1325 obtinet

73 1336 114 1371 in
138 1348 195 1372 vv.
220 1347 356 1381 nuper,
390 1340 544 1379 dudum,
577 1339 801 1379 iamdudum,

74 1381 201 1418 πάλαι.
249 1385 325 1418 Cfr.
352 1384 427 1418 Sat.
453 1387 491 1427 2,
517 1387 550 1426 6,
578 1386 655 1418 105.
696 1384 802 1429 Virg.

72 1430 167 1466 Aen.
185 1433 242 1474 10,
259 1433 339 1465 835.
353 1450 396 1455 —
410 1440 539 1465 cavum
552 1449 567 1456 -
580 1431 698 1474 quem]
729 1431 802 1465 Sat.

74 1480 115 1521 2,
140 1481 182 1521 6,
209 1480 297 1513 116:
330 1487 510 1520 cavasque
535 1480 658 1511 Tutus.
707 1477 802 1512 Male

73 1525 140 1560 alii
166 1526 271 1566 quod.

121 1597 272 1630 34—36.
296 1596 515 1638 compenor]
542 1598 584 1629 ut
609 1596 683 1629 Sat
711 1597 744 1637 2,
769 1597 802 1637 3,

72 1643 154 1677 297.
180 1653 341 1688 „arguor
366 1646 403 1676 et
427 1643 534 1687 quasi
558 1643 744 1686 increper,
770 1643 800 1677 si

71 1689 120 1724 ad
135 1700 195 1724 me
210 1689 394 1734 applicari
409 1693 532 1734 potest
554 1690 647 1724 baec
668 1691 801 1731 imavo,

72 1736 112 1770 id
144 1739 219 1778 est,
252 1737 425 1771 fabella.“
475 1737 643 1770 Verbum
676 1740 800 1770 autem

72 1785 300 1826 conpellare,
333 1787 375 1817 ut
399 1785 599 1825 appellare,
636 1795 658 1817 a
682 1795 724 1817 re
750 1784 801 1817 fe-

72 1830 182 1864 nebri
205 1831 363 1874 petitum
388 1834 457 1873 est,
479 1833 646 1864 mannen.
688 1830 799 1865 Corn.

69 1875 163 1922 Nep.
188 1879 222 1919 7,
246 1880 285 1919 4,
311 1881 354 1911 1:
378 1879 461 1911 Hoc
485 1880 631 1911 crimine
655 1880 694 1910 in
718 1887 800 1911 con-

71 1925 168 1957 tione
216 1926 263 1958 ab
305 1926 461 1958 inimici-5
501 1926 799 1966 compellabatur.

73 1970 135 2004 Sic
175 1972 467 2012 compellationes
506 1972 670 2005 leniores
712 1975 801 2005 eunt

73 2017 355 2062 obiurgationes
396 2018 570 2052 Ciceroni
612 2019 658 2052 ad
699 2019 800 2052 Fam.

75 2065 132 2105 12,
156 2065 213 2105 25,
238 2067 271 2098 2.
295 2083 342 2087 -
364 2065 522 2106 retiano]
551 2065 648 2098 Vide
674 2065 742 2098 od.
769 2068 800 2107 3,

74 2110 132 2151 29,
156 2111 213 2143 54.
255 2109 413 2152 „Omnia
435 2111 583 2145 reddo.“
625 2111 706 2144 Hoc
732 2112 801 2156 igi-

74 2159 138 2190 tur
161 2156 275 2190 dicit:
310 2157 475 2199 „Quodsi
499 2169 540 2191 re
565 2169 654 2191 vera
677 2158 716 2190 in
743 2169 801 2192 me

74 2214 226 2248 quoque
251 2203 411 2248 quadrat
435 2204 555 2249 imago
581 2204 801 2248 volpeculae

73 2250 179 2284 illius
195 2250 325 2285 avidae
341 2254 452 2295 atque
468 2251 714 2293 inconsultae,
737 2262 802 2285 ne-

73 2307 149 2342 que
183 2297 294 2331 aliter
330 2298 539 2332 libertatem
576 2308 801 2342 recuperare

70 2355 225 2388 poenum
249 2344 325 2378 nisi
350 2345 542 2388 omnibus,
576 2356 670 2389 quae
703 2345 801 2379 dono

73 2391 212 2436 accepi,
237 2392 503 2432 renuntiando,
527 2392 599 2426 hoc
625 2393 723 2426 ultro
749 2393 803 2426 fa-

11 2437 27 2474 f'f
73 2439 188 2482 oiam3
214 2448 284 2472 nec
307 2440 378 2473 hoc
403 2439 515 2473 nimis
533 2439 686 2473 difficile
707 2439 800 2473 mihi

12 2490 35 2495 ‘⁴
73 2485 165 2527 erit3
201 2486 316 2519 nam“
356 2489 426 2520 cet.
458 2505 500 2510 ——-
532 2488 606 2520 Nec
636 2495 801 2520 somnum

73 2532 159 2575 eet]
184 2532 303 2575 „Nam
328 2543 404 2567 non
428 2524 506 2567 t'um
531 2533 691 2575 demum,
716 2544 800 2567 cum

74 2580 176 2612 natur
201 2590 283 2613 enm
308 2580 478 2624 glirium,
509 2581 698 2624 leporum,
724 2584 802 2614 tur-

73 2624 227 2668 dorum,
274 2629 507 2672 attagenum,
554 2628 647 2662 dicis
688 2639 802 2661 eausa

75 2670 229 2706 laudare
264 2674 366 2708 eoleo
403 2675 608 2719 simplicem
641 2675 802 2709 rustico-

77 2727 159 2750 rum
183 2719 310 2762 vitam,
346 2721 411 2754 sed
437 2721 582 2755 deliciis
607 2722 685 2756 illis
710 2733 801 2766 quo-

848 960 938 994 tidie
956 971 1084 994 carere
1109 970 1273 1004 possum,
1299 971 1493 1004 nunquam
1518 970 1582 994 eas

848 1007 1166 1042 desideraturus.“
1184 1027 1227 1031 —
1240 1007 1413 1050 altilium]
1436 1007 1582 1049 „avium

849 1054 984 1088 alendo
1020 1055 1309 1100 saginatarum.“
1375 1054 1510 1088 Athen.
1549 1057 1582 1096 9,

850 1104 913 1136 32:
939 1101 1054 1145 χῆνες
1071 1104 1247 1135 σιτευτοί.
1267 1121 1309 1125 -
1330 1102 1582 1135 Olia--liber-

850 1151 945 1182 rima
970 1149 1090 1192 mulo]
1115 1149 1244 1195 Longe
1270 1149 1445 1183 acerbius
1471 1149 1582 1183 etiam

850 1196 1032 1230 Areostus
1063 1197 1088 1229 l.
1115 1197 1137 1229 l.
1164 1196 1209 1230 de
1243 1196 1467 1241 Hippolyto,
1503 1196 1583 1230 fau-

851 1246 930 1277 tore
949 1254 1037 1277 suo:
1065 1245 1122 1276 Or
1147 1244 1448 1276 concludendo
1474 1245 1581 1285 dico,

851 1292 926 1323 che
951 1292 1032 1323 se'l
1055 1299 1184 1323 sacro
1208 1292 1452 1323 cardinale
1478 1299 1582 1323 com-

847 1340 989 1379 prato
1031 1339 1208 1371 avermi
1247 1339 1387 1370 slima
1423 1339 1508 1371 Con
1550 1339 1583 1370 li

850 1386 955 1416 suoi
986 1385 1114 1424 devii,
1151 1393 1239 1417 non
1271 1385 1330 1416 mi
1363 1383 1381 1416 ὲ
1415 1385 1583 1418 acerbo

853 1432 903 1464 ed
934 1439 1044 1465 acro
1074 1432 1321 1473 Renderli,
1363 1433 1403 1464 cl
1437 1434 1510 1464 tor
1538 1433 1582 1464 la

854 1475 1029 1511 liber-lei
1069 1479 1159 1511 mia
1197 1479 1363 1520 prima.
1419 1477 1581 1513 Omnino

853 1525 964 1559 nimis
983 1525 1088 1559 obliti
1114 1528 1202 1559 sunt
1226 1525 1451 1570 interpretes
1475 1536 1583 1570 prae-

852 1575 909 1605 ter
925 1571 1135 1606 Iaeobsium
1153 1572 1325 1616 plerique
1348 1573 1467 1606 multo
1491 1572 1583 1607 libe-

851 1619 987 1653 riorem
1020 1619 1135 1653 fuisse
1169 1619 1267 1664 apud
1304 1620 1410 1653 illius
1448 1620 1581 1654 aetatis

849 1665 1039 1700 Romanos
1065 1668 1178 1711 atque
1202 1666 1316 1700 Italos
1335 1666 1415 1706 Sec.
1432 1666 1521 1700 xlv
1536 1686 1580 1691 —

849 1712 949 1747 XVI.
966 1713 1147 1757 loquendi
1171 1713 1283 1747 etiam
1308 1724 1392 1747 cum
1418 1715 1580 1758 potenti-

848 1760 920 1794 bus
957 1761 1087 1794 amicis
1121 1761 1433 1809 consuetudinem
1467 1772 1581 1805 quam

849 1812 1014 1841 nostram
1039 1808 1213 1842 servilem
1239 1818 1283 1842 ac
1307 1808 1449 1842 falsam.
1466 1827 1507 1831 —
1526 1810 1581 1842 di-

847 1856 945 1887 vitiis
970 1855 1147 1898 Arabum]
1173 1854 1242 1888 od.
1263 1859 1293 1897 1,
1311 1857 1367 1897 29,
1387 1858 1426 1889 1:
1452 1857 1581 1888 beatis-

847 1903 1013 1935 Arabmn
1039 1904 1148 1944 gazis.
1198 1901 1267 1936 od.
1294 1904 1325 1943 3,
1352 1905 1414 1945 24,
1442 1905 1479 1936 1:
1518 1905 1581 1936 In-

850 1951 954 1982 tactis
971 1951 1176 1990 opulentior
1195 1951 1389 1983 Thesauri-s
1405 1951 1580 1983 Arabum.

897 2021 1016 2052 37·39.
1040 2020 1298 2062 verecundum]
1324 2019 1399 2053 Cic.
1417 2020 1579 2065 Philipp.

851 2067 906 2107 12,
931 2067 965 2107 5,
992 2068 1057 2099 11;
1092 2066 1431 2100 Verecundioremne
1456 2076 1581 2101 coram

846 2114 1018 2152 putamus
1034 2114 1074 2145 in
1086 2114 1308 2154 postulando
1329 2115 1434 2154 sore?
1460 2113 1528 2147 Od.
1547 2116 1579 2156 2,

852 2160 907 2199 18,
933 2160 994 2191 12:
1019 2167 1084 2191 nec
1105 2162 1285 2200 pole-mem
1309 2161 1468 2193 amicum
1491 2162 1581 2194 Lar-

850 2206 954 2245 m'ora
971 2207 1107 2246 llaqilo,
1128 2207 1224 2239 Satis
1242 2208 1366 2239 beatus
1382 2209 1498 2240 unicis
1514 2210 1579 2242 Sa-

851 2253 953 2284 binis.
972 2271 1015 2275 —
1031 2252 1113 2294 rex]
1138 2252 1260 2298 Reges
1279 2264 1368 2288 euos
1385 2255 1579 2290 nominare

849 2298 1071 2333 humiliores
1088 2300 1260 2334 solebant
1275 2301 1415 2335 amieos
1432 2302 1578 2337 nobiles

850 2355 894 2379 ac
918 2346 1137 2391 locupletes.
1187 2347 1281 2392 Epp.
1309 2350 1348 2390 1,
1375 2350 1436 2391 17,
1461 2351 1518 2383 20.
1544 2353 1580 2383 et

849 2395 912 2426 43:
938 2395 1069 2427 Coram
1093 2403 1177 2435 reue
1202 2404 1269 2428 suo
1294 2397 1337 2428 de
1359 2399 1579 2437 paupertate

849 2442 1017 2473 tacentes.
1041 2439 1200 2475 Martial.
1223 2443 1255 2484 2,
1274 2443 1329 2484 18,
1347 2444 1387 2475 8:
1416 2445 1487 2485 Qui
1512 2453 1579 2478 rex

850 2490 918 2528 est,
956 2496 1093 2529 reqem,
1133 2489 1307 2531 Maxime,
1340 2498 1413 2522 non
1436 2492 1576 2524 habeat.

851 2553 893 2557 —
918 2535 1043 2577 paler]
1078 2534 1139 2568 Sic
1164 2535 1246 2570 sine
1272 2536 1425 2570 ridiculi
1452 2539 1577 2581 specie

849 2584 938 2614 tunc
976 2581 1154 2616 Horatius
1195 2584 1389 2627 appellare
1431 2587 1578 2628 poterat

849 2627 1100 2662 Maecenatem
1124 2629 1245 2664 tribus
1265 2634 1486 2674 quattuorve
1512 2641 1578 2664 an-

850 2675 909 2709 nis
942 2679 1031 2709 natu
1055 2676 1243 2711 maiorem.
1293 2676 1398 2711 Conf.
1423 2677 1517 2721 Epp.
1547 2681 1576 2720 1,

850 2725 882 2763 6,
907 2724 963 2755 54.
991 2742 1033 2746 -
1059 2724 1220 2767 Audisti]
1256 2735 1305 2766 „a
1335 2734 1393 2757 me
1423 2727 1578 2759 vocatus
