1774 2930
652 140 749 175 mB.
769 140 820 176 11.
866 139 1020 175 Emer.
1042 139 1091 174 11.

1540 141 1624 183 451

226 241 414 286 Discedo
443 241 630 284 Alcaeus
661 244 820 297 puncto
850 240 991 294 illius3
1022 239 1096 283 ille
1126 253 1224 283 meo
1254 239 1383 296 quis?

229 312 335 361 Quis
365 313 451 354 nisi
483 311 802 354 Callimachus?
833 310 880 353 Si
910 311 1008 367 plus
1039 310 1272 368 adposcere
1303 311 1441 364 visus,

1543 312 1627 354 100

227 383 301 425 Fit
329 383 607 426 Mimnermus
640 386 684 425 et
714 382 859 438 optivo
890 381 1144 438 cognomine
1173 382 1340 425 crescit.

226 453 364 497 Multa
393 454 504 507 fero,
535 457 584 495 ut
613 453 779 509 placem
808 466 944 508 genus
973 452 1183 495 irritabile
1213 456 1379 506 vatum,

229 524 339 567 Cum
370 524 509 567 scribo
541 527 585 566 et
616 524 801 580 supplex
829 523 977 579 populi
1008 522 1214 579 suffragia
1243 526 1388 580 capto,

227 594 365 649 Idem,
395 595 528 637 finitis
559 594 713 636 studiis
746 598 789 636 et
818 597 962 637 mente
992 598 1183 651 recepta,
1362 591 1367 595 ’

107 725 279 758 accensis
303 723 435 758 finitur
452 723 718 769 gladiatorium
743 722 839 756 illud

110 770 299 805 ludicrum
325 771 601 805 incruentum.“

157 866 333 899 99—102.
368 865 522 899 Discedo
559 863 645 907 cet.]
681 863 841 906 „Finitis

110 911 252 946 mutuis
275 911 379 946 hisce
396 911 572 947 laudibus
595 921 664 956 ego
690 910 840 945 domum

110 958 224 993 redeo
257 958 355 993 alter
377 959 541 993 Alcaeus
569 958 691 992 factus
716 958 841 1003 elego·

110 1016 196 1040 rum
227 1006 423 1051 scriptoris
460 1005 637 1050 suffragio
671 1007 710 1039 et
743 1005 841 1039 iudi-

110 1053 204 1087 cio.“
230 1071 277 1077 —-
299 1052 477 1095 Alcaeus]
503 1051 578 1086 cfr.
603 1051 697 1096 Epp.
725 1054 757 1094 1,
784 1054 840 1094 19,

110 1100 167 1133 29.
186 1118 230 1123 —
252 1099 404 1143 puncto]
430 1099 496 1142 „In
522 1099 684 1133 comitiis
709 1109 840 1133 crean-

106 1145 242 1180 dorum
258 1146 544 1192 magistratuum
560 1145 841 1181 distribueban-

108 1196 172 1227 tur
220 1193 441 1238 suffragium
497 1194 629 1228 laturis
679 1193 839 1228 tabellae

109 1242 269 1282 ceratae,
285 1239 469 1285 inscripta
484 1240 666 1275 habentes
686 1240 841 1275 nomina

108 1286 394 1320 candidatorum
425 1298 495 1331 per
527 1287 754 1332 singularias
780 1288 841 1321 lit-

109 1335 211 1368 teras
244 1343 439 1377 expressa,
473 1344 530 1368 ex.
563 1345 618 1378 gr.
651 1335 701 1368 M.
728 1336 765 1367 Τ.
792 1337 839 1376 C„

107 1380 146 1414 h.
179 1390 212 1414 e.
244 1379 393 1414 Marcus
427 1379 576 1414 Tullius
610 1380 765 1424 Cicero,
799 1384 842 1414 ut

107 1429 213 1472 patet
236 1437 283 1461 ex
298 1426 375 1461 Cic.
392 1427 501 1461 Dom.
517 1429 576 1461 43.
600 1427 839 1470 Diribitores,

106 1476 201 1519 quot
245 1474 406 1519 quisque
454 1474 632 1520 suffragia
677 1475 839 1517 tulisset,

106 1522 249 1565 puncto
273 1522 445 1566 apposito
468 1521 659 1563 notabant,
684 1524 726 1555 ut
751 1532 839 1556 cou-

106 1570 182 1601 stat
214 1568 326 1602 etiam
359 1579 406 1602 ex
428 1568 540 1602 Festo
574 1568 614 1602 in
639 1578 674 1602 v.
698 1571 839 1610 Suffra-

106 1617 264 1656 aatores.
311 1615 412 1650 Hinc
432 1617 574 1656 puncta
597 1616 839 1659 accipiuntur

105 1672 176 1706 pro
202 1661 413 1707 suffragiis,
446 1662 538 1707 quia
561 1662 639 1696 illis
664 1662 756 1696 haec
781 1663 839 1697 in-

105 1707 363 1743 dicabantur.“
412 1709 609 1743 Foncnm..
651 1709 731 1743 Cic.
767 1721 838 1754 pro

106 1754 235 1789 Planc.
260 1757 325 1796 22,
351 1758 417 1790 53:
450 1757 648 1790 nonnullas
674 1756 837 1799 (tribus)

102 1804 247 1843 pandis
275 1812 393 1845 paene
430 1805 578 1837 tolidem
615 1803 837 1847 (tulerunt).

107 1848 185 1883 Cfr.
219 1848 263 1883 A.
300 1850 343 1884 P.
379 1852 460 1884 343.
494 1869 537 1874 -
574 1851 836 1894 Callimachus]

105 1895 226 1930 Notus
250 1898 360 1940 poeta
386 1897 613 1942 Cyrenaeus,
638 1909 672 1931 a.
698 1909 730 1932 a.
749 1897 836 1932 Chr.

107 1943 189 1976 280.
339 1954 361 1977 a
395 1944 471 1978 iam
503 1944 596 1978 haec
630 1947 711 1978 erat
742 1945 836 1979 laus.

108 1987 333 2033 Crinagoras
369 1989 410 2022 in
446 1989 598 2024 Anthol.
633 1991 754 2025 Palat.
786 1992 835 2025 Π.

135 2059 145 2068 .
181 2037 267 2069 193:
298 2032 547 2078 Καλλιμάχου
579 2034 624 2069 τὸ
656 2036 836 2084 τορευτὸν

72 2090 75 2092 ’
106 2045 200 2122 {noc
223 2077 320 2115 τόδε·
344 2080 392 2126 δὴ
417 2080 489 2129 γὰρ
514 2082 571 2115 ἐπ’
596 2080 699 2129 αὐτῷ
719 2081 837 2132 Ὡνὴρ

107 2125 198 2170 τοὺς
206 2129 393 2162 Μουσέων
406 2126 551 2171 πάντας
563 2125 687 2163 ἔσεισε
700 2126 837 2173 κάλως.

109 2173 268 2214 Quintil.
285 2178 342 2218 10,
369 2178 399 2218 1,
424 2178 489 2209 58:
515 2177 654 2218 eleqiae
666 2179 837 2219 princeps

106 2222 262 2256 habetur
332 2223 585 2257 callimachus.
662 2224 837 2259 Attamen

108 2278 195 2303 vere
221 2268 326 2303 Ovid.
350 2270 433 2303 Am.
460 2272 492 2312 1,
518 2271 574 2313 15,
601 2272 663 2304 13:
693 2273 837 2306 Battia—

107 2317 170 2349 des
204 2325 345 2358 semper
382 2319 454 2350 tolo
490 2319 699 2351 cantabitur
739 2320 835 2362 orbe,

110 2363 282 2404 Ωιιαηιυίε
313 2365 458 2405 invenio
495 2372 568 2397 non
599 2366 717 2407 valet,
755 2369 836 2399 arte

107 2410 217 2442 valet.
252 2409 363 2443 Haud
388 2410 525 2444 inscita
547 2411 621 2445 fuit
646 2411 836 2446 Torrentii

109 2456 347 2499 coniectura,
393 2457 590 2502 Horatium
636 2462 732 2493 tecte
773 2459 836 2493 hic

106 2502 270 2536 iocatum
299 2514 382 2538 esse
413 2504 453 2538 in
477 2505 735 2550 Propertium,
767 2507 834 2551 qui

108 2548 155 2583 de
181 2554 296 2584 semet
328 2551 409 2595 ipso
436 2553 476 2593 5,
505 2555 543 2594 1,
569 2554 630 2586 64:
678 2555 834 2596 Umbria,

108 2595 251 2641 inquit,
266 2599 440 2631 *Romani
459 2601 587 2640 patria
612 2601 836 2634 Callimachi.

108 2641 231 2687 Atque
255 2644 406 2679 omnino
423 2645 561 2679 mirum
579 2650 636 2680 est
660 2651 836 2681 neutrum

110 2687 265 2725 alterius
290 2691 404 2726 ullam
435 2693 662 2728 mentionem
687 2694 835 2737 fecisse,

889 733 975 757 cum
1007 723 1054 757 ab
1089 726 1251 768 utroque
1287 726 1325 758 et
1357 722 1555 757 Maecenas
1589 726 1627 758 et

888 770 1073 815 Virgilius
1104 781 1332 815 magnopere
1363 770 1551 804 laudetur.
1581 789 1624 794 —

890 817 1101 860 adposcere]
1127 817 1190 860 „Si
1207 818 1280 852 ho'c
1305 818 1363 851 illi
1380 828 1514 862 parum
1540 818 1624 852 fue-

888 864 941 898 rit
964 867 1003 898 et
1026 864 1113 908 plns
1138 875 1161 898 a
1183 875 1243 898 me
1269 865 1439 909 exegerit
1464 865 1624 900 laudis.“

889 910 1039 945 Pomm.
1066 930 1110 935 —
1141 912 1405 955 Manus-mm]
1439 912 1627 956 Colopho-

889 958 977 992 nius
1011 957 1157 1003 Olymp.
1192 960 1257 1003 37,
1291 962 1325 993 4.
1359 970 1392 993 a.
1427 959 1516 993 Chr.
1543 961 1625 994 627.

891 1004 1160 1047 „Mimnermus
1185 1005 1280 1040 duos
1306 1006 1426 1041 libros
1452 1006 1626 1041 luculen-

888 1055 947 1086 tos
986 1053 1171 1097 scripsit.“
1221 1053 1372 1087 POBPn.
1420 1053 1458 1087 Is
1490 1054 1625 1088 multo·

889 1110 974 1133 rum
1006 1099 1147 1134 indicio
1182 1100 1293 1145 longe
1329 1100 1533 1145 superabat
1565 1101 1625 1135 in·

888 1146 1000 1191 genio
1027 1149 1065 1181 et
1089 1147 1215 1181 nativa
1239 1148 1482 1192 simplicitate
1509 1147 1626 1182 Calli-

888 1194 1061 1228 machum
1087 1194 1200 1228 nimis
1218 1194 1444 1240 plerumque
1469 1195 1543 1229 arti
1567 1196 1626 1229 in·

889 1239 1119 1286 dulgentem.
1166 1241 1338 1286 Propert.
1391 1246 1430 1284 1,
1471 1245 1513 1285 9,
1556 1244 1624 1276 11:

893 1288 979 1321 Plus
1027 1289 1067 1320 in
1107 1297 1232 1322 amore
1276 1290 1375 1322 valet
1415 1290 1626 1323 Mimnermi

889 1343 1017 1368 versus
1040 1336 1214 1369 Homero.
1260 1334 1451 1380 Receptus
1476 1339 1559 1371 erat
1583 1337 1623 1370 in

890 1391 1072 1422 canonem
1106 1383 1435 1427 grammaticorum
1462 1382 1625 1418 Alexan-

888 1428 1041 1464 drinum
1098 1439 1185 1463 cum
1241 1429 1390 1464 Callino
1441 1430 1623 1465 Mimner-

887 1486 990 1518 mus,
1033 1475 1286 1511 Callimachus
1324 1487 1411 1511 cum
1447 1477 1623 1512 Phileta:

886 1523 955 1556 hos
988 1522 1084 1557 duos
1117 1526 1243 1558 autem
1275 1524 1514 1568 potissimum
1549 1525 1623 1559 sibi

888 1573 1100 1614 sumpserat
1144 1571 1346 1606 imitandos
1386 1571 1622 1617 Propertius.

888 1616 953 1659 (3,
980 1619 1020 1658 1,
1048 1617 1095 1659 1.)
1131 1617 1206 1652 cfr.
1230 1618 1326 1662 Epp.
1360 1621 1399 1661 1,
1426 1621 1466 1662 6,
1493 1621 1550 1653 65.
1577 1638 1622 1643 —

887 1663 1023 1707 optivo]
1047 1663 1130 1699 Hoc
1155 1676 1188 1698 v.
1205 1668 1403 1710 praeterea
1429 1667 1621 1710 reperitur

886 1710 987 1754 apud
1013 1710 1149 1745 Gaium
1174 1714 1214 1754 1,
1249 1714 1337 1746 154:
1377 1714 1558 1747 Vocantur
1584 1715 1622 1747 hi

887 1758 1077 1801 (tutores),
1102 1761 1166 1800 qui
1183 1769 1229 1793 ex
1251 1761 1396 1801 optione
1412 1763 1619 1803 sumuntur,

887 1806 1051 1846 optivo:
1098 1805 1167 1840 Est
1194 1806 1331 1851 igitur:
1366 1808 1549 1849 „nomine
1576 1818 1623 1842 ex

886 1851 1008 1886 libera
1033 1853 1187 1897 optione
1212 1855 1447 1898 assumpto;“
1480 1854 1622 1899 „quod-

887 1909 1037 1943 cunque
1068 1911 1206 1934 nomen
1240 1901 1276 1934 ei
1308 1901 1454 1945 placet,
1487 1902 1560 1936 hoc
1587 1903 1622 1936 ei

886 1945 975 1979 dare
1018 1947 1156 1981 soleo.“
1196 1967 1239 1971 —
1282 1949 1430 1992 crescit]
1473 1949 1622 1991 „maior

886 1993 998 2026 etiam
1022 1996 1134 2037 poeta
1159 1994 1319 2028 evadit.“

934 2087 1131 2120 102—105.
1165 2089 1286 2122 Multa
1318 2088 1420 2131 [ero]
1457 2088 1620 2130 „Multas

885 2133 1074 2167 molestias
1098 2134 1286 2177 patienter
1309 2136 1489 2177 sustineo,
1516 2135 1619 2179 dum,

885 2181 928 2212 ut
959 2179 1228 2215 inurbanitatis
1262 2191 1306 2215 ac
1331 2183 1532 2226 superbiae
1558 2194 1618 2217 re-

884 2226 1177 2269 prehensionem
1194 2227 1369 2273 effugiam
1395 2240 1519 2274 neque
1545 2230 1620 2264 ira-

885 2273 1028 2308 cundos
1077 2277 1207 2319 poetas
1257 2275 1460 2319 offendam,
1510 2278 1618 2312 vanis

885 2330 1015 2354 eorum
1041 2321 1278 2356 sermonibus
1295 2334 1425 2357 aurem
1442 2324 1618 2368 praebeo,

883 2367 1021 2401 fastum
1051 2369 1192 2411 tolero,
1229 2369 1520 2405 recitationibus
1553 2372 1619 2406 ad-

885 2424 985 2457 sum3
1035 2426 1131 2459 quae
1172 2416 1271 2450 mala
1320 2417 1422 2452 ferre
1463 2429 1619 2453 necesse

884 2461 975 2503 erit,
1009 2462 1188 2506 quamdiu
1213 2464 1295 2508 ipse
1325 2465 1493 2499 carmina
1518 2476 1620 2499 com-

883 2518 1024 2551 ponere
1057 2520 1212 2555 pergam
1245 2522 1289 2545 ac
1322 2515 1522 2556 propterea
1547 2524 1615 2556 po-

882 2555 963 2598 puli
987 2557 1213 2600 applausum
1245 2559 1371 2603 magni
1397 2559 1522 2593 facere
1548 2560 1613 2594 de-

885 2601 1015 2636 bebo.“
1035 2623 1078 2627 —
1102 2605 1273 2647 supplex]
1301 2606 1384 2638 κατ’
1411 2607 1618 2652 εἰρωνείαν.

886 2667 929 2672 -
954 2651 1057 2684 Idem
1081 2651 1213 2694 finiti-5]
1241 2651 1415 2692 „Verum
1441 2663 1527 2686 cum
1552 2654 1615 2688 de-

885 2695 984 2730 siero
1018 2698 1134 2731 semel
1168 2698 1294 2732 studia
1326 2700 1476 2743 poetica
1509 2703 1545 2734 et
1570 2701 1619 2735 ad
