<?xml version="1.0" encoding="UTF-8"?>
<!DOCTYPE html PUBLIC "-//W3C//DTD XHTML 1.0 Transitional//EN"
    "http://www.w3.org/TR/xhtml1/DTD/xhtml1-transitional.dtd">
<html xmlns="http://www.w3.org/1999/xhtml" xml:lang="en" lang="en">
 <head>
  <title>
</title>
<meta http-equiv="Content-Type" content="text/html;charset=utf-8" />
  <meta name='ocr-system' content='tesseract 3.04.00' />
  <meta name='ocr-capabilities' content='ocr_page ocr_carea ocr_par ocr_line ocrx_word'/>
</head>
<body>
  <div class='ocr_page' id='page_1' title='image "./qhoratiusflaccus00horauoft_0370.png"; bbox 0 0 1774 2930; ppageno 0'>
   <div class='ocr_carea' id='block_1_1' title="bbox 155 129 242 171">
    <p class='ocr_par' dir='ltr' id='par_1_1' title="bbox 155 129 242 171">
     <span class='ocr_line' id='line_1_1' title="bbox 155 129 242 171; baseline -0.011 0"><span class='ocrx_word' id='word_1_1' title='bbox 155 129 242 171; x_wconf 82' lang='lat'>362</span> 
     </span>
    </p>
   </div>
   <div class='ocr_carea' id='block_1_2' title="bbox 629 130 1209 165">
    <p class='ocr_par' dir='ltr' id='par_1_2' title="bbox 629 130 1209 165">
     <span class='ocr_line' id='line_1_2' title="bbox 629 130 1209 165; baseline 0.002 -1"><span class='ocrx_word' id='word_1_2' title='bbox 629 130 836 164; x_wconf 83' lang='lat' dir='ltr'>HORATII</span> <span class='ocrx_word' id='word_1_3' title='bbox 860 130 1209 165; x_wconf 76' lang='lat' dir='ltr'><strong>EPISTULARUM</strong></span> 
     </span>
    </p>
   </div>
   <div class='ocr_carea' id='block_1_3' title="bbox 273 230 1550 430">
    <p class='ocr_par' dir='ltr' id='par_1_3' title="bbox 273 230 1550 430">
     <span class='ocr_line' id='line_1_3' title="bbox 276 230 1430 286; baseline 0.003 -15"><span class='ocrx_word' id='word_1_4' title='bbox 276 230 454 284; x_wconf 86' lang='lat' dir='ltr'>Servus,</span> <span class='ocrx_word' id='word_1_5' title='bbox 485 231 634 273; x_wconf 83' lang='lat' dir='ltr'>Habes</span> <span class='ocrx_word' id='word_1_6' title='bbox 667 232 873 286; x_wconf 88' lang='lat' dir='ltr'>pretium,</span> <span class='ocrx_word' id='word_1_7' title='bbox 905 231 1007 272; x_wconf 88' lang='lat' dir='ltr'>loris</span> <span class='ocrx_word' id='word_1_8' title='bbox 1040 246 1126 273; x_wconf 92' lang='lat' dir='ltr'>non</span> <span class='ocrx_word' id='word_1_9' title='bbox 1158 233 1316 286; x_wconf 88' lang='lat' dir='ltr'>ureris,</span> <span class='ocrx_word' id='word_1_10' title='bbox 1335 233 1430 275; x_wconf 76' lang='lat' dir='ltr'>aio.</span> 
     </span>
     <span class='ocr_line' id='line_1_4' title="bbox 273 301 1550 358; baseline 0.002 -15"><span class='ocrx_word' id='word_1_11' title='bbox 273 301 370 343; x_wconf 83' lang='lat' dir='ltr'>Non</span> <span class='ocrx_word' id='word_1_12' title='bbox 403 302 619 344; x_wconf 82' lang='lat' dir='ltr'>hominem</span> <span class='ocrx_word' id='word_1_13' title='bbox 652 301 800 344; x_wconf 88' lang='lat' dir='ltr'>occidi.</span> <span class='ocrx_word' id='word_1_14' title='bbox 847 301 945 343; x_wconf 88' lang='lat' dir='ltr'>Non</span> <span class='ocrx_word' id='word_1_15' title='bbox 975 317 1127 358; x_wconf 84' lang='lat' dir='ltr'>pasces</span> <span class='ocrx_word' id='word_1_16' title='bbox 1157 303 1202 344; x_wconf 89' lang='lat' dir='ltr'>in</span> <span class='ocrx_word' id='word_1_17' title='bbox 1234 317 1357 346; x_wconf 85' lang='lat' dir='ltr'>cruce</span> <span class='ocrx_word' id='word_1_18' title='bbox 1389 312 1550 346; x_wconf 85' lang='lat' dir='ltr'>corvos.</span> 
     </span>
     <span class='ocr_line' id='line_1_5' title="bbox 275 372 1525 430; baseline 0.002 -16"><span class='ocrx_word' id='word_1_19' title='bbox 275 373 379 414; x_wconf 91' lang='lat' dir='ltr'>Sum</span> <span class='ocrx_word' id='word_1_20' title='bbox 411 373 547 415; x_wconf 89' lang='lat' dir='ltr'>bonus</span> <span class='ocrx_word' id='word_1_21' title='bbox 580 378 623 415; x_wconf 86' lang='lat' dir='ltr'>et</span> <span class='ocrx_word' id='word_1_22' title='bbox 654 372 780 428; x_wconf 86' lang='lat' dir='ltr'><strong>frugi.</strong></span> <span class='ocrx_word' id='word_1_23' title='bbox 828 372 992 415; x_wconf 87' lang='lat' dir='ltr'>Renuit</span> <span class='ocrx_word' id='word_1_24' title='bbox 1021 374 1271 430; x_wconf 74' lang='lat' dir='ltr'>negitatque</span> <span class='ocrx_word' id='word_1_25' title='bbox 1303 374 1525 417; x_wconf 82' lang='lat' dir='ltr'>Sabellus:</span> 
     </span>
    </p>
   </div>
   <div class='ocr_carea' id='block_1_4' title="bbox 276 443 1449 502">
    <p class='ocr_par' dir='ltr' id='par_1_4' title="bbox 276 443 1449 502">
     <span class='ocr_line' id='line_1_6' title="bbox 276 443 1449 502; baseline 0.003 -18"><span class='ocrx_word' id='word_1_26' title='bbox 276 443 438 486; x_wconf 73' lang='lat' dir='ltr'>Cautus</span> <span class='ocrx_word' id='word_1_27' title='bbox 472 444 585 485; x_wconf 85' lang='lat' dir='ltr'>enim</span> <span class='ocrx_word' id='word_1_28' title='bbox 620 444 774 485; x_wconf 86' lang='lat' dir='ltr'>metuit</span> <span class='ocrx_word' id='word_1_29' title='bbox 805 443 973 486; x_wconf 86' lang='lat' dir='ltr'>foveam</span> <span class='ocrx_word' id='word_1_30' title='bbox 1003 445 1131 501; x_wconf 90' lang='lat' dir='ltr'>lupus</span> <span class='ocrx_word' id='word_1_31' title='bbox 1163 445 1449 502; x_wconf 77' lang='lat' dir='ltr'>accipiterque</span> 
     </span>
    </p>
   </div>
   <div class='ocr_carea' id='block_1_5' title="bbox 1625 446 1683 488">
    <p class='ocr_par' dir='ltr' id='par_1_5' title="bbox 1625 446 1683 488">
     <span class='ocr_line' id='line_1_7' title="bbox 1625 446 1683 488; baseline 0.034 -2"><span class='ocrx_word' id='word_1_32' title='bbox 1625 446 1683 488; x_wconf 84' lang='lat'>50</span> 
     </span>
    </p>
   </div>
   <div class='ocr_carea' id='block_1_6' title="bbox 275 515 1427 785">
    <p class='ocr_par' dir='ltr' id='par_1_6' title="bbox 275 515 1427 641">
     <span class='ocr_line' id='line_1_8' title="bbox 276 515 1427 571; baseline 0.003 -16"><span class='ocrx_word' id='word_1_33' title='bbox 276 515 506 570; x_wconf 77' lang='lat' dir='ltr'>Suspectos</span> <span class='ocrx_word' id='word_1_34' title='bbox 539 515 717 571; x_wconf 87' lang='lat' dir='ltr'>laqueos</span> <span class='ocrx_word' id='word_1_35' title='bbox 751 520 793 557; x_wconf 85' lang='lat' dir='ltr'>et</span> <span class='ocrx_word' id='word_1_36' title='bbox 826 519 1021 571; x_wconf 85' lang='lat' dir='ltr'>opertum</span> <span class='ocrx_word' id='word_1_37' title='bbox 1052 516 1209 558; x_wconf 88' lang='lat' dir='ltr'>miluus</span> <span class='ocrx_word' id='word_1_38' title='bbox 1240 516 1427 559; x_wconf 86' lang='lat' dir='ltr'>hamum.</span> 
     </span>
     <span class='ocr_line' id='line_1_9' title="bbox 275 585 1215 641; baseline 0.002 -14"><span class='ocrx_word' id='word_1_39' title='bbox 275 585 470 627; x_wconf 81' lang='lat' dir='ltr'>Oderunt</span> <span class='ocrx_word' id='word_1_40' title='bbox 503 600 679 641; x_wconf 81' lang='lat' dir='ltr'>peccare</span> <span class='ocrx_word' id='word_1_41' title='bbox 713 586 813 628; x_wconf 90' lang='lat' dir='ltr'>boni</span> <span class='ocrx_word' id='word_1_42' title='bbox 847 587 1015 628; x_wconf 89' lang='lat' dir='ltr'>virtutis</span> <span class='ocrx_word' id='word_1_43' title='bbox 1049 601 1215 641; x_wconf 81' lang='lat' dir='ltr'>amore3</span> 
     </span>
    </p>

    <p class='ocr_par' dir='ltr' id='par_1_7' title="bbox 275 656 1344 785">
     <span class='ocr_line' id='line_1_10' title="bbox 276 656 1344 714; baseline 0.005 -18"><span class='ocrx_word' id='word_1_44' title='bbox 276 656 342 697; x_wconf 74' lang='lat' dir='ltr'>Tu</span> <span class='ocrx_word' id='word_1_45' title='bbox 373 657 482 698; x_wconf 90' lang='lat' dir='ltr'>nihil</span> <span class='ocrx_word' id='word_1_46' title='bbox 515 657 712 699; x_wconf 80' lang='lat' dir='ltr'>admittes</span> <span class='ocrx_word' id='word_1_47' title='bbox 747 658 790 698; x_wconf 91' lang='lat' dir='ltr'>in</span> <span class='ocrx_word' id='word_1_48' title='bbox 823 663 865 699; x_wconf 87' lang='lat' dir='ltr'>te</span> <span class='ocrx_word' id='word_1_49' title='bbox 898 657 1123 700; x_wconf 86' lang='lat' dir='ltr'>formidine</span> <span class='ocrx_word' id='word_1_50' title='bbox 1154 673 1344 714; x_wconf 85' lang='lat' dir='ltr'>poenae:</span> 
     </span>
     <span class='ocr_line' id='line_1_11' title="bbox 275 727 1332 785; baseline 0.003 -17"><span class='ocrx_word' id='word_1_51' title='bbox 275 727 340 768; x_wconf 84' lang='lat' dir='ltr'>Sit</span> <span class='ocrx_word' id='word_1_52' title='bbox 371 742 469 783; x_wconf 87' lang='lat' dir='ltr'>spes</span> <span class='ocrx_word' id='word_1_53' title='bbox 502 727 697 781; x_wconf 85' lang='lat' dir='ltr'>fallendi,</span> <span class='ocrx_word' id='word_1_54' title='bbox 730 729 930 770; x_wconf 83' lang='lat' dir='ltr'>miscebis</span> <span class='ocrx_word' id='word_1_55' title='bbox 963 743 1085 771; x_wconf 84' lang='lat' dir='ltr'>sacra</span> <span class='ocrx_word' id='word_1_56' title='bbox 1116 728 1332 785; x_wconf 76' lang='lat' dir='ltr'>profani83</span> 
     </span>
    </p>
   </div>
   <div class='ocr_carea' id='block_1_7' title="bbox 271 798 1482 856">
    <p class='ocr_par' dir='ltr' id='par_1_8' title="bbox 271 798 1482 856">
     <span class='ocr_line' id='line_1_12' title="bbox 271 798 1482 856; baseline 0.002 -17"><span class='ocrx_word' id='word_1_57' title='bbox 271 798 381 840; x_wconf 85' lang='lat' dir='ltr'>Nam</span> <span class='ocrx_word' id='word_1_58' title='bbox 414 799 468 841; x_wconf 90' lang='lat' dir='ltr'>de</span> <span class='ocrx_word' id='word_1_59' title='bbox 501 799 618 842; x_wconf 90' lang='lat' dir='ltr'>mille</span> <span class='ocrx_word' id='word_1_60' title='bbox 652 800 776 842; x_wconf 83' lang='lat' dir='ltr'>fabae</span> <span class='ocrx_word' id='word_1_61' title='bbox 807 799 960 841; x_wconf 89' lang='lat' dir='ltr'>modiis</span> <span class='ocrx_word' id='word_1_62' title='bbox 993 814 1088 842; x_wconf 93' lang='lat' dir='ltr'>cum</span> <span class='ocrx_word' id='word_1_63' title='bbox 1122 800 1300 856; x_wconf 84' lang='lat' dir='ltr'>surripis</span> <span class='ocrx_word' id='word_1_64' title='bbox 1331 814 1482 854; x_wconf 90' lang='lat' dir='ltr'>unum,</span> 
     </span>
    </p>
   </div>
   <div class='ocr_carea' id='block_1_8' title="bbox 1625 801 1682 842">
    <p class='ocr_par' dir='ltr' id='par_1_9' title="bbox 1625 801 1682 842">
     <span class='ocr_line' id='line_1_13' title="bbox 1625 801 1682 842; baseline 0 0"><span class='ocrx_word' id='word_1_65' title='bbox 1625 801 1682 842; x_wconf 85' lang='lat'>55</span> 
     </span>
    </p>
   </div>
   <div class='ocr_carea' id='block_1_9' title="bbox 277 870 1536 926">
    <p class='ocr_par' dir='ltr' id='par_1_10' title="bbox 277 870 1536 926">
     <span class='ocr_line' id='line_1_14' title="bbox 277 870 1536 926; baseline 0.002 -16"><span class='ocrx_word' id='word_1_66' title='bbox 277 870 489 911; x_wconf 87' lang='lat' dir='ltr'>Damnum</span> <span class='ocrx_word' id='word_1_67' title='bbox 522 876 607 923; x_wconf 88' lang='lat' dir='ltr'>est,</span> <span class='ocrx_word' id='word_1_68' title='bbox 640 885 722 912; x_wconf 86' lang='lat' dir='ltr'>non</span> <span class='ocrx_word' id='word_1_69' title='bbox 758 871 942 924; x_wconf 81' lang='lat' dir='ltr'>facinus,</span> <span class='ocrx_word' id='word_1_70' title='bbox 975 871 1080 912; x_wconf 91' lang='lat' dir='ltr'>mihi</span> <span class='ocrx_word' id='word_1_71' title='bbox 1114 876 1239 926; x_wconf 83' lang='lat' dir='ltr'>pacto</span> <span class='ocrx_word' id='word_1_72' title='bbox 1269 871 1409 914; x_wconf 88' lang='lat' dir='ltr'>lenius</span> <span class='ocrx_word' id='word_1_73' title='bbox 1441 872 1536 913; x_wconf 87' lang='lat' dir='ltr'>isto.</span> 
     </span>
    </p>
   </div>
   <div class='ocr_carea' id='block_1_10' title="bbox 203 999 1634 1092">
    <p class='ocr_par' dir='ltr' id='par_1_11' title="bbox 203 999 1634 1092">
     <span class='ocr_line' id='line_1_15' title="bbox 249 999 1632 1044; baseline 0.001 -12"><span class='ocrx_word' id='word_1_74' title='bbox 249 1002 306 1032; x_wconf 78' lang='lat'>49.</span> <span class='ocrx_word' id='word_1_75' title='bbox 333 1003 441 1041; x_wconf 71' lang='lat' dir='ltr'>neqat</span> <span class='ocrx_word' id='word_1_76' title='bbox 468 1003 576 1040; x_wconf 77' lang='lat' dir='ltr'>alque</span> <span class='ocrx_word' id='word_1_77' title='bbox 603 999 744 1044; x_wconf 83' lang='lat' dir='ltr'>bSEcp,</span> <span class='ocrx_word' id='word_1_78' title='bbox 771 1001 828 1042; x_wconf 87' lang='lat' dir='ltr'>Lt,</span> <span class='ocrx_word' id='word_1_79' title='bbox 854 1002 1047 1041; x_wconf 74' lang='lat' dir='ltr'>renuitque</span> <span class='ocrx_word' id='word_1_80' title='bbox 1072 1004 1256 1042; x_wconf 77' lang='lat' dir='ltr'>neoalque</span> <span class='ocrx_word' id='word_1_81' title='bbox 1282 1000 1371 1035; x_wconf 88' lang='lat' dir='ltr'>Cod.</span> <span class='ocrx_word' id='word_1_82' title='bbox 1395 1000 1632 1035; x_wconf 82' lang='lat' dir='ltr'>Bersmanni.</span> 
     </span>
     <span class='ocr_line' id='line_1_16' title="bbox 203 1046 1634 1092; baseline 0.002 -13"><span class='ocrx_word' id='word_1_83' title='bbox 203 1066 244 1069; x_wconf 88' lang='lat'><strong>—</strong></span> <span class='ocrx_word' id='word_1_84' title='bbox 274 1046 362 1080; x_wconf 81' lang='lat' dir='ltr'>Post</span> <span class='ocrx_word' id='word_1_85' title='bbox 389 1058 420 1079; x_wconf 91' lang='lat' dir='ltr'>v.</span> <span class='ocrx_word' id='word_1_86' title='bbox 447 1049 503 1080; x_wconf 83' lang='lat'>52.</span> <span class='ocrx_word' id='word_1_87' title='bbox 531 1047 710 1081; x_wconf 85' lang='lat' dir='ltr'>Schmidii</span> <span class='ocrx_word' id='word_1_88' title='bbox 739 1047 827 1081; x_wconf 87' lang='lat' dir='ltr'>Cod.</span> <span class='ocrx_word' id='word_1_89' title='bbox 854 1048 998 1092; x_wconf 81' lang='lat' dir='ltr'>primus</span> <span class='ocrx_word' id='word_1_90' title='bbox 1033 1047 1168 1081; x_wconf 83' lang='lat' dir='ltr'>inserit</span> <span class='ocrx_word' id='word_1_91' title='bbox 1200 1049 1321 1082; x_wconf 87' lang='lat' dir='ltr'>hunc:</span> <span class='ocrx_word' id='word_1_92' title='bbox 1358 1049 1520 1082; x_wconf 79' lang='lat' dir='ltr'>Oderunt</span> <span class='ocrx_word' id='word_1_93' title='bbox 1547 1057 1634 1090; x_wconf 79' lang='lat' dir='ltr'>pec·</span> 
     </span>
    </p>
   </div>
   <div class='ocr_carea' id='block_1_11' title="bbox 202 1095 798 1137">
    <p class='ocr_par' dir='ltr' id='par_1_12' title="bbox 202 1095 798 1137">
     <span class='ocr_line' id='line_1_17' title="bbox 202 1095 798 1137; baseline 0.003 -11"><span class='ocrx_word' id='word_1_94' title='bbox 202 1103 284 1126; x_wconf 71' lang='lat' dir='ltr'>care</span> <span class='ocrx_word' id='word_1_95' title='bbox 310 1095 401 1127; x_wconf 77' lang='lat' dir='ltr'>mali</span> <span class='ocrx_word' id='word_1_96' title='bbox 426 1095 622 1135; x_wconf 77' lang='lat' dir='ltr'>formidine</span> <span class='ocrx_word' id='word_1_97' title='bbox 646 1104 798 1137; x_wconf 75' lang='lat' dir='ltr'>poenae.</span> 
     </span>
    </p>
   </div>
   <div class='ocr_carea' id='block_1_12' title="bbox 148 1194 892 2465">
    <p class='ocr_par' dir='ltr' id='par_1_13' title="bbox 148 1194 892 2465">
     <span class='ocr_line' id='line_1_18' title="bbox 152 1194 891 1240; baseline 0.001 -13"><span class='ocrx_word' id='word_1_98' title='bbox 152 1194 278 1227; x_wconf 86' lang='lat' dir='ltr'>munis</span> <span class='ocrx_word' id='word_1_99' title='bbox 297 1195 345 1228; x_wconf 84' lang='lat' dir='ltr'>sit</span> <span class='ocrx_word' id='word_1_100' title='bbox 369 1205 391 1227; x_wconf 84' lang='lat' dir='ltr'>a</span> <span class='ocrx_word' id='word_1_101' title='bbox 417 1195 518 1229; x_wconf 89' lang='lat' dir='ltr'>vitiis</span> <span class='ocrx_word' id='word_1_102' title='bbox 544 1205 677 1229; x_wconf 84' lang='lat' dir='ltr'>severa</span> <span class='ocrx_word' id='word_1_103' title='bbox 693 1195 891 1240; x_wconf 82' lang='lat' dir='ltr'>punitione</span> 
     </span>
     <span class='ocr_line' id='line_1_19' title="bbox 150 1241 891 1286; baseline 0.003 -12"><span class='ocrx_word' id='word_1_104' title='bbox 150 1241 313 1286; x_wconf 84' lang='lat' dir='ltr'>dignis.“</span> <span class='ocrx_word' id='word_1_105' title='bbox 343 1261 386 1266; x_wconf 98' lang='lat'>—</span> <span class='ocrx_word' id='word_1_106' title='bbox 413 1243 538 1275; x_wconf 79' lang='lat' dir='ltr'>Habes</span> <span class='ocrx_word' id='word_1_107' title='bbox 561 1243 743 1285; x_wconf 77' lang='lat' dir='ltr'>prelium]</span> <span class='ocrx_word' id='word_1_108' title='bbox 771 1242 891 1284; x_wconf 85' lang='lat' dir='ltr'>„Satis</span> 
     </span>
     <span class='ocr_line' id='line_1_20' title="bbox 152 1289 891 1334; baseline 0.001 -12"><span class='ocrx_word' id='word_1_109' title='bbox 152 1291 189 1322; x_wconf 86' lang='lat' dir='ltr'>te</span> <span class='ocrx_word' id='word_1_110' title='bbox 227 1299 294 1333; x_wconf 84' lang='lat' dir='ltr'>pro</span> <span class='ocrx_word' id='word_1_111' title='bbox 332 1293 407 1323; x_wconf 85' lang='lat' dir='ltr'>tam</span> <span class='ocrx_word' id='word_1_112' title='bbox 446 1290 653 1334; x_wconf 81' lang='lat' dir='ltr'>praeclaris</span> <span class='ocrx_word' id='word_1_113' title='bbox 688 1289 891 1323; x_wconf 82' lang='lat' dir='ltr'>virtutibus</span> 
     </span>
     <span class='ocr_line' id='line_1_21' title="bbox 152 1337 892 1371; baseline 0.003 -2"><span class='ocrx_word' id='word_1_114' title='bbox 152 1337 389 1370; x_wconf 83' lang='lat' dir='ltr'>remunerari</span> <span class='ocrx_word' id='word_1_115' title='bbox 423 1337 513 1370; x_wconf 86' lang='lat' dir='ltr'>mihi</span> <span class='ocrx_word' id='word_1_116' title='bbox 544 1337 709 1371; x_wconf 86' lang='lat' dir='ltr'>videor.“</span> <span class='ocrx_word' id='word_1_117' title='bbox 741 1356 781 1361; x_wconf 80' lang='lat'>——</span> <span class='ocrx_word' id='word_1_118' title='bbox 808 1346 892 1371; x_wconf 85' lang='lat' dir='ltr'>ure-</span> 
     </span>
     <span class='ocr_line' id='line_1_22' title="bbox 151 1382 891 1427; baseline 0.004 -12"><span class='ocrx_word' id='word_1_119' title='bbox 151 1382 218 1426; x_wconf 78' lang='lat' dir='ltr'>ris]</span> <span class='ocrx_word' id='word_1_120' title='bbox 245 1383 363 1427; x_wconf 83' lang='lat' dir='ltr'>Epod.</span> <span class='ocrx_word' id='word_1_121' title='bbox 402 1388 442 1425; x_wconf 84' lang='lat'>4,</span> <span class='ocrx_word' id='word_1_122' title='bbox 478 1386 519 1418; x_wconf 88' lang='lat'>3:</span> <span class='ocrx_word' id='word_1_123' title='bbox 559 1386 708 1418; x_wconf 78' lang='lat' dir='ltr'>Ibericis</span> <span class='ocrx_word' id='word_1_124' title='bbox 742 1387 891 1427; x_wconf 76' lang='lat' dir='ltr'>peruste</span> 
     </span>
     <span class='ocr_line' id='line_1_23' title="bbox 151 1431 892 1474; baseline 0.001 -11"><span class='ocrx_word' id='word_1_125' title='bbox 151 1431 301 1472; x_wconf 74' lang='lat' dir='ltr'>funibus</span> <span class='ocrx_word' id='word_1_126' title='bbox 333 1432 439 1464; x_wconf 74' lang='lat' dir='ltr'>lalus.</span> <span class='ocrx_word' id='word_1_127' title='bbox 468 1451 509 1454; x_wconf 95' lang='lat'><strong>—</strong></span> <span class='ocrx_word' id='word_1_128' title='bbox 537 1433 578 1464; x_wconf 77' lang='lat' dir='ltr'>in</span> <span class='ocrx_word' id='word_1_129' title='bbox 603 1431 730 1474; x_wconf 82' lang='lat' dir='ltr'>cruce]</span> <span class='ocrx_word' id='word_1_130' title='bbox 765 1433 892 1465; x_wconf 78' lang='lat' dir='ltr'>servili</span> 
     </span>
     <span class='ocr_line' id='line_1_24' title="bbox 150 1478 889 1520; baseline 0.003 -10"><span class='ocrx_word' id='word_1_131' title='bbox 150 1480 342 1519; x_wconf 70' lang='lat' dir='ltr'>supplicio,</span> <span class='ocrx_word' id='word_1_132' title='bbox 369 1478 487 1512; x_wconf 83' lang='lat' dir='ltr'>Tacit.</span> <span class='ocrx_word' id='word_1_133' title='bbox 523 1478 620 1512; x_wconf 84' lang='lat' dir='ltr'>Hist.</span> <span class='ocrx_word' id='word_1_134' title='bbox 646 1482 680 1520; x_wconf 81' lang='lat'>4,</span> <span class='ocrx_word' id='word_1_135' title='bbox 708 1482 762 1512; x_wconf 89' lang='lat'>11.</span> <span class='ocrx_word' id='word_1_136' title='bbox 815 1479 889 1513; x_wconf 83' lang='lat' dir='ltr'>Ofr.</span> 
     </span>
     <span class='ocr_line' id='line_1_25' title="bbox 153 1524 890 1569; baseline 0.001 -11"><span class='ocrx_word' id='word_1_137' title='bbox 153 1524 228 1558; x_wconf 80' lang='lat' dir='ltr'>Sat.</span> <span class='ocrx_word' id='word_1_138' title='bbox 260 1530 297 1567; x_wconf 83' lang='lat'>1,</span> <span class='ocrx_word' id='word_1_139' title='bbox 324 1527 364 1566; x_wconf 82' lang='lat'>3,</span> <span class='ocrx_word' id='word_1_140' title='bbox 392 1527 448 1558; x_wconf 81' lang='lat'>82.</span> <span class='ocrx_word' id='word_1_141' title='bbox 484 1527 524 1568; x_wconf 88' lang='grc'>2,</span> <span class='ocrx_word' id='word_1_142' title='bbox 552 1528 593 1567; x_wconf 85' lang='grc'>7,</span> <span class='ocrx_word' id='word_1_143' title='bbox 619 1528 676 1559; x_wconf 86' lang='grc'>47.</span> <span class='ocrx_word' id='word_1_144' title='bbox 705 1546 746 1550; x_wconf 91' lang='grc'><strong>-</strong></span> <span class='ocrx_word' id='word_1_145' title='bbox 774 1527 890 1569; x_wconf 75' lang='lat' dir='ltr'>fraqi]</span> 
     </span>
     <span class='ocr_line' id='line_1_26' title="bbox 152 1569 891 1619; baseline 0.003 -14"><span class='ocrx_word' id='word_1_146' title='bbox 152 1569 355 1619; x_wconf 79' lang='grc' dir='ltr'>χρήσιμος,</span> <span class='ocrx_word' id='word_1_147' title='bbox 383 1575 506 1616; x_wconf 78' lang='lat' dir='ltr'>brav,</span> <span class='ocrx_word' id='word_1_148' title='bbox 534 1584 629 1617; x_wconf 84' lang='lat' dir='ltr'>quae</span> <span class='ocrx_word' id='word_1_149' title='bbox 649 1584 794 1608; x_wconf 85' lang='lat' dir='ltr'>summa</span> <span class='ocrx_word' id='word_1_150' title='bbox 811 1577 891 1607; x_wconf 82' lang='lat' dir='ltr'>erat</span> 
     </span>
     <span class='ocr_line' id='line_1_27' title="bbox 152 1619 889 1664; baseline 0.001 -11"><span class='ocrx_word' id='word_1_151' title='bbox 152 1620 250 1653; x_wconf 89' lang='lat' dir='ltr'>servi</span> <span class='ocrx_word' id='word_1_152' title='bbox 285 1621 380 1654; x_wconf 85' lang='lat' dir='ltr'>laus.</span> <span class='ocrx_word' id='word_1_153' title='bbox 431 1620 515 1654; x_wconf 84' lang='lat' dir='ltr'>vid.</span> <span class='ocrx_word' id='word_1_154' title='bbox 541 1621 588 1654; x_wconf 86' lang='lat' dir='ltr'>ad</span> <span class='ocrx_word' id='word_1_155' title='bbox 616 1619 689 1654; x_wconf 86' lang='lat' dir='ltr'>Sat.</span> <span class='ocrx_word' id='word_1_156' title='bbox 717 1623 757 1663; x_wconf 80' lang='lat'>2,</span> <span class='ocrx_word' id='word_1_157' title='bbox 790 1623 830 1664; x_wconf 91' lang='lat'>7,</span> <span class='ocrx_word' id='word_1_158' title='bbox 857 1623 889 1654; x_wconf 87' lang='lat'>3.</span> 
     </span>
     <span class='ocr_line' id='line_1_28' title="bbox 153 1669 890 1712; baseline 0.003 -12"><span class='ocrx_word' id='word_1_159' title='bbox 153 1686 194 1690; x_wconf 82' lang='lat'>—-</span> <span class='ocrx_word' id='word_1_160' title='bbox 222 1669 358 1701; x_wconf 77' lang='lat' dir='ltr'>Renuil</span> <span class='ocrx_word' id='word_1_161' title='bbox 383 1679 440 1712; x_wconf 78' lang='lat' dir='ltr'>pr.</span> <span class='ocrx_word' id='word_1_162' title='bbox 466 1670 563 1701; x_wconf 89' lang='lat' dir='ltr'>nutu</span> <span class='ocrx_word' id='word_1_163' title='bbox 589 1672 802 1711; x_wconf 74' lang='lat' dir='ltr'>recusante,</span> <span class='ocrx_word' id='word_1_164' title='bbox 828 1678 890 1702; x_wconf 76' lang='lat' dir='ltr'>ne-</span> 
     </span>
     <span class='ocr_line' id='line_1_29' title="bbox 152 1715 888 1759; baseline 0.004 -12"><span class='ocrx_word' id='word_1_165' title='bbox 152 1716 243 1756; x_wconf 72' lang='lat' dir='ltr'>qilac</span> <span class='ocrx_word' id='word_1_166' title='bbox 275 1715 410 1749; x_wconf 86' lang='lat' dir='ltr'>verbis.</span> <span class='ocrx_word' id='word_1_167' title='bbox 437 1735 484 1738; x_wconf 88' lang='lat'><strong>—</strong></span> <span class='ocrx_word' id='word_1_168' title='bbox 508 1716 696 1759; x_wconf 80' lang='lat' dir='ltr'>Sabellus]</span> <span class='ocrx_word' id='word_1_169' title='bbox 733 1727 797 1758; x_wconf 79' lang='lat' dir='ltr'>„ac</span> <span class='ocrx_word' id='word_1_170' title='bbox 831 1717 888 1750; x_wconf 85' lang='lat' dir='ltr'>vel</span> 
     </span>
     <span class='ocr_line' id='line_1_30' title="bbox 150 1763 889 1807; baseline 0.001 -12"><span class='ocrx_word' id='word_1_171' title='bbox 150 1765 351 1806; x_wconf 83' lang='lat' dir='ltr'>propterea</span> <span class='ocrx_word' id='word_1_172' title='bbox 375 1763 485 1796; x_wconf 91' lang='lat' dir='ltr'>homo</span> <span class='ocrx_word' id='word_1_173' title='bbox 518 1763 678 1807; x_wconf 82' lang='lat' dir='ltr'>simplex</span> <span class='ocrx_word' id='word_1_174' title='bbox 704 1766 740 1796; x_wconf 87' lang='lat' dir='ltr'>et</span> <span class='ocrx_word' id='word_1_175' title='bbox 766 1774 889 1804; x_wconf 82' lang='lat' dir='ltr'>verax,</span> 
     </span>
     <span class='ocr_line' id='line_1_31' title="bbox 152 1808 888 1854; baseline 0.003 -13"><span class='ocrx_word' id='word_1_176' title='bbox 152 1812 194 1841; x_wconf 89' lang='lat' dir='ltr'>ut</span> <span class='ocrx_word' id='word_1_177' title='bbox 219 1820 287 1854; x_wconf 87' lang='lat' dir='ltr'>ego</span> <span class='ocrx_word' id='word_1_178' title='bbox 314 1810 430 1843; x_wconf 86' lang='lat' dir='ltr'>sum.“</span> <span class='ocrx_word' id='word_1_179' title='bbox 472 1808 533 1843; x_wconf 88' lang='lat' dir='ltr'>Sic</span> <span class='ocrx_word' id='word_1_180' title='bbox 557 1812 683 1842; x_wconf 83' lang='lat' dir='ltr'>autem</span> <span class='ocrx_word' id='word_1_181' title='bbox 703 1821 743 1843; x_wconf 89' lang='lat' dir='ltr'>se</span> <span class='ocrx_word' id='word_1_182' title='bbox 761 1811 888 1853; x_wconf 84' lang='lat' dir='ltr'>appel-</span> 
     </span>
     <span class='ocr_line' id='line_1_32' title="bbox 150 1855 888 1900; baseline 0.001 -11"><span class='ocrx_word' id='word_1_183' title='bbox 150 1855 205 1890; x_wconf 86' lang='lat' dir='ltr'>lat</span> <span class='ocrx_word' id='word_1_184' title='bbox 229 1859 384 1900; x_wconf 84' lang='lat' dir='ltr'>propter</span> <span class='ocrx_word' id='word_1_185' title='bbox 409 1856 605 1900; x_wconf 81' lang='lat' dir='ltr'>praedium</span> <span class='ocrx_word' id='word_1_186' title='bbox 626 1855 804 1890; x_wconf 87' lang='lat' dir='ltr'>Sabinum</span> <span class='ocrx_word' id='word_1_187' title='bbox 822 1867 888 1900; x_wconf 89' lang='lat' dir='ltr'>po-</span> 
     </span>
     <span class='ocr_line' id='line_1_33' title="bbox 150 1903 888 1948; baseline 0.001 -12"><span class='ocrx_word' id='word_1_188' title='bbox 150 1903 226 1936; x_wconf 86' lang='lat' dir='ltr'>tius</span> <span class='ocrx_word' id='word_1_189' title='bbox 259 1905 351 1947; x_wconf 90' lang='lat' dir='ltr'>puto</span> <span class='ocrx_word' id='word_1_190' title='bbox 386 1913 498 1948; x_wconf 87' lang='lat' dir='ltr'>quam</span> <span class='ocrx_word' id='word_1_191' title='bbox 534 1903 636 1947; x_wconf 88' lang='lat' dir='ltr'>quod</span> <span class='ocrx_word' id='word_1_192' title='bbox 668 1903 792 1947; x_wconf 80' lang='lat' dir='ltr'>patria</span> <span class='ocrx_word' id='word_1_193' title='bbox 818 1903 888 1937; x_wconf 89' lang='lat' dir='ltr'>Ve-</span> 
     </span>
     <span class='ocr_line' id='line_1_34' title="bbox 151 1950 888 1985; baseline 0.003 -3"><span class='ocrx_word' id='word_1_194' title='bbox 151 1950 262 1983; x_wconf 85' lang='lat' dir='ltr'>nusia</span> <span class='ocrx_word' id='word_1_195' title='bbox 281 1950 371 1984; x_wconf 91' lang='lat' dir='ltr'>olim</span> <span class='ocrx_word' id='word_1_196' title='bbox 389 1962 411 1984; x_wconf 87' lang='lat' dir='ltr'>a</span> <span class='ocrx_word' id='word_1_197' title='bbox 429 1950 590 1985; x_wconf 81' lang='lat' dir='ltr'>Sabellis</span> <span class='ocrx_word' id='word_1_198' title='bbox 610 1951 780 1984; x_wconf 84' lang='lat' dir='ltr'>habitata</span> <span class='ocrx_word' id='word_1_199' title='bbox 798 1954 888 1984; x_wconf 88' lang='lat' dir='ltr'>erat.</span> 
     </span>
     <span class='ocr_line' id='line_1_35' title="bbox 152 1996 889 2040; baseline 0.001 -10"><span class='ocrx_word' id='word_1_200' title='bbox 152 1996 226 2031; x_wconf 80' lang='lat' dir='ltr'>cfr.</span> <span class='ocrx_word' id='word_1_201' title='bbox 247 1997 321 2031; x_wconf 83' lang='lat' dir='ltr'>Sat.</span> <span class='ocrx_word' id='word_1_202' title='bbox 351 2001 381 2039; x_wconf 93' lang='lat'>1,</span> <span class='ocrx_word' id='word_1_203' title='bbox 408 2001 441 2040; x_wconf 80' lang='lat'>9,</span> <span class='ocrx_word' id='word_1_204' title='bbox 468 1999 524 2031; x_wconf 86' lang='lat'>29.</span> <span class='ocrx_word' id='word_1_205' title='bbox 552 2000 585 2039; x_wconf 83' lang='lat'>2,</span> <span class='ocrx_word' id='word_1_206' title='bbox 613 2001 643 2039; x_wconf 91' lang='lat'>1,</span> <span class='ocrx_word' id='word_1_207' title='bbox 671 2000 727 2031; x_wconf 86' lang='lat'>36.</span> <span class='ocrx_word' id='word_1_208' title='bbox 754 1997 889 2032; x_wconf 88' lang='lat' dir='ltr'>Strabo</span> 
     </span>
     <span class='ocr_line' id='line_1_36' title="bbox 151 2044 888 2090; baseline 0.003 -13"><span class='ocrx_word' id='word_1_209' title='bbox 151 2046 183 2077; x_wconf 82' lang='lat'>5.</span> <span class='ocrx_word' id='word_1_210' title='bbox 210 2046 241 2088; x_wconf 67' lang='grc' dir='ltr'>ξ.</span> <span class='ocrx_word' id='word_1_211' title='bbox 270 2047 324 2078; x_wconf 84' lang='grc'><strong>12.</strong></span> <span class='ocrx_word' id='word_1_212' title='bbox 350 2057 385 2090; x_wconf 90' lang='lat' dir='ltr'>p.</span> <span class='ocrx_word' id='word_1_213' title='bbox 413 2046 494 2079; x_wconf 85' lang='lat'>250.</span> <span class='ocrx_word' id='word_1_214' title='bbox 534 2044 720 2079; x_wconf 80' lang='lat' dir='ltr'>Samnites</span> <span class='ocrx_word' id='word_1_215' title='bbox 739 2056 783 2078; x_wconf 87' lang='lat' dir='ltr'>ex</span> <span class='ocrx_word' id='word_1_216' title='bbox 802 2056 888 2079; x_wconf 87' lang='lat' dir='ltr'>vere</span> 
     </span>
     <span class='ocr_line' id='line_1_37' title="bbox 150 2090 890 2134; baseline 0 -9"><span class='ocrx_word' id='word_1_217' title='bbox 150 2102 257 2126; x_wconf 83' lang='lat' dir='ltr'>sacro</span> <span class='ocrx_word' id='word_1_218' title='bbox 281 2104 304 2126; x_wconf 84' lang='lat' dir='ltr'>a</span> <span class='ocrx_word' id='word_1_219' title='bbox 322 2092 473 2126; x_wconf 83' lang='lat' dir='ltr'>Sabinis</span> <span class='ocrx_word' id='word_1_220' title='bbox 500 2096 600 2127; x_wconf 86' lang='lat' dir='ltr'>ortos</span> <span class='ocrx_word' id='word_1_221' title='bbox 626 2092 758 2126; x_wconf 85' lang='lat' dir='ltr'>tradit:</span> <span class='ocrx_word' id='word_1_222' title='bbox 786 2090 890 2134; x_wconf 79' lang='grc' dir='ltr'><strong><em>εἰκὸς</em></strong></span> 
     </span>
     <span class='ocr_line' id='line_1_38' title="bbox 150 2138 888 2180; baseline 0.001 -9"><span class='ocrx_word' id='word_1_223' title='bbox 150 2138 190 2171; x_wconf 77' lang='grc' dir='ltr'>δὲ</span> <span class='ocrx_word' id='word_1_224' title='bbox 223 2138 284 2172; x_wconf 74' lang='grc' dir='ltr'>διὰ</span> <span class='ocrx_word' id='word_1_225' title='bbox 322 2140 434 2173; x_wconf 85' lang='grc' dir='ltr'><em>τοῦτο</em></span> <span class='ocrx_word' id='word_1_226' title='bbox 468 2142 533 2172; x_wconf 83' lang='grc' dir='ltr'>καὶ</span> <span class='ocrx_word' id='word_1_227' title='bbox 568 2139 786 2180; x_wconf 68' lang='grc' dir='ltr'>Σαβὲλλους</span> <span class='ocrx_word' id='word_1_228' title='bbox 818 2139 888 2172; x_wconf 80' lang='grc' dir='ltr'>αὐ-</span> 
     </span>
     <span class='ocr_line' id='line_1_39' title="bbox 150 2184 889 2234; baseline 0.003 -16"><span class='ocrx_word' id='word_1_229' title='bbox 150 2185 240 2228; x_wconf 72' lang='grc' dir='ltr'><em>τοὺς</em></span> <span class='ocrx_word' id='word_1_230' title='bbox 275 2184 578 2234; x_wconf 73' lang='grc' dir='ltr'><em>ὑποκοριστικῶς</em></span> <span class='ocrx_word' id='word_1_231' title='bbox 611 2185 689 2220; x_wconf 78' lang='grc' dir='ltr'>ἀπὸ</span> <span class='ocrx_word' id='word_1_232' title='bbox 723 2187 797 2221; x_wconf 82' lang='grc' dir='ltr'>τῶν</span> <span class='ocrx_word' id='word_1_233' title='bbox 822 2199 889 2231; x_wconf 84' lang='grc' dir='ltr'>γο-</span> 
     </span>
     <span class='ocr_line' id='line_1_40' title="bbox 150 2234 888 2282; baseline 0.003 -16"><span class='ocrx_word' id='word_1_234' title='bbox 150 2235 247 2267; x_wconf 77' lang='grc' dir='ltr'>νέων</span> <span class='ocrx_word' id='word_1_235' title='bbox 282 2234 655 2282; x_wconf 76' lang='grc' dir='ltr'><em>προσαγορευθῆναι.</em></span> <span class='ocrx_word' id='word_1_236' title='bbox 692 2234 747 2268; x_wconf 90' lang='lat' dir='ltr'>De</span> <span class='ocrx_word' id='word_1_237' title='bbox 783 2234 888 2269; x_wconf 87' lang='lat' dir='ltr'>Sabi-</span> 
     </span>
     <span class='ocr_line' id='line_1_41' title="bbox 150 2282 888 2316; baseline 0.001 -2"><span class='ocrx_word' id='word_1_238' title='bbox 150 2291 286 2315; x_wconf 89' lang='lat' dir='ltr'>norum</span> <span class='ocrx_word' id='word_1_239' title='bbox 311 2285 435 2316; x_wconf 89' lang='lat' dir='ltr'>autem</span> <span class='ocrx_word' id='word_1_240' title='bbox 462 2282 741 2316; x_wconf 85' lang='lat' dir='ltr'>honestissimis</span> <span class='ocrx_word' id='word_1_241' title='bbox 775 2283 888 2315; x_wconf 88' lang='lat' dir='ltr'>mori-</span> 
     </span>
     <span class='ocr_line' id='line_1_42' title="bbox 150 2326 887 2375; baseline 0.001 -14"><span class='ocrx_word' id='word_1_242' title='bbox 150 2329 221 2362; x_wconf 87' lang='lat' dir='ltr'>bus</span> <span class='ocrx_word' id='word_1_243' title='bbox 248 2339 292 2363; x_wconf 85' lang='lat' dir='ltr'>ac</span> <span class='ocrx_word' id='word_1_244' title='bbox 318 2326 513 2375; x_wconf 76' lang='grc' dir='ltr'><em>παρῥησίᾳ</em></span> <span class='ocrx_word' id='word_1_245' title='bbox 532 2329 599 2362; x_wconf 88' lang='lat' dir='ltr'>cfr.</span> <span class='ocrx_word' id='word_1_246' title='bbox 628 2329 703 2362; x_wconf 83' lang='lat' dir='ltr'>Cio.</span> <span class='ocrx_word' id='word_1_247' title='bbox 723 2329 769 2363; x_wconf 84' lang='lat' dir='ltr'>ad</span> <span class='ocrx_word' id='word_1_248' title='bbox 787 2329 887 2363; x_wconf 81' lang='lat' dir='ltr'>Fam.</span> 
     </span>
     <span class='ocr_line' id='line_1_43' title="bbox 152 2377 889 2419; baseline 0.001 -11"><span class='ocrx_word' id='word_1_249' title='bbox 152 2377 214 2417; x_wconf 84' lang='lat'>15,</span> <span class='ocrx_word' id='word_1_250' title='bbox 250 2378 403 2419; x_wconf 76' lang='lat'>20‚.1.;</span> <span class='ocrx_word' id='word_1_251' title='bbox 442 2377 487 2410; x_wconf 93' lang='lat' dir='ltr'>de</span> <span class='ocrx_word' id='word_1_252' title='bbox 522 2386 650 2410; x_wconf 87' lang='lat' dir='ltr'>eorum</span> <span class='ocrx_word' id='word_1_253' title='bbox 686 2377 827 2411; x_wconf 82' lang='lat' dir='ltr'>duritia</span> <span class='ocrx_word' id='word_1_254' title='bbox 852 2381 889 2411; x_wconf 85' lang='lat' dir='ltr'>et</span> 
     </span>
     <span class='ocr_line' id='line_1_44' title="bbox 148 2422 887 2465; baseline 0.003 -10"><span class='ocrx_word' id='word_1_255' title='bbox 148 2422 374 2457; x_wconf 78' lang='lat' dir='ltr'>fortitudine</span> <span class='ocrx_word' id='word_1_256' title='bbox 402 2424 486 2457; x_wconf 89' lang='lat' dir='ltr'>vide</span> <span class='ocrx_word' id='word_1_257' title='bbox 513 2424 559 2457; x_wconf 84' lang='lat' dir='ltr'>ad</span> <span class='ocrx_word' id='word_1_258' title='bbox 586 2423 654 2457; x_wconf 81' lang='lat' dir='ltr'>Od.</span> <span class='ocrx_word' id='word_1_259' title='bbox 682 2426 722 2465; x_wconf 89' lang='lat'>3,</span> <span class='ocrx_word' id='word_1_260' title='bbox 758 2427 798 2464; x_wconf 88' lang='grc'>6,</span> <span class='ocrx_word' id='word_1_261' title='bbox 831 2426 887 2457; x_wconf 78' lang='grc'>38.</span> 
     </span>
    </p>
   </div>
   <div class='ocr_carea' id='block_1_13' title="bbox 150 2517 889 2751">
    <p class='ocr_par' dir='ltr' id='par_1_14' title="bbox 150 2517 889 2751">
     <span class='ocr_line' id='line_1_45' title="bbox 198 2517 887 2559; baseline 0.004 -10"><span class='ocrx_word' id='word_1_262' title='bbox 198 2517 317 2550; x_wconf 83' lang='grc'><strong>50-54.</strong></span> <span class='ocrx_word' id='word_1_263' title='bbox 345 2519 480 2550; x_wconf 75' lang='lat' dir='ltr'>Cautus</span> <span class='ocrx_word' id='word_1_264' title='bbox 506 2519 591 2559; x_wconf 70' lang='lat' dir='ltr'>cet}</span> <span class='ocrx_word' id='word_1_265' title='bbox 634 2518 759 2559; x_wconf 81' lang='lat' dir='ltr'>„Talis</span> <span class='ocrx_word' id='word_1_266' title='bbox 778 2519 887 2552; x_wconf 90' lang='lat' dir='ltr'>homo</span> 
     </span>
     <span class='ocr_line' id='line_1_46' title="bbox 150 2563 887 2610; baseline 0.003 -13"><span class='ocrx_word' id='word_1_267' title='bbox 150 2567 251 2597; x_wconf 87' lang='lat' dir='ltr'>metu</span> <span class='ocrx_word' id='word_1_268' title='bbox 270 2563 463 2598; x_wconf 80' lang='lat' dir='ltr'>dumtaxat</span> <span class='ocrx_word' id='word_1_269' title='bbox 480 2575 635 2608; x_wconf 81' lang='lat' dir='ltr'>poenae,</span> <span class='ocrx_word' id='word_1_270' title='bbox 663 2576 738 2598; x_wconf 86' lang='lat' dir='ltr'>non</span> <span class='ocrx_word' id='word_1_271' title='bbox 766 2565 887 2610; x_wconf 89' lang='lat' dir='ltr'>ipsius</span> 
     </span>
     <span class='ocr_line' id='line_1_47' title="bbox 151 2611 889 2655; baseline 0.003 -11"><span class='ocrx_word' id='word_1_272' title='bbox 151 2611 301 2645; x_wconf 87' lang='lat' dir='ltr'>virtutis</span> <span class='ocrx_word' id='word_1_273' title='bbox 336 2622 482 2654; x_wconf 85' lang='lat' dir='ltr'>amore,</span> <span class='ocrx_word' id='word_1_274' title='bbox 516 2616 671 2655; x_wconf 83' lang='lat' dir='ltr'>peccata</span> <span class='ocrx_word' id='word_1_275' title='bbox 703 2613 813 2653; x_wconf 88' lang='lat' dir='ltr'>vitat,</span> <span class='ocrx_word' id='word_1_276' title='bbox 847 2616 889 2646; x_wconf 88' lang='lat' dir='ltr'>ut</span> 
     </span>
     <span class='ocr_line' id='line_1_48' title="bbox 150 2658 888 2703; baseline 0.003 -12"><span class='ocrx_word' id='word_1_277' title='bbox 150 2658 253 2692; x_wconf 73' lang='lat' dir='ltr'>ferae</span> <span class='ocrx_word' id='word_1_278' title='bbox 279 2662 394 2703; x_wconf 85' lang='lat' dir='ltr'>atque</span> <span class='ocrx_word' id='word_1_279' title='bbox 420 2669 526 2701; x_wconf 84' lang='lat' dir='ltr'>aves,</span> <span class='ocrx_word' id='word_1_280' title='bbox 553 2659 621 2692; x_wconf 90' lang='lat' dir='ltr'>ubi</span> <span class='ocrx_word' id='word_1_281' title='bbox 648 2660 763 2693; x_wconf 90' lang='lat' dir='ltr'>semel</span> <span class='ocrx_word' id='word_1_282' title='bbox 790 2670 809 2693; x_wconf 90' lang='lat' dir='ltr'>e</span> <span class='ocrx_word' id='word_1_283' title='bbox 835 2660 888 2693; x_wconf 86' lang='lat' dir='ltr'>fo-</span> 
     </span>
     <span class='ocr_line' id='line_1_49' title="bbox 150 2706 888 2751; baseline 0.001 -13"><span class='ocrx_word' id='word_1_284' title='bbox 150 2715 218 2739; x_wconf 74' lang='lat' dir='ltr'>vea</span> <span class='ocrx_word' id='word_1_285' title='bbox 254 2706 446 2751; x_wconf 86' lang='lat' dir='ltr'>laqueisve</span> <span class='ocrx_word' id='word_1_286' title='bbox 478 2717 518 2740; x_wconf 88' lang='lat' dir='ltr'>se</span> <span class='ocrx_word' id='word_1_287' title='bbox 544 2707 795 2748; x_wconf 76' lang='lat' dir='ltr'>extricarunt,</span> <span class='ocrx_word' id='word_1_288' title='bbox 828 2717 888 2740; x_wconf 81' lang='lat' dir='ltr'>ex-</span> 
     </span>
    </p>
   </div>
   <div class='ocr_carea' id='block_1_14' title="bbox 937 1194 1680 2417">
    <p class='ocr_par' dir='ltr' id='par_1_15' title="bbox 937 1194 1680 2417">
     <span class='ocr_line' id='line_1_50' title="bbox 941 1194 1680 1239; baseline 0.001 -11"><span class='ocrx_word' id='word_1_289' title='bbox 941 1195 1130 1239; x_wconf 87' lang='lat' dir='ltr'>perientia</span> <span class='ocrx_word' id='word_1_290' title='bbox 1179 1194 1334 1229; x_wconf 77' lang='lat' dir='ltr'>edoctae</span> <span class='ocrx_word' id='word_1_291' title='bbox 1376 1195 1471 1229; x_wconf 88' lang='lat' dir='ltr'>tales</span> <span class='ocrx_word' id='word_1_292' title='bbox 1521 1195 1680 1230; x_wconf 85' lang='lat' dir='ltr'>insidias</span> 
     </span>
     <span class='ocr_line' id='line_1_51' title="bbox 942 1241 1680 1287; baseline 0.003 -12"><span class='ocrx_word' id='word_1_293' title='bbox 942 1245 1051 1276; x_wconf 83' lang='lat' dir='ltr'>caute</span> <span class='ocrx_word' id='word_1_294' title='bbox 1078 1243 1209 1284; x_wconf 80' lang='lat' dir='ltr'>vitant,</span> <span class='ocrx_word' id='word_1_295' title='bbox 1234 1242 1358 1287; x_wconf 85' lang='lat' dir='ltr'>pisces</span> <span class='ocrx_word' id='word_1_296' title='bbox 1383 1241 1515 1276; x_wconf 85' lang='lat' dir='ltr'>itidem</span> <span class='ocrx_word' id='word_1_297' title='bbox 1540 1253 1680 1285; x_wconf 82' lang='lat' dir='ltr'>escam,</span> 
     </span>
     <span class='ocr_line' id='line_1_52' title="bbox 941 1289 1680 1334; baseline 0.003 -12"><span class='ocrx_word' id='word_1_298' title='bbox 941 1300 1053 1333; x_wconf 86' lang='lat' dir='ltr'>quam</span> <span class='ocrx_word' id='word_1_299' title='bbox 1072 1289 1143 1323; x_wconf 90' lang='lat' dir='ltr'>sibi</span> <span class='ocrx_word' id='word_1_300' title='bbox 1162 1289 1415 1334; x_wconf 79' lang='lat' dir='ltr'>perniciosam</span> <span class='ocrx_word' id='word_1_301' title='bbox 1432 1289 1514 1324; x_wconf 83' lang='lat' dir='ltr'>fore</span> <span class='ocrx_word' id='word_1_302' title='bbox 1541 1290 1680 1331; x_wconf 80' lang='lat' dir='ltr'>sciunt,</span> 
     </span>
     <span class='ocr_line' id='line_1_53' title="bbox 941 1336 1680 1381; baseline 0 -11"><span class='ocrx_word' id='word_1_303' title='bbox 941 1337 1032 1381; x_wconf 87' lang='lat' dir='ltr'>quia</span> <span class='ocrx_word' id='word_1_304' title='bbox 1058 1337 1128 1370; x_wconf 88' lang='lat' dir='ltr'>sub</span> <span class='ocrx_word' id='word_1_305' title='bbox 1155 1347 1199 1370; x_wconf 83' lang='lat' dir='ltr'>ea</span> <span class='ocrx_word' id='word_1_306' title='bbox 1224 1336 1316 1370; x_wconf 87' lang='lat' dir='ltr'>latet</span> <span class='ocrx_word' id='word_1_307' title='bbox 1331 1338 1500 1371; x_wconf 83' lang='lat' dir='ltr'>hamus.“</span> <span class='ocrx_word' id='word_1_308' title='bbox 1517 1355 1559 1360; x_wconf 94' lang='lat'><strong>—</strong></span> <span class='ocrx_word' id='word_1_309' title='bbox 1575 1345 1680 1379; x_wconf 79' lang='lat' dir='ltr'>oper-</span> 
     </span>
     <span class='ocr_line' id='line_1_54' title="bbox 941 1383 1680 1429; baseline 0.003 -13"><span class='ocrx_word' id='word_1_310' title='bbox 941 1384 1040 1426; x_wconf 79' lang='lat' dir='ltr'>tum]</span> <span class='ocrx_word' id='word_1_311' title='bbox 1081 1394 1191 1426; x_wconf 85' lang='lat' dir='ltr'>„esca</span> <span class='ocrx_word' id='word_1_312' title='bbox 1216 1384 1480 1427; x_wconf 86' lang='lat' dir='ltr'>occultatum“,</span> <span class='ocrx_word' id='word_1_313' title='bbox 1518 1386 1561 1418; x_wconf 87' lang='lat' dir='ltr'>ut</span> <span class='ocrx_word' id='word_1_314' title='bbox 1584 1383 1680 1429; x_wconf 79' lang='lat' dir='ltr'>Epp.</span> 
     </span>
     <span class='ocr_line' id='line_1_55' title="bbox 944 1432 1677 1473; baseline 0 -9"><span class='ocrx_word' id='word_1_315' title='bbox 944 1434 982 1473; x_wconf 93' lang='lat'>1,</span> <span class='ocrx_word' id='word_1_316' title='bbox 1017 1433 1057 1472; x_wconf 93' lang='lat'>7,</span> <span class='ocrx_word' id='word_1_317' title='bbox 1090 1433 1155 1464; x_wconf 85' lang='lat'>74:</span> <span class='ocrx_word' id='word_1_318' title='bbox 1185 1432 1605 1465; x_wconf 70' lang='lat' dir='ltr'>Occultum-—hamum</span> <span class='ocrx_word' id='word_1_319' title='bbox 1634 1451 1677 1455; x_wconf 95' lang='lat'><strong>—</strong></span> 
     </span>
     <span class='ocr_line' id='line_1_56' title="bbox 939 1478 1677 1523; baseline 0.001 -12"><span class='ocrx_word' id='word_1_320' title='bbox 939 1478 1102 1521; x_wconf 80' lang='lat' dir='ltr'>miluus]</span> <span class='ocrx_word' id='word_1_321' title='bbox 1135 1479 1251 1523; x_wconf 86' lang='lat' dir='ltr'>piscis</span> <span class='ocrx_word' id='word_1_322' title='bbox 1284 1489 1401 1523; x_wconf 83' lang='lat' dir='ltr'>rapax</span> <span class='ocrx_word' id='word_1_323' title='bbox 1426 1489 1471 1513; x_wconf 84' lang='lat' dir='ltr'>ex</span> <span class='ocrx_word' id='word_1_324' title='bbox 1495 1478 1677 1513; x_wconf 78' lang='lat' dir='ltr'>dol-adum</span> 
     </span>
     <span class='ocr_line' id='line_1_57' title="bbox 940 1525 1676 1571; baseline 0 -12"><span class='ocrx_word' id='word_1_325' title='bbox 940 1537 1092 1571; x_wconf 88' lang='lat' dir='ltr'>genere,</span> <span class='ocrx_word' id='word_1_326' title='bbox 1119 1536 1194 1559; x_wconf 88' lang='lat' dir='ltr'>non</span> <span class='ocrx_word' id='word_1_327' title='bbox 1214 1526 1382 1560; x_wconf 87' lang='lat' dir='ltr'>eiusdem</span> <span class='ocrx_word' id='word_1_328' title='bbox 1400 1525 1566 1560; x_wconf 86' lang='lat' dir='ltr'>nominis</span> <span class='ocrx_word' id='word_1_329' title='bbox 1584 1526 1676 1560; x_wconf 85' lang='lat' dir='ltr'>avis.</span> 
     </span>
     <span class='ocr_line' id='line_1_58' title="bbox 939 1573 1680 1618; baseline 0 -11"><span class='ocrx_word' id='word_1_330' title='bbox 939 1573 995 1607; x_wconf 89' lang='lat' dir='ltr'>De</span> <span class='ocrx_word' id='word_1_331' title='bbox 1021 1573 1333 1617; x_wconf 80' lang='lat' dir='ltr'>pronuntiatione</span> <span class='ocrx_word' id='word_1_332' title='bbox 1366 1573 1579 1618; x_wconf 83' lang='lat' dir='ltr'>antiquitus</span> <span class='ocrx_word' id='word_1_333' title='bbox 1610 1573 1680 1607; x_wconf 91' lang='lat' dir='ltr'>tri-</span> 
     </span>
     <span class='ocr_line' id='line_1_59' title="bbox 940 1620 1678 1666; baseline -0.003 -11"><span class='ocrx_word' id='word_1_334' title='bbox 940 1620 1086 1666; x_wconf 81' lang='lat' dir='ltr'>syllaba</span> <span class='ocrx_word' id='word_1_335' title='bbox 1117 1620 1183 1655; x_wconf 89' lang='lat' dir='ltr'>cfr.</span> <span class='ocrx_word' id='word_1_336' title='bbox 1225 1620 1343 1665; x_wconf 85' lang='lat' dir='ltr'>Epod.</span> <span class='ocrx_word' id='word_1_337' title='bbox 1372 1623 1435 1662; x_wconf 89' lang='lat'>16,</span> <span class='ocrx_word' id='word_1_338' title='bbox 1469 1622 1526 1655; x_wconf 87' lang='grc'>32.</span> <span class='ocrx_word' id='word_1_339' title='bbox 1554 1640 1596 1644; x_wconf 91' lang='lat'>-—</span> <span class='ocrx_word' id='word_1_340' title='bbox 1624 1621 1678 1653; x_wconf 78' lang='lat' dir='ltr'>Tu</span> 
     </span>
     <span class='ocr_line' id='line_1_60' title="bbox 940 1667 1678 1711; baseline -0.003 -9"><span class='ocrx_word' id='word_1_341' title='bbox 940 1668 1033 1711; x_wconf 71' lang='lat' dir='ltr'>cet]</span> <span class='ocrx_word' id='word_1_342' title='bbox 1084 1667 1301 1702; x_wconf 75' lang='lat' dir='ltr'>Generatim</span> <span class='ocrx_word' id='word_1_343' title='bbox 1356 1667 1534 1702; x_wconf 87' lang='lat' dir='ltr'>dicuntur</span> <span class='ocrx_word' id='word_1_344' title='bbox 1582 1668 1678 1700; x_wconf 86' lang='lat' dir='ltr'>haec</span> 
     </span>
     <span class='ocr_line' id='line_1_61' title="bbox 940 1712 1677 1758; baseline -0.001 -10"><span class='ocrx_word' id='word_1_345' title='bbox 940 1715 1066 1749; x_wconf 84' lang='lat' dir='ltr'>omnia</span> <span class='ocrx_word' id='word_1_346' title='bbox 1083 1726 1139 1749; x_wconf 82' lang='lat' dir='ltr'>vv.</span> <span class='ocrx_word' id='word_1_347' title='bbox 1159 1717 1294 1757; x_wconf 86' lang='lat'>52-56.,</span> <span class='ocrx_word' id='word_1_348' title='bbox 1319 1718 1361 1749; x_wconf 88' lang='lat' dir='ltr'>ut</span> <span class='ocrx_word' id='word_1_349' title='bbox 1386 1725 1497 1758; x_wconf 82' lang='lat' dir='ltr'>saepe</span> <span class='ocrx_word' id='word_1_350' title='bbox 1522 1714 1562 1747; x_wconf 88' lang='lat' dir='ltr'>in</span> <span class='ocrx_word' id='word_1_351' title='bbox 1582 1712 1677 1748; x_wconf 86' lang='lat' dir='ltr'>Stoi·</span> 
     </span>
     <span class='ocr_line' id='line_1_62' title="bbox 939 1760 1675 1808; baseline 0 -13"><span class='ocrx_word' id='word_1_352' title='bbox 939 1773 1068 1796; x_wconf 89' lang='lat' dir='ltr'>corum</span> <span class='ocrx_word' id='word_1_353' title='bbox 1087 1761 1310 1808; x_wconf 75' lang='grc' dir='ltr'>διατριβαῖς,</span> <span class='ocrx_word' id='word_1_354' title='bbox 1336 1772 1412 1804; x_wconf 76' lang='lat' dir='ltr'>non</span> <span class='ocrx_word' id='word_1_355' title='bbox 1431 1763 1474 1795; x_wconf 78' lang='lat' dir='ltr'>ut</span> <span class='ocrx_word' id='word_1_356' title='bbox 1490 1761 1538 1795; x_wconf 82' lang='lat' dir='ltr'>ad</span> <span class='ocrx_word' id='word_1_357' title='bbox 1555 1760 1675 1800; x_wconf 86' lang='lat' dir='ltr'>Quin-</span> 
     </span>
     <span class='ocr_line' id='line_1_63' title="bbox 938 1807 1675 1852; baseline 0 -10"><span class='ocrx_word' id='word_1_358' title='bbox 938 1810 1030 1842; x_wconf 86' lang='lat' dir='ltr'>tium</span> <span class='ocrx_word' id='word_1_359' title='bbox 1057 1809 1181 1852; x_wconf 90' lang='lat' dir='ltr'>ipsum</span> <span class='ocrx_word' id='word_1_360' title='bbox 1208 1809 1435 1843; x_wconf 83' lang='lat' dir='ltr'>referantur.</span> <span class='ocrx_word' id='word_1_361' title='bbox 1475 1807 1675 1842; x_wconf 84' lang='lat' dir='ltr'>Transitus</span> 
     </span>
     <span class='ocr_line' id='line_1_64' title="bbox 937 1857 1675 1898; baseline 0.001 -10"><span class='ocrx_word' id='word_1_362' title='bbox 937 1857 998 1889; x_wconf 88' lang='lat' dir='ltr'>hic</span> <span class='ocrx_word' id='word_1_363' title='bbox 1037 1859 1111 1890; x_wconf 87' lang='lat' dir='ltr'>est:</span> <span class='ocrx_word' id='word_1_364' title='bbox 1156 1857 1343 1896; x_wconf 75' lang='lat' dir='ltr'>„Oderunt</span> <span class='ocrx_word' id='word_1_365' title='bbox 1370 1873 1385 1880; x_wconf 93' lang='lat'>-</span> <span class='ocrx_word' id='word_1_366' title='bbox 1411 1873 1426 1880; x_wconf 91' lang='lat'><strong>·</strong></span> <span class='ocrx_word' id='word_1_367' title='bbox 1452 1864 1595 1898; x_wconf 82' lang='lat' dir='ltr'>amore;</span> <span class='ocrx_word' id='word_1_368' title='bbox 1634 1859 1675 1889; x_wconf 87' lang='lat' dir='ltr'>tu</span> 
     </span>
     <span class='ocr_line' id='line_1_65' title="bbox 940 1903 1676 1947; baseline 0.001 -11"><span class='ocrx_word' id='word_1_369' title='bbox 940 1906 1091 1943; x_wconf 86' lang='lat' dir='ltr'>contra,</span> <span class='ocrx_word' id='word_1_370' title='bbox 1138 1903 1249 1936; x_wconf 86' lang='lat' dir='ltr'>sicuti</span> <span class='ocrx_word' id='word_1_371' title='bbox 1292 1903 1488 1947; x_wconf 87' lang='lat' dir='ltr'>plerique,</span> <span class='ocrx_word' id='word_1_372' title='bbox 1529 1914 1676 1947; x_wconf 86' lang='lat' dir='ltr'>poenae</span> 
     </span>
     <span class='ocr_line' id='line_1_66' title="bbox 940 1950 1674 1984; baseline 0 0"><span class='ocrx_word' id='word_1_373' title='bbox 940 1950 1132 1984; x_wconf 82' lang='lat' dir='ltr'>dumtaxat</span> <span class='ocrx_word' id='word_1_374' title='bbox 1152 1950 1355 1984; x_wconf 88' lang='lat' dir='ltr'>formidine</span> <span class='ocrx_word' id='word_1_375' title='bbox 1380 1961 1403 1984; x_wconf 85' lang='lat' dir='ltr'>a</span> <span class='ocrx_word' id='word_1_376' title='bbox 1428 1950 1578 1984; x_wconf 85' lang='lat' dir='ltr'>delictis</span> <span class='ocrx_word' id='word_1_377' title='bbox 1605 1950 1674 1984; x_wconf 83' lang='lat' dir='ltr'>tibi</span> 
     </span>
     <span class='ocr_line' id='line_1_67' title="bbox 940 1997 1674 2042; baseline -0.003 -10"><span class='ocrx_word' id='word_1_378' title='bbox 940 2009 1060 2032; x_wconf 85' lang='lat' dir='ltr'>caves.</span> <span class='ocrx_word' id='word_1_379' title='bbox 1109 1997 1235 2042; x_wconf 83' lang='lat' dir='ltr'>Atque</span> <span class='ocrx_word' id='word_1_380' title='bbox 1268 2000 1488 2042; x_wconf 82' lang='lat' dir='ltr'>propterea,</span> <span class='ocrx_word' id='word_1_381' title='bbox 1521 1998 1553 2031; x_wconf 87' lang='lat' dir='ltr'>si</span> <span class='ocrx_word' id='word_1_382' title='bbox 1588 1997 1674 2031; x_wconf 78' lang='lat' dir='ltr'>talis</span> 
     </span>
     <span class='ocr_line' id='line_1_68' title="bbox 937 2044 1676 2089; baseline -0.001 -10"><span class='ocrx_word' id='word_1_383' title='bbox 937 2046 1048 2079; x_wconf 88' lang='lat' dir='ltr'>homo</span> <span class='ocrx_word' id='word_1_384' title='bbox 1075 2047 1201 2089; x_wconf 88' lang='lat' dir='ltr'>speret</span> <span class='ocrx_word' id='word_1_385' title='bbox 1227 2045 1324 2079; x_wconf 83' lang='lat' dir='ltr'>clam</span> <span class='ocrx_word' id='word_1_386' title='bbox 1341 2046 1421 2080; x_wconf 75' lang='lat' dir='ltr'>fore</span> <span class='ocrx_word' id='word_1_387' title='bbox 1438 2044 1676 2087; x_wconf 80' lang='lat' dir='ltr'>maleficium,</span> 
     </span>
     <span class='ocr_line' id='line_1_69' title="bbox 937 2091 1675 2137; baseline -0.001 -11"><span class='ocrx_word' id='word_1_388' title='bbox 937 2092 1111 2136; x_wconf 88' lang='lat' dir='ltr'>pessimis</span> <span class='ocrx_word' id='word_1_389' title='bbox 1138 2093 1355 2137; x_wconf 87' lang='lat' dir='ltr'>quibusque</span> <span class='ocrx_word' id='word_1_390' title='bbox 1372 2091 1607 2126; x_wconf 85' lang='lat' dir='ltr'>facinoribus</span> <span class='ocrx_word' id='word_1_391' title='bbox 1633 2101 1675 2126; x_wconf 83' lang='lat' dir='ltr'>se</span> 
     </span>
     <span class='ocr_line' id='line_1_70' title="bbox 939 2138 1671 2184; baseline -0.001 -11"><span class='ocrx_word' id='word_1_392' title='bbox 939 2140 1234 2182; x_wconf 83' lang='lat' dir='ltr'>conscelerabit,</span> <span class='ocrx_word' id='word_1_393' title='bbox 1284 2139 1396 2174; x_wconf 83' lang='lat' dir='ltr'>etiam</span> <span class='ocrx_word' id='word_1_394' title='bbox 1438 2138 1671 2184; x_wconf 82' lang='lat' dir='ltr'>sacrilegio.“</span> 
     </span>
     <span class='ocr_line' id='line_1_71' title="bbox 937 2186 1673 2229; baseline -0.001 -9"><span class='ocrx_word' id='word_1_395' title='bbox 937 2187 1009 2221; x_wconf 87' lang='lat' dir='ltr'>Hic</span> <span class='ocrx_word' id='word_1_396' title='bbox 1041 2190 1185 2229; x_wconf 83' lang='lat' dir='ltr'>autem,</span> <span class='ocrx_word' id='word_1_397' title='bbox 1224 2187 1288 2221; x_wconf 92' lang='lat' dir='ltr'>ubi</span> <span class='ocrx_word' id='word_1_398' title='bbox 1325 2187 1478 2221; x_wconf 90' lang='lat' dir='ltr'>omnino</span> <span class='ocrx_word' id='word_1_399' title='bbox 1505 2186 1673 2220; x_wconf 84' lang='lat' dir='ltr'>Stoicum</span> 
     </span>
     <span class='ocr_line' id='line_1_72' title="bbox 938 2234 1676 2279; baseline -0.001 -11"><span class='ocrx_word' id='word_1_400' title='bbox 938 2235 1034 2279; x_wconf 82' lang='lat' dir='ltr'>agit,</span> <span class='ocrx_word' id='word_1_401' title='bbox 1061 2235 1197 2269; x_wconf 90' lang='lat' dir='ltr'>horum</span> <span class='ocrx_word' id='word_1_402' title='bbox 1222 2237 1485 2279; x_wconf 84' lang='lat' dir='ltr'>praeceptum,</span> <span class='ocrx_word' id='word_1_403' title='bbox 1528 2234 1676 2276; x_wconf 83' lang='lat' dir='ltr'>„omnia</span> 
     </span>
     <span class='ocr_line' id='line_1_73' title="bbox 937 2280 1673 2326; baseline -0.001 -11"><span class='ocrx_word' id='word_1_404' title='bbox 937 2285 1091 2325; x_wconf 83' lang='lat' dir='ltr'>peccata</span> <span class='ocrx_word' id='word_1_405' title='bbox 1117 2293 1199 2316; x_wconf 87' lang='lat' dir='ltr'>esse</span> <span class='ocrx_word' id='word_1_406' title='bbox 1225 2282 1434 2326; x_wconf 79' lang='lat' dir='ltr'>aequalia“‚</span> <span class='ocrx_word' id='word_1_407' title='bbox 1460 2281 1563 2326; x_wconf 91' lang='lat' dir='ltr'>quod</span> <span class='ocrx_word' id='word_1_408' title='bbox 1586 2280 1673 2314; x_wconf 91' lang='lat' dir='ltr'>irri-</span> 
     </span>
     <span class='ocr_line' id='line_1_74' title="bbox 939 2328 1673 2373; baseline 0 -11"><span class='ocrx_word' id='word_1_409' title='bbox 939 2332 1039 2363; x_wconf 87' lang='lat' dir='ltr'>serat</span> <span class='ocrx_word' id='word_1_410' title='bbox 1065 2328 1137 2362; x_wconf 83' lang='lat' dir='ltr'>Sat.</span> <span class='ocrx_word' id='word_1_411' title='bbox 1168 2333 1208 2370; x_wconf 89' lang='lat'>1,</span> <span class='ocrx_word' id='word_1_412' title='bbox 1233 2331 1274 2369; x_wconf 83' lang='lat'>3,</span> <span class='ocrx_word' id='word_1_413' title='bbox 1300 2331 1376 2371; x_wconf 84' lang='lat'>96.,</span> <span class='ocrx_word' id='word_1_414' title='bbox 1409 2329 1491 2373; x_wconf 89' lang='lat' dir='ltr'>ipse</span> <span class='ocrx_word' id='word_1_415' title='bbox 1518 2339 1673 2373; x_wconf 88' lang='lat' dir='ltr'>quoque</span> 
     </span>
     <span class='ocr_line' id='line_1_75' title="bbox 938 2376 1673 2417; baseline -0.001 -8"><span class='ocrx_word' id='word_1_416' title='bbox 938 2387 1048 2410; x_wconf 84' lang='lat' dir='ltr'>suum</span> <span class='ocrx_word' id='word_1_417' title='bbox 1074 2376 1173 2410; x_wconf 79' lang='lat' dir='ltr'>facit.</span> <span class='ocrx_word' id='word_1_418' title='bbox 1200 2396 1241 2399; x_wconf 82' lang='lat'><em>-</em></span> <span class='ocrx_word' id='word_1_419' title='bbox 1267 2377 1430 2410; x_wconf 72' lang='lat' dir='ltr'>miscebis</span> <span class='ocrx_word' id='word_1_420' title='bbox 1453 2384 1564 2410; x_wconf 75' lang='lat' dir='ltr'>sacra</span> <span class='ocrx_word' id='word_1_421' title='bbox 1587 2383 1673 2417; x_wconf 80' lang='lat' dir='ltr'>pro-</span> 
     </span>
    </p>
   </div>
   <div class='ocr_carea' id='block_1_15' title="bbox 919 2423 1672 2466">
    <p class='ocr_par' dir='ltr' id='par_1_16' title="bbox 919 2423 1672 2466">
     <span class='ocr_line' id='line_1_76' title="bbox 919 2423 1672 2466; baseline -0.003 -8"><span class='ocrx_word' id='word_1_422' title='bbox 919 2423 1050 2466; x_wconf 69' lang='lat' dir='ltr'>fanis]</span> <span class='ocrx_word' id='word_1_423' title='bbox 1089 2423 1210 2457; x_wconf 80' lang='lat' dir='ltr'>Plaut.</span> <span class='ocrx_word' id='word_1_424' title='bbox 1250 2423 1353 2457; x_wconf 85' lang='lat' dir='ltr'>Trin.</span> <span class='ocrx_word' id='word_1_425' title='bbox 1381 2425 1421 2466; x_wconf 83' lang='lat'>2,</span> <span class='ocrx_word' id='word_1_426' title='bbox 1454 2425 1495 2464; x_wconf 89' lang='grc'>2,</span> <span class='ocrx_word' id='word_1_427' title='bbox 1528 2425 1569 2456; x_wconf 83' lang='lat'>9:</span> <span class='ocrx_word' id='word_1_428' title='bbox 1605 2424 1672 2456; x_wconf 83' lang='lat' dir='ltr'>Sa-</span> 
     </span>
    </p>
   </div>
   <div class='ocr_carea' id='block_1_16' title="bbox 934 2471 1673 2748">
    <p class='ocr_par' dir='ltr' id='par_1_17' title="bbox 934 2471 1673 2748">
     <span class='ocr_line' id='line_1_77' title="bbox 938 2471 1673 2513; baseline -0.001 -10"><span class='ocrx_word' id='word_1_429' title='bbox 938 2479 1041 2503; x_wconf 84' lang='lat' dir='ltr'>crum</span> <span class='ocrx_word' id='word_1_430' title='bbox 1054 2472 1268 2513; x_wconf 74' lang='lat' dir='ltr'>profanum,</span> <span class='ocrx_word' id='word_1_431' title='bbox 1283 2471 1471 2512; x_wconf 80' lang='lat' dir='ltr'>publicum</span> <span class='ocrx_word' id='word_1_432' title='bbox 1484 2471 1673 2511; x_wconf 79' lang='lat' dir='ltr'>privatum</span> 
     </span>
     <span class='ocr_line' id='line_1_78' title="bbox 936 2515 1669 2559; baseline -0.001 -9"><span class='ocrx_word' id='word_1_433' title='bbox 936 2519 1087 2559; x_wconf 76' lang='lat' dir='ltr'>habent,</span> <span class='ocrx_word' id='word_1_434' title='bbox 1112 2518 1234 2551; x_wconf 81' lang='lat' dir='ltr'>hiulca</span> <span class='ocrx_word' id='word_1_435' title='bbox 1260 2526 1356 2559; x_wconf 75' lang='lat' dir='ltr'>qem-</span> <span class='ocrx_word' id='word_1_436' title='bbox 1395 2517 1536 2551; x_wconf 84' lang='lat' dir='ltr'>Contra</span> <span class='ocrx_word' id='word_1_437' title='bbox 1558 2517 1603 2549; x_wconf 80' lang='lat' dir='ltr'>A.</span> <span class='ocrx_word' id='word_1_438' title='bbox 1627 2515 1669 2549; x_wconf 92' lang='lat' dir='ltr'>P.</span> 
     </span>
     <span class='ocr_line' id='line_1_79' title="bbox 938 2565 1671 2605; baseline -0.001 -8"><span class='ocrx_word' id='word_1_439' title='bbox 938 2566 1025 2598; x_wconf 85' lang='lat'>396:</span> <span class='ocrx_word' id='word_1_440' title='bbox 1053 2566 1136 2598; x_wconf 77' lang='lat' dir='ltr'>Fuit</span> <span class='ocrx_word' id='word_1_441' title='bbox 1161 2566 1250 2598; x_wconf 77' lang='lat' dir='ltr'>haec</span> <span class='ocrx_word' id='word_1_442' title='bbox 1273 2565 1455 2605; x_wconf 75' lang='lat' dir='ltr'>sapientia</span> <span class='ocrx_word' id='word_1_443' title='bbox 1475 2565 1671 2605; x_wconf 77' lang='lat' dir='ltr'>quondam,</span> 
     </span>
     <span class='ocr_line' id='line_1_80' title="bbox 936 2613 1670 2653; baseline 0 -9"><span class='ocrx_word' id='word_1_444' title='bbox 936 2613 1087 2645; x_wconf 80' lang='lat' dir='ltr'>Publica</span> <span class='ocrx_word' id='word_1_445' title='bbox 1120 2613 1277 2653; x_wconf 73' lang='lat' dir='ltr'>privatis</span> <span class='ocrx_word' id='word_1_446' title='bbox 1313 2619 1520 2652; x_wconf 75' lang='lat' dir='ltr'>secernere,</span> <span class='ocrx_word' id='word_1_447' title='bbox 1559 2619 1670 2644; x_wconf 77' lang='lat' dir='ltr'>sacra</span> 
     </span>
     <span class='ocr_line' id='line_1_81' title="bbox 934 2660 1629 2701; baseline -0.003 -9"><span class='ocrx_word' id='word_1_448' title='bbox 934 2660 1115 2701; x_wconf 75' lang='lat' dir='ltr'>profanis.</span> <span class='ocrx_word' id='word_1_449' title='bbox 1627 2664 1629 2666; x_wconf 83' lang='lat'>·</span> 
     </span>
     <span class='ocr_line' id='line_1_82' title="bbox 985 2705 1670 2748; baseline 0.001 -9"><span class='ocrx_word' id='word_1_450' title='bbox 985 2707 1040 2739; x_wconf 89' lang='grc'>56.</span> <span class='ocrx_word' id='word_1_451' title='bbox 1066 2705 1174 2748; x_wconf 74' lang='lat' dir='ltr'>mihi]</span> <span class='ocrx_word' id='word_1_452' title='bbox 1209 2716 1312 2748; x_wconf 81' lang='lat' dir='ltr'>„mea</span> <span class='ocrx_word' id='word_1_453' title='bbox 1337 2705 1526 2740; x_wconf 82' lang='lat' dir='ltr'>sententia</span> <span class='ocrx_word' id='word_1_454' title='bbox 1550 2708 1588 2740; x_wconf 87' lang='lat' dir='ltr'>et</span> <span class='ocrx_word' id='word_1_455' title='bbox 1611 2705 1670 2740; x_wconf 88' lang='lat' dir='ltr'>iu-</span> 
     </span>
    </p>
   </div>
  </div>
 </body>
</html>
