1774 2930
637 159 734 195 LIB.
755 159 805 194 11.
851 157 1006 193 EPIST.
1028 157 1060 196 Ῑ.

1539 157 1628 199 435

230 263 427 316 Munera,
457 275 568 318 quae
597 260 733 302 multa
761 259 903 302 dantis
934 271 1030 301 cum
1059 256 1187 301 laude
1217 257 1407 300 tulerunt

231 333 390 376 Dilecti
419 332 500 374 tibi
529 331 738 387 Virgilius
768 330 1011 386 Variusque
1041 332 1221 386 poetae;

230 403 322 447 Nec
349 403 488 460 magis
518 402 712 459 expressi
741 401 883 444 voltus
911 414 991 457 per
1020 403 1157 443 aenea
1186 399 1331 455 signa,

234 474 374 523 Quam
401 487 480 531 per
506 474 618 516 vatis
649 486 756 529 opus
786 485 927 514 mores
958 471 1175 527 animique
1204 470 1393 513 virorum

234 544 455 588 Clarorum
485 546 708 600 apparent.
750 541 843 585 Nec
871 555 1090 584 semones
1121 555 1202 597 ego
1232 541 1404 583 mallem

1539 539 1627 582 250

232 615 450 672 Repentes
479 628 558 671 per
584 614 764 656 humum
794 626 922 669 quam
950 626 1021 655 res
1053 625 1307 668 componere
1338 614 1503 667 gestas,

234 685 547 742 Terrarumque
577 686 685 726 situs
717 688 761 726 et
788 683 967 725 flumina
997 682 1139 726 dicere
1170 685 1214 726 et
1244 695 1365 725 arces

234 757 450 799 Montibus
480 756 702 812 impositas
734 758 778 797 et
805 753 989 796 barbara
1017 767 1153 810 regna
1181 754 1353 810 tuisque

234 827 450 883 Auspiciis
479 830 616 869 totum
646 825 840 868 confecta
868 824 1010 868 duella
1038 839 1117 881 per
1147 824 1294 867 orbem

235 897 517 954 Claustraque
550 896 769 939 custodem
798 896 916 952 pacis
948 895 1193 938 cohibentia
1221 894 1373 937 Ianum

1543 894 1629 935 255

215 1022 294 1055 24⁷.
330 1021 510 1062 Verailiiu
541 1022 644 1054 recte
677 1019 700 1053 b
730 1022 768 1053 et
792 1018 973 1053 Schmidii
1004 1018 1161 1063 primus.
1185 1036 1233 1043 -
1260 1019 1448 1059 Varusque
1471 1017 1522 1051 bd
1546 1019 1586 1051 et

166 1078 295 1102 omnes
319 1066 514 1101 Schmidii.

118 1167 187 1200 89:
236 1168 390 1208 Inuenia
435 1167 548 1200 seculi
585 1168 644 1200 sui
684 1167 847 1199 omnibus

116 1214 234 1247 nodis
257 1215 358 1256 Iovii.
399 1215 607 1247 Recitantes
637 1216 670 1247 el
696 1214 847 1254 benique

119 1263 154 1293 ci
187 1262 372 1302 patienter
407 1262 565 1302 audim'l,
601 1269 667 1294 nec
706 1262 849 1293 lanium

119 1308 287 1340 carmina
318 1310 351 1341 et
383 1309 569 1350 historias,
607 1310 672 1341 sed
705 1309 738 1340 et
763 1315 848 1340 ora-

119 1355 236 1387 tiones
260 1357 295 1388 el
318 1356 494 1395 dialoqos.
533 1355 704 1395 componi
729 1357 850 1387 tamen

119 1401 413 1442 aliquiddese
450 1402 721 1435 nisietsen'o
760 1403 849 1434 ela

115 1449 440 1489 praestantissimis
454 1438 849 1489 offmbmurmeooe

118 1494 343 1528 Lambinus:
383 1506 481 1537 „non
518 1494 750 1529 dedecorant
786 1505 850 1528 tua

118 1541 167 1576 de
186 1552 227 1576 se
243 1541 398 1584 iudicia,
415 1542 516 1587 quia,
534 1542 666 1586 quales
684 1552 749 1576 eos
766 1552 850 1576 esse

119 1588 309 1631 iudicasti,
326 1589 421 1623 tales
439 1600 504 1623 eos
518 1600 602 1623 esse
617 1589 849 1623 consuetudo

119 1636 220 1670 vitae
260 1638 299 1670 et
337 1635 419 1670 dies
462 1639 499 1670 et
539 1647 667 1670 00111111
710 1636 851 1680 scripta

119 1683 431 1726 comprobarunt,
463 1694 587 1728 neque
619 1683 733 1717 iidem
768 1694 850 1716 mu-

119 1740 225 1772 nera,
250 1741 347 1775 quae
372 1731 439 1764 abs
464 1734 501 1764 te
518 1733 761 1774 acceperunt,
786 1730 851 1763 de-

119 1776 321 1820 decorant,
357 1778 447 1821 quia
471 1777 574 1821 apud
602 1777 737 1822 dignos
763 1781 852 1811 sunt

119 1824 336 1858 collocata.“
355 1843 399 1848 —
417 1824 591 1867 Munera]
614 1823 698 1858 Non
716 1825 850 1869 liquet,

121 1873 247 1904 utrum
266 1882 398 1905 verum
418 1872 478 1914 sit,
497 1882 628 1914 necne,
642 1871 738 1905 illud
748 1871 850 1916 quod

120 1917 236 1951 tradit
260 1918 399 1951 Comm.
426 1918 605 1963 Cruquii:
632 1919 753 1962 „Quia
777 1920 850 1952 iam

121 1963 182 1996 his
219 1964 381 2008 singulis
416 1965 621 1999 donaverat
655 1966 850 2010 Augustus

123 2010 249 2043 decies
266 2012 515 2044 sestertium.“
535 2030 578 2035 -—
597 2013 714 2045 multa
731 2014 851 2045 damis

69 2088 72 2090 .
124 2064 206 2088 mm
248 2057 378 2099 laude]
422 2058 497 2098 „ita
537 2057 681 2100 dantis,
722 2061 765 2091 ut
805 2059 851 2092 ab

125 2102 299 2137 omnibus
329 2103 481 2148 Virgilii
506 2103 688 2148 Variique
722 2106 852 2148 aequis

125 2149 425 2184 aestimatoribus
449 2150 583 2184 merito
600 2151 788 2185 laudere.“
808 2170 851 2175 —

128 2196 298 2237 Viwilius
318 2197 530 2240 Variusque]
553 2196 735 2242 Virgilius
756 2208 854 2232 mor-

124 2244 214 2276 tuus
246 2246 304 2277 est
335 2254 367 2277 a.
399 2255 437 2277 u.
471 2254 502 2277 0.
537 2246 616 2278 735.
650 2247 688 2278 et
723 2246 854 2278 Varius

124 2289 215 2323 item
239 2290 389 2324 videtur
413 2294 499 2325 ante
528 2291 624 2325 hanc
649 2292 853 2336 Epistolam

125 2337 368 2380 compositam
391 2341 548 2372 mortem
574 2338 710 2372 obisse.
757 2339 853 2374 Sane

125 2384 251 2418 minus
295 2384 501 2418 amicornm
543 2385 680 2429 pudori
722 2396 855 2420 consu-

125 2429 279 2473 luisset,
312 2432 345 2465 si
370 2432 416 2465 de
449 2432 542 2466 11118
574 2433 647 2466 1100
678 2433 854 2474 dixissen·

125 2477 394 2512 convenienter
413 2482 543 2513 contra
556 2481 775 2514 memoravit
790 2480 855 2515 be-

124 2524 262 2558 neficia
301 2526 341 2558 in
389 2529 556 2560 mortuos
597 2528 643 2561 ab
684 2527 853 2572 Augusto

126 2571 318 2619 collocata.
345 2572 420 2606 Gfr.
444 2572 519 2607 Sat.
539 2577 571 2616 1,
588 2575 622 2616 5,
640 2576 697 2608 40.
718 2594 760 2598 -
779 2575 853 2608 Nec

125 2620 242 2659 mavis
268 2619 352 2662 cet.]
379 2619 454 2653 Cfr.
480 2620 548 2654 Od.
574 2623 613 2663 4,
639 2623 672 2662 8,
700 2623 742 2655 13
770 2632 852 2666 sqq.

130 2663 226 2705 „Nec
242 2666 359 2711 magis
378 2667 500 2702 voltus
526 2668 788 2712 exprimuntur
811 2669 851 2702 in

129 2711 262 2746 statuis
286 2714 474 2747 clarorum
490 2715 656 2749 virorum
675 2727 786 2760 quam
811 2716 851 2749 in

895 1166 1130 1209 poematibus
1170 1176 1293 1199 mores
1342 1176 1472 1199 eorum
1513 1170 1627 1210 atque

895 1212 1047 1246 animi!⁶
1096 1213 1343 1246 Ponmmuo.
1371 1232 1414 1236 —
1446 1212 1630 1255 expressi]

897 1259 1051 1293 Curtius
1069 1261 1102 1301 3,
1120 1261 1153 1301 7,
1173 1262 1236 1293 16:
1252 1261 1456 1293 simulacra
1473 1269 1521 1294 ex
1536 1268 1630 1292 auro

897 1309 1122 1348 arqencoque
1141 1315 1327 1348 expressa.
1342 1325 1386 1330 —
1402 1309 1519 1340 aenea
1536 1306 1630 1340 Edd.

897 1353 1105 1387 nonnullae
1122 1355 1272 1387 ahenea.
1294 1353 1408 1398 Apud
1425 1353 1630 1399 Virgilium

898 1404 1114 1434 constanter
1140 1401 1319 1435 scribitur
1343 1403 1470 1434 ainus.
1495 1420 1538 1424 —
1565 1410 1631 1443 ap-

895 1448 1051 1491 parent]
1090 1449 1222 1490 „clare
1260 1459 1300 1482 80
1337 1447 1628 1482 (101110118118111.“

899 1494 975 1528 cfr.
1001 1505 1034 1527 1.
1061 1496 1141 1529 224.

905 1568 911 1574 .
947 1543 1146 1576 250-256.
1170 1542 1373 1585 sermones]
1409 1542 1567 1585 „satiras
1593 1546 1631 1576 et

899 1589 1096 1633 epistolas,
1130 1600 1225 1633 quae
1259 1600 1470 1624 sermonem
1505 1590 1630 1634 quoti-

898 1635 1052 1669 dianum
1077 1636 1282 1670 referunt.“
1310 1636 1391 1670 Scr.
1416 1636 1463 1670 ad
1488 1636 1578 1671 Her.
1597 1639 1630 1679 3,

901 1685 964 1726 13,
992 1685 1055 1716 23:
1087 1685 1212 1717 Ser-mo
1246 1687 1295 1717 est
1328 1685 1450 1717 oratio
1474 1685 1631 1717 remissa

900 1733 932 1763 el
972 1731 1126 1772 tinnilima
1167 1732 1402 1772 quotidianae
1447 1732 1629 1764 locutioni.

899 1777 1000 1811 Hinc
1023 1780 1190 1819 repentes
1211 1787 1279 1820 per
1306 1779 1471 1820 humum,
1497 1779 1630 1812 humili

900 1824 987 1858 stilo
1013 1826 1247 1869 conscriptos
1273 1825 1376 1859 dicit.
1402 1825 1478 1859 Cfr.
1505 1825 1579 1859 Sat.
1597 1827 1630 1867 2,

898 1874 938 1913 6,
966 1874 1021 1906 17.
1054 1871 1203 1906 Rursus
1236 1883 1276 1906 80
1311 1876 1482 1915 excusat,
1516 1883 1584 1907 cur
1609 1884 1631 1907 a

899 1929 1037 1964 genere
1069 1920 1296 1964 panegyrico
1330 1919 1528 1954 abstineat.
1555 1920 1630 1954 cfr.

899 1965 968 1999 Od.
998 1969 1037 2007 1,
1064 1969 1097 1999 6.
1122 1969 1155 2009 4,
1185 1969 1239 2000 15.
1263 1984 1312 1990 —
1333 1976 1394 2000 res
1419 1975 1631 2008 componere

900 2013 1040 2054 vestas]
1077 2015 1273 2054 „carmine
1298 2014 1405 2057 epico
1430 2014 1491 2047 101
1515 2024 1631 2058 pane-

900 2059 1029 2103 gyrico
1053 2070 1114 2093 res
1134 2071 1156 2093 a
1172 2064 1209 2093 te
1232 2062 1358 2104 gestas
1374 2061 1628 2104 praedicare.“

902 2124 945 2129 ——
964 2107 1246 2150 Terrarumque]
1270 2117 1315 2147 „a
1330 2110 1366 2140 te
1384 2108 1424 2140 in
1442 2107 1630 2142 dicionem

899 2151 1106 2186 Romanam
1143 2153 1414 2187 redactarum.“
1450 2173 1494 2178 —
1527 2164 1631 2188 arces

900 2200 1085 2232 Montibus
1107 2200 1316 2243 impositas]
1344 2211 1476 2246 „quae,
1502 2212 1631 2246 quam-

901 2245 957 2279 vis
1005 2247 1195 2281 montibus
1243 2248 1440 2292 impositae
1493 2253 1630 2292 essent,

901 2294 1025 2327 tamen
1057 2304 1080 2327 8
1112 2296 1149 2327 te
1182 2297 1312 2339 captae
1349 2296 1472 2330 sunt.“
1523 2296 1629 2330 Conf.

902 2338 971 2373 Od.
995 2343 1036 2382 4,
1064 2343 1127 2383 14,
1154 2344 1216 2375 11:
1254 2351 1357 2375 arces
1380 2344 1533 2384 Alpibus
1562 2345 1631 2376 im-

898 2389 1047 2428 positas.
1074 2407 1117 2411 —
1143 2390 1286 2430 tuisque
1309 2390 1501 2434 Auspiciis]
1528 2390 1630 2425 Suet.

902 2433 983 2468 Oct.
1021 2437 1088 2468 21:
1128 2437 1278 2469 Domuil
1312 2439 1451 2478 parlim
1489 2439 1630 2471 ductu

898 2483 1039 2522 partim
1086 2484 1321 2524 auspiciis
1373 2486 1450 2517 suis
1499 2487 1631 2518 Cama·

902 2530 1038 2571 briam,
1086 2531 1343 2573 Aquitaniam,
1384 2533 1628 2573 Pannoniam,

900 2577 1123 2610 Delmatiam
1140 2586 1222 2610 cum
1238 2579 1388 2619 Illyrico
1406 2580 1525 2611 omni.-
1545 2580 1630 2611 item

899 2624 1070 2657 Raetiam
1095 2627 1128 2657 et
1155 2626 1355 2658 Vindelicos
1385 2634 1429 2658 ac
1451 2626 1627 2659 Salassos.

902 2669 977 2703 Ofr.
1002 2669 1069 2704 od.
1090 2674 1122 2712 1,
1147 2673 1180 2712 7,
1206 2673 1262 2705 27.
1288 2671 1357 2705 od.
1375 2674 1408 2713 4,
1428 2674 1483 2714 14,
1509 2675 1565 2706 33.
1585 2692 1628 2697 —-

901 2718 1049 2760 lanum]
1076 2717 1144 2751 od.
1168 2721 1201 2759 4,
1229 2720 1284 2759 15,
1309 2721 1342 2752 9.
1369 2718 1522 2753 Sueten.
1547 2719 1629 2754 Oct.
