1774 2930
161 164 244 205 162

607 212 613 218 ⁵
662 161 869 196 HORATII
894 161 1177 197 SATIRARUM

277 263 493 306 Stultitiae
523 263 706 305 nihilum
736 262 969 306 metuenda
998 263 1204 316 timentis,
1237 267 1285 305 ut
1315 263 1452 319 ignes,

275 334 334 377 Ut
363 349 492 391 rupes
523 335 763 390 fluviosque
794 335 840 375 in
873 347 1022 390 campo
1055 334 1226 376 obstare
1258 338 1483 390 queratur3

1620 335 1675 376 55

275 405 472 449 Alterum
504 409 547 448 et
576 405 677 447 huic
707 419 857 447 varum
888 408 932 447 et
961 405 1097 447 nihilo
1130 406 1368 462 sapientius
1398 406 1523 461 ignes

275 477 361 520 Per
391 476 555 519 medios
586 477 826 532 fluviosque
856 477 1049 519 ruentis:
1083 477 1238 519 clamet
1269 477 1406 519 amica

275 547 428 602 Mater,
460 547 643 590 honesta
673 561 793 590 soror
824 561 920 590 cum
952 548 1158 603 cognatis,
1192 552 1329 604 pater,
1361 562 1498 590 uxor:

279 619 394 674 „Hic
424 619 541 661 fossa
571 623 638 661 est
667 619 835 675 ingens,
866 619 936 661 hic
967 633 1096 675 rupes
1127 619 1339 661 maxima!
1372 619 1560 662 serva!“

276 690 374 733 Non
404 691 542 746 magis
574 690 758 733 audierit
789 704 917 746 quam
947 689 1096 731 Fufius
1129 690 1273 732 ebrius
1306 690 1421 744 olim,

1624 690 1679 731 60

279 761 390 804 Oum
420 762 600 804 ssionam
630 761 827 815 edormit,
861 761 1052 804 Catienis
1086 762 1202 804 mille
1234 761 1429 804 ducentis

280 833 460 887 „Mate1·,
491 836 536 875 te
568 833 762 889 appello!
778 833 803 855 ‘⁴
836 833 1134 875 clamantibus.
1176 832 1292 875 Huic
1323 846 1403 889 ego
1434 832 1586 889 volgus

256 965 312 998 56.
349 964 497 996 varium
522 963 696 997 Pottierii
728 963 921 1008 plerique,

957 973 1054 997 corr.
1082 963 1147 1005 bc,
1181 962 1259 997 Lot
1291 964 1329 997 01
1353 962 1562 998 Βο111101118.

209 1013 266 1045 57.
301 1013 358 1044 58.
393 1013 533 1053 amica,
565 1012 688 1045 Mater
721 1010 962 1055 distinguunt
986 1010 1166 1052 Aldinae,
1201 1009 1304 1044 FMJ.
1331 1030 1373 1034 —
1401 1012 1458 1044 62.
1483 1011 1636 1051 vulvum

209 1058 363 1101 bS,LCt.
391 1058 636 1105 („Nusquam
661 1058 752 1092 alibi
776 1059 909 1099 vulqus
934 1058 1143 1092 masculino
1170 1068 1308 1103 genere
1334 1059 1494 1102 usurpat
1516 1057 1636 1092 Hora-

210 1106 297 1148 tius,
324 1116 471 1150 semper
497 1105 669 1140 neutro.“
695 1105 856 1147 BERTL.)

164 1224 320 1268 „Solent
335 1224 445 1268 pueri
462 1224 678 1268 petulantes
701 1224 903 1258 nescienti-

163 1272 234 1306 bus
262 1272 444 1314 (maxime
472 1271 690 1305 hominibus
715 1271 855 1313 fatuis)
881 1282 903 1304 a

164 1322 269 1364 tergo
289 1319 447 1352 caudam
470 1319 714 1363 suspendere,
740 1321 782 1352 ut
799 1319 903 1352 velut

162 1377 279 1412 pecus
318 1366 475 1400 caudam
511 1367 697 1400 trahant.“
751 1365 902 1399 PORPH.

164 1414 271 1448 Conf.
299 1425 329 1446 v,
355 1415 435 1447 299.
451 1414 679 1456 —m'hilumj
706 1413 902 1458 Frequens

163 1461 263 1506 apud
289 1461 509 1495 Lucretium
536 1471 616 1494 voc.
642 1460 682 1494 in
708 1471 823 1505 prosa.
848 1471 902 1494 or.

162 1508 421 1542 tantummodo
456 1511 498 1541 ut
531 1519 668 1542 nomen
699 1508 903 1542 substanti-

163 1566 251 1589 vum
269 1558 487 1599 usurpatur.
500 1557 666 1597 -iqnes,
685 1564 817 1597 -rupes
835 1557 902 1596 slu-

161 1603 325 1646 viosque]
364 1602 523 1636 Locutio
557 1602 827 1646 proverbialis,
862 1605 905 1635 ut

165 1649 239 1684 Sat.
267 1653 307 1692 1,
336 1654 374 1692 1,
401 1652 457 1683 39.
506 1649 599 1694 Epp.
636 1652 674 1691 1,
709 1652 747 1694 1¹,
774 1652 831 1683 46.
859 1668 902 1673 -—-

166 1697 263 1741 huic]
291 1697 431 1731 Solitus
448 1697 606 1731 Horatio
626 1697 902 1742 discrepantiae

165 1745 325 1787 dativus,
351 1748 394 1778 ut
419 1744 493 1778 Sat.
523 1748 553 1786 1,
579 1747 612 1787 4,
638 1747 695 1778 48.
728 1747 761 1786 1,
787 1747 820 1786 6,
846 1746 903 1778 92.

164 1791 259 1837 Epp.
289 1795 320 1834 1,
348 1794 404 1834 18,
431 1794 463 1825 3.
490 1811 533 1815 -
539 1770 751 1856 “⁷varum]„
757 1795 905 1826 contra-

165 1840 282 1881 rium,
309 1839 555 1884 oppositum.“
609 1839 758 1881 „Pedes
783 1840 823 1873 in
850 1839 905 1872 di-

165 1897 317 1921 versum
349 1887 465 1920 flexos
498 1886 681 1921 habentes
714 1895 824 1920 varos
849 1886 904 1919 di-

166 1934 286 1968 cimus
319 1938 356 1968 et
381 1933 558 1968 distortas
585 1944 699 1968 venas
723 1933 900 1967 varices!

166 1981 262 2015 Aca.

216 2031 277 2063 57-
281 2031 337 2063 59.
357 2030 478 2062 amica
490 2028 663 2071 Manem„
668 2027 805 2062 Melius
822 2030 904 2072 pot-

167 2079 225 2111 est
242 2077 297 2110 sic
314 2077 445 2121 accipi,
472 2079 514 2110 ut
539 2076 588 2110 sit
605 2086 651 2110 ex
647 2053 812 2109 ”Graeco
830 2077 905 2108 tra-

167 2127 268 2158 ctum
288 2123 383 2166 φίλη
400 2120 529 2170 μήτηρ
555 2123 678 2166 (Ηο111.
695 2122 740 2156 ΙΙ.
761 2134 797 2162 α,
824 2124 904 2156 351.

167 2173 249 2205 572.
268 2172 376 2214 585.,)
403 2182 515 2216 quam
534 2181 602 2216 per
621 2181 660 2205 se
679 2171 811 2211 amica,
836 2181 905 2214 per

168 2229 207 2252 se
234 2218 370 2253 deinde
395 2221 524 2260 mater,
563 2218 652 2262 quia
677 2218 906 2252 mentionem

167 2266 298 2299 uxoris
308 2266 399 2300 facit
407 2267 446 2299 in
457 2265 740 2310 sequentibus.“
755 2265 905 2298 PORPH.

170 2332 213 2336 —
239 2313 362 2356 serva]
388 2315 461 2354 qib
487 2314 614 2346 Acht.
666 2311 728 2346 Sic
753 2312 906 2346 Terent.

168 2359 329 2404 Adelph.
356 2363 389 2401 2,
417 2363 448 2401 1,
477 2362 544 2393 18:
570 2362 640 2392 Em
662 2368 782 2393 serva.

218 2409 339 2440 60-62.
364 2407 503 2450 Fufius]
529 2406 673 2440 Histrio
695 2407 767 2448 hic,
794 2417 906 2451 quem

169 2453 318 2487 Fufium
349 2454 562 2488 Phocaeum
596 2456 705 2488 vocat
737 2454 906 2498 Porphy-

170 2502 248 2542 rio,
281 2511 366 2534 011111
391 2501 550 2535 Ilionam
585 2501 630 2534 ab
663 2501 796 2535 umbra
820 2501 909 2534 Dei-

170 2549 264 2593 phili
289 2548 357 2582 filii
381 2548 754 2593 expergefaciendam
780 2551 908 2593 ageret

172 2596 320 2638 ebrius,
353 2606 393 2629 re
420 2605 507 2629 vera
541 2606 670 2629 somno
704 2606 908 2640 oppressus

173 2644 367 2687 crapulam
392 2643 608 2684 edormivit,
643 2643 695 2676 ita
720 2646 762 2676 ut
788 2642 909 2676 Catie-

171 2701 264 2732 nus,
302 2691 369 2735 qui
400 2689 568 2734 Deiphili
605 2693 731 2734 partes
763 2689 908 2735 agebat,

172 2748 259 2771 eum
309 2737 594 2783 expergefacere
644 2738 830 2781 nequiret.
864 2756 907 2760 —-

951 1223 1125 1266 edormit]
1168 1233 1265 1267 „pro
1306 1222 1510 1267 praeterito
1551 1222 1685 1267 accipi,

951 1281 1028 1304 non
1054 1281 1122 1314 pro
1148 1270 1340 1314 praesenti
1364 1269 1509 1304 debet.“
1533 1269 1685 1304 PORPH.

950 1317 1103 1351 Minime
1134 1328 1236 1352 vero.
1285 1317 1329 1350 In
1363 1318 1534 1352 oratione
1565 1318 1688 1351 soluta

951 1365 1108 1399 dixisset
1134 1365 1399 1407 „edormiret.“
1426 1383 1471 1388 —
1495 1365 1597 1398 mille
1621 1366 1688 1398 du-

951 1411 1084 1455 centis]
1125 1412 1194 1455 „si
1236 1422 1312 1446 non
1354 1423 1455 1446 unus
1496 1411 1689 1446 dumtaxat

951 1459 1107 1502 histrio,
1147 1459 1212 1494 sed
1250 1460 1437 1502 sexcenti,
1474 1462 1518 1493 ut
1549 1459 1689 1494 dicitur

952 1507 993 1540 in
1018 1518 1132 1551 prosa
1157 1507 1339 1549 oratione,
1368 1507 1422 1541 ita
1446 1507 1686 1542 clamarent.“

961 1574 990 1577 ›r-
1012 1556 1144 1596 Mater,
1171 1557 1205 1588 te
1224 1554 1386 1597 appello]
1412 1554 1687 1600 Argumentum

952 1602 1168 1646 tragoediae
1191 1601 1429 1636 Pacuvianae
1455 1602 1510 1635 sic
1536 1604 1689 1636 enarrat

951 1649 1123 1693 Hyginus
1148 1649 1238 1682 Fab.
1264 1650 1355 1682 109:
1382 1648 1553 1692 „Priamo
1579 1648 1689 1694 Poly-

953 1696 1068 1730 dorus
1093 1695 1197 1730 filius
1222 1706 1268 1730 ex
1291 1695 1449 1730 Hecuba
1478 1706 1564 1729 cum
1589 1698 1690 1730 esset

953 1746 1077 1786 natus,
1101 1743 1247 1777 Ilionae
1264 1742 1364 1777 filiae
1383 1753 1475 1777 suae
1501 1742 1691 1777 dederunt

953 1802 1039 1824 eum
1054 1791 1300 1834 educandum,
1318 1801 1416 1836 quae
1429 1790 1691 1835 Polymestori,

953 1838 1034 1883 regi
1061 1838 1268 1880 Thracum,
1303 1841 1383 1872 erat
1407 1840 1548 1883 nupta,
1577 1848 1690 1882 quem

953 1886 1021 1918 illa
1053 1896 1122 1930 pro
1156 1885 1235 1919 filio
1268 1896 1336 1919 suo
1371 1885 1555 1919 educavit.
1603 1885 1691 1919 Dei-

951 1932 1098 1977 philum
1123 1935 1269 1974 autem,
1303 1943 1416 1977 quem
1451 1943 1496 1966 ex
1520 1932 1691 1977 Polyme-

953 1982 1054 2013 store
1079 1982 1356 2024 procreaverat,
1381 1990 1450 2024 pro
1477 1989 1546 2013 suo
1571 1979 1690 2013 fratre

953 2027 1144 2069 educavit,
1176 2028 1220 2060 ut
1243 2026 1276 2061 si
1302 2027 1413 2061 alteri
1439 2037 1570 2060 eorum
1597 2026 1691 2071 quid

951 2074 1067 2117 foret,
1101 2073 1323 2118 parentibus
1348 2075 1567 2118 praestaret.
1618 2073 1691 2108 Sed

954 2132 1039 2155 oum
1075 2121 1211 2155 Achivi
1249 2121 1366 2155 Troia
1402 2123 1510 2166 capta
1545 2121 1691 2166 prolem

953 2169 1094 2203 Priami
1136 2169 1343 2213 exstirpare
1384 2168 1545 2210 vellent,
1581 2187 1596 2194 -
1613 2187 1628 2194 -
1645 2167 1714 2212 adv

954 2216 1250 2262 Polymestorem
1299 2216 1444 2262 legatos
1493 2215 1692 2257 miserunt,

955 2264 1023 2308 qui
1042 2265 1076 2298 ei
1093 2263 1388 2309 Agamemnonis
1405 2263 1521 2298 filiam
1538 2262 1691 2296 nomine

954 2311 1142 2345 Electram
1178 2310 1454 2355 pollicerentur
1486 2310 1527 2343 in
1561 2309 1692 2343 coniu-

955 2358 1058 2404 gium
1085 2361 1122 2392 01
1146 2358 1230 2392 auri
1254 2368 1427 2403 magnam
1452 2356 1618 2401 copiam,
1657 2356 1689 2390 si

955 2405 1203 2450 Polydorum,
1235 2404 1377 2438 Priami
1401 2404 1542 2446 filium,
1576 2403 1692 2437 111101·-

955 2453 1118 2487 fecisset.
1191 2452 1426 2496 Polymestor
1481 2451 1692 2496 legatorum

956 2501 1056 2534 dicta
1068 2510 1146 2534 non
1160 2499 1376 2544 repudiavit
1386 2498 1692 2543 Deiphilumqw,

956 2547 1075 2581 filium
1113 2557 1242 2588 suum,
1283 2545 1505 2590 imprudens
1543 2544 1691 2585 occidit,

956 2595 1146 2629 arbitrans
1195 2604 1234 2627 se
1276 2593 1524 2639 Polydorum,
1573 2591 1691 2625 filium

958 2641 1110 2683 Priami,
1127 2640 1388 2675 interfecisse“
1403 2642 1472 2674 001.
1495 2639 1572 2673 Iam
1591 2638 1692 2683 apud
1717 2676 1721 2678 ,

958 2689 1165 2723 Pacuvium
1205 2687 1373 2732 Deiphili
1422 2686 1558 2720 umbra
1606 2686 1693 2720 dor-

958 2736 1090 2771 mienti
1113 2735 1258 2770 Ilionae
1285 2745 1370 2769 cum
1394 2736 1604 2779 appareret,
1633 2733 1692 2767 his
