1774 2930
125 181 210 222 354

600 179 808 214 HORATII
831 179 1180 214 EPISTOLARUM

243 281 354 323 Vilis
387 285 430 324 et
461 281 664 337 agninae,
696 280 834 322 tribus
865 281 977 322 ursis
1010 281 1123 336 quod
1153 282 1257 324 satis
1289 286 1426 335 esset;
1466 327 1470 330 Δ
1590 285 1645 326 35

246 352 418 394 Scilicet
448 356 496 393 ut
526 355 698 394 ventres
730 351 873 394 lamna
904 351 1113 394 candente
1145 356 1352 408 nepotum

243 423 421 466 Diceret
451 422 657 475 urendos,
691 426 904 465 corrector
933 422 1121 465 Bestius.
1183 423 1302 466 Idem

247 493 465 550 Quidquid
495 497 587 536 erat
617 497 767 536 nactus
799 493 984 550 praedae
1015 494 1207 548 maioris,
1240 495 1315 537 ubi
1345 509 1470 539 omne

245 565 446 608 Verterat
477 565 523 606 in
554 564 717 606 fumum
750 568 792 607 et
824 565 1030 619 cinerem,
1062 565 1159 607 Non
1190 565 1364 608 hercule
1396 567 1542 621 miror,

246 636 423 690 Aiebat,
458 636 495 677 si
527 636 600 692 qui
633 636 860 678 comedunt
891 636 1022 690 bona,
1057 651 1153 678 cum
1184 637 1240 679 sit
1270 637 1401 680 obeso

246 707 319 748 Nil
349 708 504 750 melius
535 707 660 749 turdo
670 726 685 762 ‚*
712 708 774 749 nil
805 708 932 750 volva
961 707 1181 764 pulchrius
1214 708 1368 765 ampla.

247 778 459 820 Nimirum
490 778 561 820 hic
593 792 672 834 ego
705 792 821 833 sum,
854 793 955 821 nam
985 782 1078 821 tuta
1109 783 1152 821 et
1182 780 1360 836 parvula
1389 779 1535 832 laudo,

249 849 359 891 Cum
390 863 459 892 res
493 849 713 903 deficiunt,
748 850 851 892 satis
883 850 995 892 inter
1025 851 1128 892 vilia
1157 849 1301 904 fortis,

249 920 431 974 Verum,
463 920 537 962 ubi
571 921 674 976 quid
705 921 857 963 melius
889 921 1097 977 contingit
1129 925 1172 963 et
1202 922 1390 975 unctius,
1422 921 1536 964 idem

1591 639 1648 680 40

226 1052 281 1084 37.
323 1052 505 1083 correctus
547 1051 702 1084 Bestius.
761 1052 864 1084 Idem
900 1049 1029 1092 dess,
1068 1050 1148 1092 CO,
1192 1054 1385 1084 correctus.
1434 1052 1604 1086 Maenius

176 1099 272 1131 idem
297 1097 363 1140 Lt,
398 1101 596 1139 correptus.
647 1099 791 1131 Bestius
824 1099 919 1131 idem
953 1108 1019 1132 sex
1042 1097 1236 1140 Pottierii,
1270 1097 1309 1131 F.
1338 1117 1379 1122 --
1407 1099 1604 1140 38.-Quid-

177 1145 279 1188 quid]
305 1147 343 1179 Si
369 1146 458 1185 quid
482 1155 502 1178 e
530 1144 646 1179 Codd.
673 1145 762 1190 aliq.
783 1145 973 1179 Torrentii
998 1145 1207 1179 Bentleius.
1235 1164 1278 1168 —
1304 1147 1362 1179 41.
1386 1146 1493 1179 volva
1519 1146 1603 1188 (hac

178 1192 383 1237 scriptura)
410 1192 452 1225 E.

131 1294 301 1335 aquinae,
327 1303 405 1327 non
431 1293 548 1326 omasi
571 1293 666 1334 vilis,
692 1291 730 1326 id
765 1291 868 1336 quod

131 1351 199 1385 per
226 1351 264 1374 se
291 1339 530 1385 intelligitur.
552 1359 594 1363 —-
623 1338 763 1382 lamna]
791 1338 868 1373 Cic.

131 1387 240 1421 Verr.
265 1387 354 1421 Ace.
382 1389 425 1429 5,
452 1390 517 1429 63,
545 1389 631 1421 163:
656 1388 758 1428 iones
784 1395 869 1419 can-

132 1436 324 1475 dentesque
353 1436 509 1468 taminae
528 1435 709 1475 ceterique
727 1435 869 1467 crucia-

133 1485 189 1515 tus
240 1483 542 1515 admovebantur.
618 1482 696 1524 (De
750 1481 870 1515 forma

135 1531 262 1562 lamna
288 1529 362 1563 vid.
389 1529 456 1562 Od.
484 1532 523 1571 2,
550 1531 591 1571 2,
618 1529 673 1571 2.)
703 1528 869 1563 Galenus

133 1576 180 1610 de
206 1577 387 1621 Hippocr.
406 1579 444 1610 et
460 1576 555 1610 Plat.
573 1576 705 1631 Dogm.
725 1578 756 1609 6.
775 1578 870 1610 extr.

133 1623 218 1658 Vol.
236 1623 281 1657 V.
305 1636 340 1668 p.
367 1626 448 1658 584.
480 1624 614 1657 Kuhn:
650 1619 751 1657 οὕτω
776 1623 871 1667 γοῦν

133 1667 293 1704 εἰώθασι
335 1673 402 1704 καὶ
438 1671 506 1704 νῦν
545 1675 668 1704 ποιεῖν
706 1672 747 1704 οἱ
784 1668 871 1706 toi).-

133 1715 428 1765 ἁμαρτάνοντας
473 1721 625 1760 οικέτας
666 1714 872 1751 καταδικά-

133 1769 270 1807 ζοντες,
303 1766 377 1799 τῶν
407 1765 478 1808 μὲν
509 1762 872 1819 ἀποδιδρασκόντων

134 1810 181 1845 τὰ
198 1813 316 1856 σκέλη
334 1814 511 1854 καίοντές
537 1824 575 1846 τε
592 1814 657 1845 καὶ
676 1809 873 1852 κατασκά-

134 1862 262 1902 ζοντες
295 1862 360 1892 καὶ
394 1861 588 1902 παίοντες,
621 1859 697 1893 τῶν
722 1858 762 1892 δὲ
788 1858 873 1892 κλε-

136 1918 231 1940 πῖΟιΙ
235 1918 308 1940 ton)
330 1905 397 1949 τὰς
422 1910 562 1961 χεῖρας,
588 1918 716 1954 (Donet-‘0
740 1917 782 1951 γε
807 1907 871 1939 καὶ

135 1955 210 1988 τῶν
247 1951 545 2009 γαστριμάργων
582 1951 652 1998 τήν
686 1955 872 2010 γαστέρα,

135 2003 202 2035 καὶ
236 2002 309 2035 τῶν
343 1998 619 2048 φλυαρούντων
653 1999 720 2045 τὴν
754 2001 874 2046 γλῶτ-

135 2060 217 2083 ταν.
245 2069 288 2073 -
316 2051 506 2083 corrector
532 2060 616 2083 cum
647 2049 874 2083 coniecisset

135 2097 363 2139 Lambinus,
405 2099 554 2140 postea,
597 2099 640 2130 ut
678 2097 790 2138 dicit,
832 2096 873 2129 in

138 2144 254 2178 Codd.
281 2145 479 2188 antiquiss.
512 2144 697 2188 repperit,
732 2144 875 2187 recepit

137 2190 346 2225 Bentlei'us.
395 2191 523 2236 Ipsum
556 2194 681 2225 autem
706 2201 786 2225 voc.
811 2192 876 2224 ha-

136 2239 201 2273 bet
226 2239 356 2273 nescio
383 2239 475 2283 quid
506 2238 686 2272 invidiosi
712 2238 875 2280 (Split-

139 2286 431 2329 terrichter),
459 2288 500 2319 ut
517 2285 618 2330 apud
637 2286 787 2320 Terent.
805 2285 874 2319 Ad.

138 2335 172 2375 4,
200 2336 232 2373 7,
259 2335 323 2367 23:
350 2333 504 2370 M1‚--id
529 2336 610 2366 arte
635 2335 676 2366 ut
701 2334 874 2374 corriqas.

138 2380 209 2413 DE.
237 2383 444 2414 corrector!
469 2382 604 2421 Nempe
629 2382 693 2414 tua
719 2382 799 2418 arte
823 2382 875 2414 vi-

140 2429 232 2468 qinti
264 2428 418 2461 minae·
437 2429 621 2468 -periere
673 2427 748 2461 Cic.
786 2427 875 2460 Phi-

140 2474 230 2518 lipp.
249 2477 282 2516 2,
303 2477 356 2516 17,
375 2476 438 2507 43:
470 2477 552 2507 Iam
571 2476 676 2516 enim,
703 2476 877 2515 quoniam

141 2500 356 2555 criminibus
378 2523 454 2554 eius
487 2517 576 2554 scitis
610 2523 797 2564 respondi,
833 2523 876 2554 de

140 2570 219 2610 ipso
254 2570 485 2602 emendatore
510 2577 553 2601 ac
585 2572 787 2602 correctore
813 2578 877 2602 no-

139 2619 214 2649 stro
242 2618 423 2657 quaedam
447 2617 601 2649 dicenda
626 2618 721 2649 sunt.

191 2665 310 2703 38-41.
339 2664 522 2705 Quidquid
547 2663 631 2705 cet]
672 2663 875 2696 Construe.

144 2709 237 2753 „Ubi
272 2710 519 2756 abligurierat
543 2719 666 2751 omne,
700 2711 879 2751 quidquid

144 2757 223 2791 erat
249 2759 400 2791 nactus“
429 2761 497 2791 cet.
525 2757 618 2800 (Cic.
644 2736 690 2790 de
717 2756 824 2790 offic.
844 2759 876 2798 3,

920 1293 982 1334 13,
1009 1293 1072 1326 57:
1109 1301 1225 1333 neque
1260 1293 1356 1326 enim
1379 1293 1419 1326 id
1444 1294 1496 1326 est
1519 1293 1653 1334 celare,

919 1340 1096 1380 quidquid
1123 1341 1297 1382 reticeas,
1331 1339 1369 1373 id
1395 1341 1470 1382 est,
1507 1339 1654 1382 „celare

919 1397 995 1420 non
1023 1389 1096 1429 est,
1131 1387 1163 1421 si
1190 1386 1281 1431 quid
1314 1387 1492 1429 reticeas,
1527 1387 1655 1431 quale-

919 1444 1071 1478 cunque
1097 1434 1189 1468 est.“
1218 1434 1380 1476 ZUMPT.)
1399 1452 1447 1458 —-
1463 1435 1654 1468 comedunt

920 1482 1035 1525 bona]
1075 1483 1264 1515 comedere
1302 1483 1397 1515 bona
1431 1481 1543 1516 etiam
1577 1481 1654 1515 Cic.

918 1539 987 1573 pro
1023 1528 1143 1563 Sestio
1177 1531 1242 1571 51,
1278 1531 1357 1563 100.
1390 1529 1437 1563 ad
1469 1529 1571 1563 Fam.
1600 1531 1654 1571 11,

921 1578 977 1617 21,
1003 1578 1035 1609 2.
1064 1575 1197 1610 Catull.
1226 1578 1283 1619 29,
1309 1579 1372 1611 21:
1398 1577 1486 1617 quid
1509 1577 1567 1609 hic
1587 1585 1654 1618 po-

920 1626 988 1656 test
1013 1624 1092 1657 Nisi
1124 1626 1235 1657 uncta
1268 1625 1446 1657 devorare
1475 1625 1654 1665 patrimo-

920 1672 995 1704 nia.
1033 1670 1240 1704 Menander
1266 1682 1302 1716 p.
1330 1673 1410 1704 123.
1434 1669 1502 1703 M.:
1540 1668 1580 1703 εἴ
1599 1681 1655 1711 τις

921 1714 1099 1765 πατρῴαν
1125 1715 1359 1763 παραλαβών
1374 1717 1452 1760 Γῆν
1477 1714 1657 1758 καταφά-

920 1775 993 1808 γοι.
1021 1766 1213 1798 comedam
1230 1766 1326 1798 bona
1349 1773 1419 1797 sua
1443 1772 1654 1798 consumen-

922 1815 991 1844 tem
1016 1813 1161 1852 antiqui
1189 1812 1372 1845 diverunt.
1421 1810 1584 1845 Fnsrus.
1611 1831 1654 1835 —

921 1858 1043 1901 turdo]
1068 1858 1230 1892 Martial.
1258 1859 1313 1900 13,
1340 1859 1405 1891 92:
1443 1860 1547 1892 Inter
1573 1867 1656 1892 aves

922 1906 1069 1947 turdus,
1107 1907 1139 1938 si
1173 1906 1260 1947 quid
1291 1914 1348 1938 me
1380 1906 1499 1939 iudice
1536 1908 1655 1947 certet,

924 1955 1024 1986 Inter
1065 1953 1320 1994 quadrupedes
1360 1954 1499 1986 mattea
1533 1954 1657 1994 prima

925 2001 1035 2042 lepus.
1052 2019 1094 2023 —
1112 2000 1236 2042 volva]
1265 1999 1389 2042 suilla,
1415 2009 1491 2044 quo
1509 1998 1655 2034 ferculo

923 2047 1036 2081 variis
1054 2047 1168 2081 rebus
1193 2046 1346 2081 condito
1370 2047 1506 2080 mirum
1523 2046 1564 2080 in
1581 2057 1658 2081 mo-

924 2095 1014 2128 dum
1055 2095 1340 2129 delectabantur
1380 2093 1540 2139 antiqui.
1589 2093 1659 2128 Ar·

924 2143 1135 2176 chestratus
1178 2139 1200 2174 ὁ
1242 2139 1510 2184 ὀψοδαίδαλος
1558 2141 1658 2186 apud

923 2189 1159 2223 Athenaeum
1193 2192 1232 2232 3,
1267 2190 1330 2223 59·
1366 2186 1586 2243 Εμτίνοντι
1617 2187 1660 2221 δέ

925 2247 990 2269 σοι
1015 2238 1162 2283 φερέτω
1188 2215 1338 2270 τοιόνδε
1362 2232 1558 2293 τράγημα,
1584 2235 1658 2268 Γα-

925 2285 1041 2331 στέρα
1065 2285 1130 2316 καὶ
1154 2280 1305 2340 μήτραν
1332 2281 1469 2340 ἑφθὴν
1499 2279 1586 2325 ὑός,
1619 2293 1659 2315 εν

926 2342 963 2364 τε
995 2332 1142 2377 κυμίνω
1166 2327 1232 2364 Ἔν
1264 2332 1296 2363 τ’
1326 2327 1405 2373 ὄξει
1438 2330 1567 2378 δριμεῖ
1593 2331 1659 2363 καὶ

925 2378 1068 2424 σιλφίῳ
1093 2369 1358 2421 ἐμβεβαῶσαν.

973 2428 1034 2459 42-
1037 2428 1094 2459 46.
1121 2426 1304 2459 Nimirum
1329 2425 1419 2468 cet.]
1457 2424 1581 2467 „Talis
1607 2425 1660 2458 vi-

925 2473 1064 2507 delicet
1089 2483 1156 2518 ego
1188 2483 1341 2517 quoque
1375 2483 1477 2514 sum,
1511 2471 1659 2516 etquis

925 2520 1050 2554 non?“
1085 2519 1182 2553 Satis
1207 2519 1340 2553 festive
1366 2519 1447 2563 ipse
1474 2519 1514 2552 in
1540 2529 1579 2552 se
1605 2517 1659 2552 io-

926 2571 1044 2610 catur,
1070 2567 1179 2611 quasi
1195 2566 1471 2600 inconstantiae
1491 2575 1530 2599 se
1553 2564 1660 2598 incu-

926 2625 1024 2648 sans.
1042 2633 1087 2638 —
1105 2613 1176 2656 hic]
1204 2613 1279 2647 Cfr.
1297 2613 1391 2658 Epp.
1420 2615 1450 2653 l,
1478 2615 1510 2655 6,
1537 2614 1594 2646 40.
1615 2631 1657 2635 -

922 2661 1099 2704 parvula]
1113 2661 1154 2694 in
1169 2660 1343 2694 omnibus
1356 2659 1467 2693 bonis
1481 2659 1658 2694 externis.

928 2728 970 2733 —-
989 2704 1153 2751 sortis]
1145 2707 1294 2749 „omnia
1318 2707 1428 2741 facile
1455 2706 1660 2747 tolerans&

928 2759 969 2790 ut
995 2755 1124 2789 Stoici.
1144 2753 1592 2797 —unctius]„1autius“‚
1619 2755 1661 2787 ut
