1774 2930
159 134 244 177 266

278 234 325 277 Si
357 239 527 278 curatus
559 235 775 292 inaequali
806 239 980 278 tonsore
1013 237 1188 293 capillos

278 306 476 359 Occurri,
508 306 649 360 rides,
683 307 719 348 si
750 306 860 349 forte
892 306 1100 350 subucula
1129 322 1267 364 pexae

633 134 840 170 ΗΟΒΑΤΠ
863 134 1214 171 EPISTOLARUM

1625 310 1681 351 95

278 377 401 420 Trita
431 377 579 420 subest
610 377 780 420 tunicae
815 377 882 420 vel
915 377 952 419 si
982 381 1086 434 toga
1116 378 1295 422 dissidet
1325 380 1482 437 impar,

276 448 436 491 Rides:
471 448 592 504 quid,
624 462 722 490 mea
752 462 847 491 cum
878 452 1042 505 pugnat
1073 451 1291 493 sententia
1321 465 1483 505 secum,

278 519 403 568 Quod
434 520 560 576 petiit
592 519 775 576 spernit,
808 520 966 575 repetit
998 520 1111 576 quod
1142 535 1279 578 nuper
1310 522 1473 575 omisit,

274 589 460 634 Aestuat
491 594 534 633 et
563 591 679 633 vitae
711 590 979 634 disconvenit
1010 591 1158 634 ordine
1188 596 1299 646 toto,

275 660 440 715 Diruit,
473 661 687 715 aedificat,
720 665 858 704 mutat
890 661 1097 718 quadrata
1126 663 1319 706 rotundis
1336 664 1356 705 ⁸?

1597 664 1681 706 100

254 775 310 807 94.
336 776 503 807 curtatus
528 773 618 808 LCt.
638 792 682 797 -—
701 775 758 807 95.
788 775 943 807 occurri
969 773 1191 817 Scd,LCtO:
1220 777 1389 809 Occurrit
1413 775 1449 819 b,
1476 776 1635 810 occurro

205 831 226 855 e
253 820 368 855 codd.
394 820 592 855 Bentleius
619 824 656 856 et
680 820 783 854 FMJ.
812 840 854 845 —-
883 823 940 856 97.
965 830 1106 855 mecum
1131 822 1246 856 Codd.
1272 823 1428 868 aliquot.

159 912 250 952 cet„
273 909 367 942 mihi
392 920 575 954 perquam
602 909 800 954 probabile
828 912 896 944 est.

157 956 236 990 Ioci
272 957 371 990 enim
397 957 459 990 hie
485 968 633 1002 semper
670 958 898 991 comitantur

157 1014 284 1038 veram
333 1006 371 1038 et
424 1004 521 1038 vitae
569 1006 690 1048 aptam
733 1005 899 1049 philoso-

158 1051 306 1096 phiam3
340 1053 377 1085 et
402 1051 536 1096 quidni
564 1052 603 1085 in
631 1052 770 1086 talibus
797 1052 897 1086 luse-

158 1098 210 1133 rit
234 1099 273 1132 in
300 1102 418 1132 semet
442 1099 593 1144 ipsum?

207 1194 345 1227 94-97.
373 1192 513 1236 „Quid,
541 1193 641 1238 quod
667 1197 708 1227 tu
735 1204 898 1238 quoque,

158 1239 296 1274 dilecte
329 1240 551 1283 Maecenas,
587 1241 668 1285 ipse
707 1241 898 1275 interdum

158 1287 302 1322 iudicia
326 1287 419 1322 facis
445 1288 572 1322 minus
605 1289 734 1322 reeta?
784 1287 900 1322 Velut

159 1345 245 1369 eum
279 1346 338 1369 me
365 1335 466 1369 rides
500 1338 656 1380 propter
681 1336 802 1370 levem
829 1336 898 1369 ali-

159 1393 271 1427 quam
297 1393 341 1417 ae
367 1383 562 1417 fortuitam
587 1383 627 1416 in
660 1383 792 1417 habitu
821 1383 900 1416 cul-

160 1431 280 1474 tuque
294 1430 578 1475 negligentiam,
597 1441 668 1464 nee
684 1441 772 1464 vero
787 1431 899 1476 longe

159 1479 305 1511 maiora
329 1478 432 1520 vitia,
462 1478 502 1511 in
529 1489 627 1522 quae
654 1478 816 1512 subinde
843 1479 899 1511 in-

159 1524 268 1567 cido,
302 1525 549 1569 reprehendis
577 1528 613 1559 et
647 1526 827 1570 castigas,
861 1525 900 1558 id

161 1572 263 1616 quod
306 1575 431 1606 tamen
475 1575 582 1606 tuum
625 1575 681 1607 est
723 1573 899 1616 officium,

158 1630 243 1654 cum
291 1620 342 1654 sis
387 1622 615 1662 praesidium
664 1621 899 1661 columenque

159 1677 283 1701 meum
310 1666 402 1710 (Od.
432 1670 463 1710 1,
491 1670 523 1710 1,
551 1669 582 1701 2.
611 1670 644 1710 2,
673 1669 734 1710 17,
754 1668 803 1710 4.)
830 1668 899 1701 ita-

160 1725 234 1758 que
263 1714 367 1749 eordi
393 1715 463 1749 tibi
491 1725 573 1749 esse
592 1715 738 1757 debeat,
764 1718 808 1748 ut
831 1715 899 1749 illa

163 1761 382 1806 deponam.“
404 1781 446 1786 —
467 1763 633 1805 curatus]
662 1764 899 1796 curationem

161 1810 292 1850 capitis
316 1821 386 1853 pro
406 1813 551 1851 comptu
578 1809 674 1843 dixit
699 1810 810 1842 etiam
827 1809 897 1843 Pe-

158 1858 255 1889 tron.
284 1859 362 1890 107.
389 1857 470 1890 Val.
497 1856 620 1890 Flacc.
647 1858 680 1899 8,
708 1858 787 1889 238.
827 1856 898 1890 Le-

159 1903 234 1937 ctio
262 1906 427 1937 curtatus
453 1906 510 1937 est
528 1904 681 1937 omnino
709 1903 755 1937 ab
781 1903 897 1937 inter-

160 1951 346 1995 polatore,
374 1951 438 1995 qui
457 1951 561 1984 illam
581 1950 896 1996 significationem

159 1998 366 2043 ignoraret.
377 1999 624 2039 —inaequali
637 1998 795 2041 tonsore]
809 1999 896 2043 „qui

158 2048 314 2090 propter
363 2045 593 2090 imperitiam
642 2046 896 2090 inaequaliter

159 2092 292 2127 tondet
318 2093 511 2127 dexterum
530 2096 567 2127 et
593 2093 741 2127 laevum
761 2093 896 2137 capitis

159 2140 295 2174 latus.“
345 2140 401 2174 De
437 2141 721 2174 constructione
748 2143 896 2174 curatus

158 2188 351 2228 inaequali
377 2190 521 2221 tonsore
548 2188 614 2221 cfr.
642 2187 711 2221 Od.
735 2190 766 2231 1,
793 2190 826 2230 6,
852 2189 896 2229 2.‚

159 2234 226 2268 ubi
269 2235 472 2279 explicavi:
523 2246 640 2278 „cum
682 2235 896 2279 inaequalis

160 2285 261 2315 esset
285 2285 416 2316 tonsor
433 2284 577 2325 meus“,
604 2286 642 2316 et
658 2283 752 2327 Epp.
781 2286 811 2323 1,
840 2284 896 2324 19,

163 2331 225 2362 13:
243 2331 461 2371 Eoeiquoque
475 2333 581 2371 toqae
595 2331 741 2363 simulet
757 2332 897 2363 textore

161 2378 343 2410 Catonem.
388 2396 431 2400 —
478 2377 654 2419 occurri]
696 2375 898 2423 ἀορίστως,

162 2423 336 2468 „quoties
371 2424 467 2458 forte
505 2423 572 2457 tali
606 2424 737 2458 habitu
773 2425 900 2469 negle-

161 2473 219 2504 cto
259 2480 383 2504 coram
422 2473 458 2504 te
503 2472 666 2505 versor.“
717 2471 773 2505 Ne
810 2482 899 2505 vero

162 2517 394 2551 offendamus
419 2518 460 2551 in
494 2519 654 2563 repetita
681 2519 827 2563 syllaba
850 2520 897 2561 ri,

162 2567 288 2599 vetant
314 2565 458 2598 similes
485 2566 579 2598 soni.
619 2565 687 2599 Od.
715 2567 748 2608 3,
773 2568 807 2608 4,
834 2567 896 2599 68:

164 2613 277 2646 Omne
303 2613 408 2654 nefas
435 2613 558 2645 animo
583 2615 777 2647 moventes.
822 2612 897 2646 Sat.

164 2662 203 2701 1,
229 2662 271 2702 3,
299 2661 386 2693 121:
425 2668 496 2693 esse
526 2668 639 2701 pares
671 2669 740 2693 res.
792 2659 896 2704 Vix-g.

160 2705 255 2741 Aen.
283 2708 316 2749 2,
343 2709 406 2740 27:
444 2708 582 2740 Dorica
608 2710 741 2740 castra.
770 2726 812 2731 —
838 2715 898 2740 su·

949 911 1082 943 bucula
1108 910 1194 954 cet.]
1228 912 1358 946 tunica
1390 911 1552 946 interior
1582 911 1684 946 linea

947 957 1007 991 vel
1026 957 1190 1002 byssina.
1216 958 1339 993 Varro
1358 970 1417 1003 ap.
1434 958 1529 992 Non.
1546 969 1583 1003 p.
1601 961 1682 992 542.

946 1003 1080 1038 Mera:
1123 1007 1367 1047 Posteaquam
1401 1007 1506 1039 binas
1539 1007 1683 1040 tunicas

949 1053 1082 1085 habere
1108 1055 1324 1096 coeperunt,
1357 1054 1597 1087 instituerunt
1621 1062 1683 1087 vo-

948 1107 1033 1133 care
1058 1101 1326 1134 subuculam
1351 1100 1548 1143 (virorum)
1567 1102 1600 1133 et
1618 1101 1683 1133 in-

948 1148 1047 1180 dusi
1057 1155 1124 1179 um
1151 1147 1431 1190 (feminarum).
1475 1147 1600 1190 „Haec
1624 1148 1683 1181 in·

947 1194 1106 1236 tendum,
1133 1195 1224 1239 quia
1239 1195 1365 1229 minus
1389 1205 1470 1229 eam
1488 1205 1592 1236 curo,
1617 1194 1682 1229 de-

947 1242 1037 1274 trita
1063 1244 1138 1284 est,
1173 1243 1297 1276 tunica
1330 1245 1463 1276 contra
1491 1251 1608 1284 pexa,
1642 1241 1683 1276 id

949 1291 1016 1330 est,
1042 1299 1176 1323 reeens
1202 1291 1240 1323 et
1265 1289 1406 1334 spissa,
1429 1289 1533 1323 villis
1557 1289 1682 1334 planis

949 1338 986 1369 et
1010 1336 1139 1379 politis
1165 1338 1353 1371 texturam
1377 1336 1592 1382 tegentibus
1617 1335 1684 1378 (to-

948 1391 1033 1424 qam
1054 1392 1192 1425 peccam
1215 1383 1324 1418 Mart.
1348 1386 1382 1426 2,
1407 1386 1464 1426 44,
1491 1384 1552 1426 1.),
1577 1383 1683 1417 talis-

949 1441 1023 1474 que
1057 1430 1314 1475 discrepantia
1349 1431 1554 1465 ridiculum
1591 1441 1683 1465 sane

947 1477 1103 1522 praebet
1128 1480 1335 1523 aspectum,
1360 1480 1399 1512 et
1416 1478 1590 1513 similiter
1615 1477 1683 1512 ubi

948 1527 1037 1570 toga
1061 1525 1188 1560 minus
1215 1526 1417 1571 eleganter,
1443 1536 1557 1571 quam
1579 1534 1682 1559 nune

949 1573 1093 1616 solent,
1120 1573 1187 1618 qui
1215 1573 1366 1607 ornatui
1393 1573 1566 1615 student,
1591 1572 1683 1607 ami-

949 1622 1032 1654 otus
1059 1631 1154 1660 sum,
1179 1620 1233 1655 ita
1250 1623 1294 1654 ut
1316 1621 1413 1655 male
1430 1620 1524 1654 mihi
1542 1620 1682 1662 sedeat,

948 1677 993 1701 ex
1035 1678 1188 1712 unaque
1235 1670 1342 1712 parte
1383 1668 1502 1712 magis
1543 1666 1685 1701 defluat

948 1725 1060 1759 quam
1087 1725 1132 1749 ex
1157 1715 1309 1748 altera.“
1362 1714 1460 1756 (Sat.
1490 1716 1521 1756 1,
1547 1715 1580 1756 3,
1607 1714 1681 1756 31.)

949 1780 992 1785 —
1010 1761 1136 1804 Rides]
1156 1761 1232 1804 „ita
1246 1760 1437 1804 videlieet,
1455 1763 1499 1795 ut
1516 1771 1584 1806 ego
1602 1771 1680 1795 una

947 1810 1070 1842 tecum
1095 1808 1272 1842 rideam.“
1307 1807 1470 1843 Martial.
1496 1810 1529 1851 2,
1555 1810 1614 1851 58,
1642 1811 1680 1842 1:

946 1857 1111 1889 Pexatus
1134 1857 1287 1898 pulchre
1311 1857 1407 1890 rides
1433 1864 1534 1898 mea,
1568 1856 1680 1899 Zoile,

946 1904 1046 1937 trita.

995 1999 1142 2031 99-103.
1156 1997 1320 2041 Aestuat}
1332 1996 1499 2032 Verbum
1513 2000 1682 2032 aestuare

946 2055 968 2079 a
984 2044 1165 2080 fluetibus
1183 2046 1296 2079 maris
1315 2045 1361 2079 ad
1379 2046 1545 2080 animum
1562 2048 1683 2079 trans-

946 2092 1020 2126 fert
1046 2092 1158 2127 etiam
1185 2092 1261 2127 Cic.
1280 2092 1391 2126 Verr.
1417 2093 1554 2127 Aecus.
1573 2094 1606 2134 2,
1625 2094 1682 2135 30,

947 2141 1011 2173 74:
1054 2142 1185 2181 Itaque
1218 2141 1410 2174 aestuabat
1436 2141 1682 2181 dubitativum

945 2189 1115 2221 versabat
1131 2197 1169 2220 se
1186 2189 1225 2220 in
1237 2190 1431 2228 utramque
1447 2190 1593 2229 partem
1609 2195 1683 2220 non

945 2235 1064 2267 solum
1088 2238 1215 2275 mente,
1241 2243 1368 2269 verum
1387 2236 1498 2269 etiam
1515 2243 1679 2276 corpore.

948 2301 991 2305 —
1030 2282 1272 2325 disconvenit]
1314 2282 1471 2316 verbum
1509 2281 1683 2315 Horatia-

948 2340 1059 2371 num,
1093 2332 1136 2362 ut
1168 2329 1337 2371 videtur,
1375 2329 1488 2363 etiam
1519 2328 1615 2372 Epp.
1650 2330 1681 2368 1,

953 2379 1006 2418 14,
1028 2378 1082 2410 18.
1099 2386 1188 2421 pro:
1217 2375 1440 2419 „discordas
1457 2375 1679 2419 discrepat.“

951 2442 993 2447 —
1031 2425 1175 2465 Diruit,
1213 2424 1382 2465 aedificat
1420 2423 1504 2466 cet.]
1543 2422 1680 2456 Salust.

950 2470 1059 2505 Catil.
1078 2473 1142 2504 20:
1168 2478 1263 2503 nova
1289 2472 1451 2512 diruunt,
1479 2471 1559 2503 alia
1583 2470 1681 2503 aedi·

948 2519 1068 2560 fleant.
1118 2517 1221 2551 Haec
1259 2520 1296 2551 et
1332 2517 1532 2562 sequentia
1563 2518 1681 2550 mutat

948 2566 1135 2606 quadrata
1159 2566 1326 2598 rotundis
1353 2565 1491 2609 („ipse‚
1517 2573 1583 2597 cur
1609 2563 1681 2597 hoc

947 2612 1081 2654 faciat,
1115 2611 1187 2646 sibi
1219 2611 1322 2646 haud
1348 2611 1562 2653 conscius“)
1597 2620 1681 2654 spe-

949 2660 1043 2694 ciem
1070 2659 1212 2693 habent
1228 2659 1517 2703 proverbiorum
1542 2657 1588 2691 de
1613 2658 1680 2691 ho-

947 2707 1115 2741 minibus
1147 2717 1281 2750 parum
1316 2705 1387 2740 sibi
1421 2704 1681 2740 constantibus
