1786 2912
114 1850 118 1867 ,
168 1826 227 1859 nis
271 1829 359 1860 erat.

165 161 191 202 2
670 157 879 193 HORATII
904 156 1189 193 SATIRABUM

279 259 367 303 Seu
396 259 506 303 ratio
537 258 703 302 dederit
733 273 811 302 seu
843 258 930 301 fors
963 258 1188 312 obiecerit,

1220 259 1295 302 illa

279 329 517 374 Contentus
550 331 686 383 vivat,
719 329 864 372 laudet
895 328 1065 372 diversa
1095 333 1326 386 sequentes
1343 329 1364 372 ἲ

281 399 318 444 Ο
351 400 555 444 fortunati
585 400 865 443 mercatores!
901 400 1044 455 gravis
1076 401 1200 443 annis

255 536 330 571 Sat.
355 536 384 570 Ι.
423 537 454 570 2.

492 537 574 570 ulla
599 535 622 570 S
650 538 687 570 et
711 537 889 580 quattuor
914 533 1098 570 Pottierii.
1126 554 1169 560 --
1196 539 1230 570 4.
1264 537 1378 571 armis
1403 535 1632 571 Bouhierius

207 584 340 630 probb.
364 583 405 618 F.
430 584 473 618 A.
498 582 646 625 Wolfio,
671 581 902 625 Eichstadio,
926 581 1109 628 Reisigio.
1154 582 1346 628 (Firmant
1371 585 1478 618 annis
1503 593 1632 619 omnes

206 632 280 667 mei
305 634 342 666 et
366 630 570 673 Pottierii.)

161 734 253 780 τοὺς
287 736 328 770 δὲ
365 734 442 770 απὸ
481 736 552 769 τῶν
584 734 797 792 ἐκκλησιῶν
829 737 896 770 καὶ

161 784 236 819 τῶν
268 783 536 839 δικαστηρίων,
574 785 642 817 καὶ
674 780 764 824 τοὺς
796 779 894 816 πάνυ

161 831 204 866 ἐν
240 829 372 874 αὐτοῖς
415 829 660 874 εὐὸοκίμους,
692 829 896 886 ὀδυρομέ-

160 890 252 922 νους
292 877 339 913 τὰ
378 876 504 912 αὐτῶν
551 880 615 912 καὶ
661 875 897 921 εὐχοαένους

160 925 224 960 ἐπὶ
264 923 444 972 σκαπάνῃ
485 925 624 966 βιῶναι
670 927 738 959 καὶ
778 924 897 971 γηδίῳ

163 973 339 1028 σαικρῶ.
349 963 508 1029 Ἀκὸύσῃ
534 972 574 1006 δὲ
599 972 666 1007 τοῦ
691 973 763 1028 μὲν
780 983 897 1020 στρα-

161 1021 339 1055 τιωτικοῦ
377 1019 443 1054 τὸν
484 1018 676 1075 εἰρηνικὸν
716 1017 898 1075 εὐδαιμο-

162 1070 350 1111 νιζοντος,
391 1068 459 1102 τοῦ
496 1067 536 1101 δὲ
577 1068 617 1101 ἑν
656 1063 788 1115 εἰρήνῃ
831 1066 898 1101 τὸν

163 1113 437 1170 στρατιωτικὸν
475 1112 699 1170 τεθηπότος.
756 1115 832 1149 Καὶ
864 1113 904 1148 εἶ’

161 1174 217 1206 τις
250 1163 350 1197 θεῶν
382 1158 510 1216 ὥσπερ
542 1164 583 1196 ἐν
612 1159 799 1217 ὀράιιατι
802 1161 898 1196 ὑπο-

160 1208 292 1266 κριτὰς
315 1206 540 1253 ἀποδυσας
535 1205 701 1244 ἔκαστοι
733 1209 800 1243 τοῦ
826 1220 898 1244 ,τα-

162 1256 299 1314 ρόντος
322 1258 411 1299 βίου
439 1260 505 1291 καὶ
526 1255 728 1301 σχήματος
751 1268 898 1301 ιιεταα-

163 1307 276 1348 φιέσε-
259 1317 291 1338 -ι
324 1303 370 1339 ῖά
405 1306 471 1339 τοῦ
504 1305 678 1348 πὶησίον,
710 1299 824 1347 αὖθις
849 1305 898 1338 αὐ

166 1364 204 1387 οι
240 1351 350 1386 αὐτοὶ
387 1353 462 1386 εἶκε
454 1357 526 1386 voa
563 1350 795 1406 ποθήσουσι
826 1364 874 1395 μ
860 1352 899 1386 ἐν

165 1397 213 1434 τὰ
238 1397 412 1456 πρότερα,
438 1398 665 1448 ὀὸυοοῦνται
690 1398 730 1433 δὲ
756 1396 800 1433 τὰ
827 1410 899 1433 ,τα-

166 1444 295 1502 ρόντα.
343 1443 449 1481 Ούτω
473 1433 711 1495 δυσάοεστόι
737 1458 771 1480 τι
796 1446 900 1481 ἐστὶν

167 1493 190 1528 ὁ
215 1491 272 1528 ἅι
266 1495 419 1542 9ρ().τος
443 1479 585 1549 κομιδῇ
609 1497 674 1528 καὶ
706 1494 900 1535 φιλαίτιον

166 1544 232 1575 καὶ
256 1541 387 1584 δειιῶς
411 1531 599 1576 δύσκολον
616 1543 682 1575 καὶ
699 1540 808 1575 οὐδὲν
826 1541 900 1575 τῶν

168 1587 229 1633 (τὰ
254 1589 394 1632 Diibn.)
436 1587 557 1623 αὑτοῦ
592 1585 811 1631 ἀσπάζεται.
856 1608 898 1612 -

167 1637 282 1680 nemo]
310 1637 472 1672 Securus
503 1635 612 1672 amici
648 1647 771 1681 neque
796 1637 901 1670 hunc

167 1694 237 1718 nec
263 1688 379 1719 semet
404 1685 528 1730 ipsum
546 1696 592 1719 ex
613 1683 899 1718 innumerabili-

166 1730 238 1765 bus
252 1731 310 1765 his
319 1733 610 1787 wicenwmooipocg
622 1731 779 1776 excipit3
798 1733 899 1765 uter-

168 1788 242 1823 que
268 1779 367 1813 enim
393 1780 462 1813 hoc
479 1780 569 1814 *itio
587 1789 743 1824 prorsus
768 1778 900 1812 immu-

395 1846 437 1850 -—
477 1836 614 1868 quam·
627 1829 788 1860 sortem·
802 1827 901 1859 ratio

114 1872 118 1904 ἰ
168 1873 364 1916 dedericJ„
379 1873 474 1907 vitae
507 1885 647 1919 genus,
683 1873 808 1919 quod,
820 1883 900 1907 cer-

119 1919 123 1956 ἐ
167 1921 247 1953 tum
287 1920 486 1954 consilium
525 1924 740 1955 constanter
779 1921 919 1959 secuti„

169 1965 256 2001 inde
284 1968 330 2001 ab
357 1971 476 2002 aetate
502 1968 644 2006 adulta
642 1967 892 2020 delegimus.
881 1969 898 1986 ‘¹‘

124 2010 128 2020 ¹
171 2032 206 2036 -
242 2014 360 2058 rasio]
405 2010 652 2056 „besomtene
673 2015 814 2049 Watzl.“

168 2060 258 2103 sors]
292 2060 335 2094 In
367 2061 437 2094 hoc
469 2062 661 2105 vocabulo,
695 2065 736 2096 ut
762 2062 814 2096 ait
839 2061 900 2096 Oi-

170 2117 256 2141 cero
274 2108 319 2142 de
338 2107 450 2154 Legg.
469 2111 500 2151 2,
522 2113 575 2151 11,
594 2111 663 2152 28.,
688 2110 818 2142 incerti
841 2117 900 2142 ca-

170 2163 231 2187 sus
247 2156 501 2197 significantur
516 2159 632 2198 mauis
663 2158 789 2201 (quam
809 2156 847 2190 in
867 2166 899 2190 v.

170 2202 361 2243 Fortuna).
399 2203 473 2236 Cic.
501 2204 545 2237 ad
572 2205 646 2237 Att.
677 2207 738 2246 14,
768 2205 829 2246 13,
857 2205 900 2236 3:

170 2249 239 2282 Sed
263 2250 348 2282 haec
373 2252 484 2291 sors
516 2252 666 2292 viderit,
706 2260 767 2293 ea,
806 2259 901 2291 quae

170 2296 305 2329 talibus
330 2298 371 2329 in
396 2299 499 2330 rebus
523 2299 605 2338 plus
633 2307 743 2339 quam
773 2299 902 2331 ratio

166 2345 294 2384 polest.
313 2362 353 2366 —-
374 2345 556 2386 obiecerit!
584 2344 627 2378 In
655 2345 724 2378 hoc
752 2355 901 2389 quoque

171 2400 203 2422 v.
231 2391 331 2423 caeci
366 2400 474 2424 casus
507 2391 611 2424 notio
638 2391 778 2425 clarius
804 2392 904 2425 inest

171 2446 282 2481 quam
308 2437 347 2470 in
372 2447 405 2470 ν.
433 2440 581 2479 offerre,
620 2449 693 2482 quo
726 2438 766 2472 in
792 2439 905 2483 pede-

172 2484 240 2517 stri
275 2484 443 2517 oratione
478 2484 530 2517 uti
567 2485 690 2518 solent
727 2486 827 2528 (Cic.
858 2486 903 2519 ad

172 2530 246 2564 Att.
273 2532 307 2572 2,
333 2533 389 2573 22,
417 2533 455 2563 1:
491 2533 586 2572 quod
618 2534 694 2573 sors
721 2534 902 2575 obtuterit,

171 2578 210 2611 id
234 2581 383 2611 acturus
407 2578 598 2619 videtur),
638 2578 802 2623 itemque
829 2580 904 2613 Ho-

171 2625 290 2658 ratius
324 2625 407 2669 ipse
435 2624 507 2658 Sat.
537 2628 575 2666 1,
601 2627 642 2666 6,
670 2628 736 2658 54:
774 2627 903 2660 Nulla-

173 2672 262 2704 mihi
288 2675 321 2705 le
346 2674 422 2713 sors
448 2673 588 2705 obtulit.
616 2690 658 2695 —
684 2673 776 2715 illa]
813 2684 903 2715 „ea-

173 2718 257 2753 dem
295 2718 377 2762 illa,
416 2730 490 2763 qua
527 2718 642 2754 semel
678 2719 831 2753 utitur.“
858 2739 904 2745 --

946 735 1093 780 laudet]
1134 738 1344 783 μακαρίζει.
1417 736 1595 772 Ceterum
1635 747 1682 772 ex

943 783 1188 827 praecedenti
1237 793 1342 818 nemo
1391 784 1682 830 subintelligen-

945 830 1035 865 dum
1072 834 1129 866 est
1160 833 1329 874 quisquo,
1366 834 1409 866 ut
1442 831 1520 867 Cic.
1544 832 1591 866 de
1617 831 1680 866 Or.

947 880 979 919 3,
1000 880 1053 921 14,
1071 880 1138 912 52:
1166 880 1279 913 Nemo
1297 880 1428 914 extulit
1447 888 1530 913 eum
1550 880 1682 922 verbis,

947 926 1010 966 qm·
1040 927 1095 959 ila
1131 927 1302 969 dixisset,
1339 928 1379 960 ul
1417 928 1482 967 qui
1517 928 1681 960 adessem

945 973 1202 1015 inlelliqewnl,
1227 974 1315 1015 quid
1338 975 1483 1015 diceret,
1509 975 1574 1007 sed
1598 982 1682 1008 con-

947 1022 1090 1062 tempsit
1126 1029 1223 1063 eum,
1264 1022 1327 1062 qui
1351 1023 1471 1054 minus
1495 1022 1534 1055 id
1557 1022 1681 1063 [acere

943 1068 1126 1109 potuisset.
1155 1086 1197 1092 —-
1224 1067 1385 1112 diversa]
1413 1079 1592 1113 „prorsus
1618 1078 1683 1114 op-

946 1115 1069 1159 posita
1102 1118 1139 1150 et
1171 1116 1363 1150 contraria
1395 1115 1475 1150 suis
1507 1115 1680 1150 studiis.“

993 1165 1025 1196 4.
1052 1164 1085 1196 5.
1110 1164 1233 1205 arat-is
1250 1162 1371 1206 armis]
1398 1163 1472 1207 Sop
1476 1163 1574 1199 hocl.
1591 1162 1682 1198 Oed.

943 1208 1033 1264 Tyr.
1061 1211 1127 1244 17:
1173 1211 1212 1243 οἱ
1241 1209 1281 1243 ὁὲ
1315 1209 1386 1244 σύι
1419 1209 1521 1257 γήρᾳ
1551 1209 1684 1257 βαρεῖς

943 1253 1069 1312 Ἱερῆς.
1119 1257 1276 1292 Theocr.
1302 1259 1367 1301 24,
1395 1261 1481 1293 100:
1508 1256 1684 1291 πολλοῖσι

945 1301 1067 1351 βαρύς
1108 1314 1176 1351 ,τερ
1212 1302 1285 1338 ε’ὠν
1329 1305 1528 1347 ἐνιαυτοῖς.
1578 1304 1681 1351 Virg.

947 1316 1040 1386 Aen.
1067 1355 1100 1394 9,
1126 1353 1219 1386 ⁴246:
1255 1353 1322 1386 Hic
1347 1354 1453 1386 annis
1478 1353 1600 1394 oravi-e
1627 1355 1683 1386 αι-

948 1408 1016 1440 que
1047 1400 1161 1432 animi
1190 1403 1362 1433 maturus
1386 1401 1519 1434 Aletes.
1567 1399 1683 1434 Intel-

949 1446 1024 1491 lige
1050 1446 1220 1489 militem,
1246 1447 1308 1481 cui
1325 1447 1386 1482 vel
1407 1446 1505 1481 ratio
1522 1447 1582 1480 vel
1604 1447 1683 1481 fors

948 1493 1020 1528 hoc
1045 1493 1142 1528 vitae
1168 1503 1288 1540 genus
1314 1494 1506 1529 obtulerit.
1554 1494 1591 1528 Is
1618 1493 1684 1528 sti-

948 1540 1174 1585 pendiorum
1212 1541 1322 1575 initio
1359 1551 1405 1575 ex
1444 1540 1588 1586 praeda
1624 1541 1684 1575 vel

949 1598 995 1622 cx
1036 1588 1134 1632 agris
1175 1587 1413 1634 assignandis
1454 1587 1604 1622 divitias
1642 1597 1682 1622 se

948 1638 1169 1679 paraturum
1195 1635 1399 1680 aliquando
1424 1637 1616 1680 sperarat3
1647 1637 1685 1669 at

948 1685 1034 1726 post
1057 1683 1250 1728 complura
1274 1682 1475 1728 stipendia,
1499 1691 1584 1717 cum
1610 1682 1684 1717 iam

949 1732 1071 1764 aetate
1112 1729 1325 1774 provectior
1367 1729 1529 1764 necdum
1577 1729 1684 1764 dives

948 1777 1069 1811 factus
1089 1780 1156 1819 est,
1182 1780 1335 1822 propter
1357 1777 1397 1811 id
1421 1777 1557 1822 ipsum,
1583 1776 1684 1821 quod

949 1824 1133 1869 pristinae
1160 1825 1242 1859 eius
1262 1824 1362 1859 vires
1387 1823 1580 1859 continuis
1605 1823 1683 1858 illis

950 1871 1157 1912 laboribus,
1184 1871 1323 1917 quibus
1340 1882 1474 1906 vacare
1496 1870 1685 1905 debebant

948 1919 1088 1954 milites
1120 1918 1298 1960 Romani,
1335 1919 1529 1963 aliquanto
1563 1917 1685 1952 immi-

950 1969 1064 2000 nutae
1082 1969 1182 2008 sunt,
1208 1966 1310 2000 omni
1332 1966 1484 2000 maioris
1501 1968 1683 2010 quaestus

949 2014 1030 2058 spei
1045 2012 1341 2047 renuntiandum
1355 2023 1438 2047 esse
1451 2012 1565 2055 videt,
1582 2012 1685 2046 ideo-

950 2071 1023 2105 que
1048 2060 1190 2094 invidet
1216 2059 1430 2102 mercatori,
1461 2060 1526 2104 qui
1553 2059 1683 2093 eodem

949 2107 1009 2141 vel
1026 2107 1172 2141 minore
1191 2107 1302 2141 etiam
1327 2110 1494 2152 tempore
1514 2106 1683 2150 locuples

950 2154 1078 2189 evasit.
1129 2154 1244 2189 Recte
1261 2154 1437 2189 Iahnius:
1466 2153 1686 2199 „Significat

950 2204 1062 2246 poeta
1087 2213 1164 2235 non
1190 2210 1305 2235 annos
1330 2203 1445 2244 vilae,
1478 2200 1543 2235 sed
1569 2206 1684 2234 annos

950 2250 1139 2283 militiae.⁴⁶
1190 2248 1319 2283 Multis
1346 2259 1385 2283 se
1414 2247 1686 2282 commendavit

952 2297 1170 2331 coniectura
1195 2297 1327 2337 armis,
1360 2295 1484 2330 facilis
1510 2295 1576 2328 illa
1602 2293 1685 2338 qui-

952 2344 1035 2378 dem
1069 2348 1105 2378 et
1136 2342 1336 2377 admodum
1370 2342 1560 2386 speciosa,
1599 2351 1685 2375 cum

953 2393 1064 2426 etiam
1082 2390 1181 2435 apud
1199 2389 1305 2423 Ovid.
1323 2388 1411 2423 Her.
1432 2392 1463 2431 1,
1483 2390 1561 2423 105.
1598 2387 1685 2422 Met.

953 2440 992 2480 8,
1027 2440 1106 2471 312.
1141 2440 1252 2481 atque
1290 2436 1379 2470 alibi
1418 2446 1474 2469 vv.
1505 2437 1612 2469 anm's
1649 2437 1686 2469 et

952 2486 1064 2519 armis
1090 2483 1382 2519 confundantur.
1432 2482 1480 2516 Et
1506 2493 1595 2517 sane
1628 2483 1686 2516 lu-

954 2533 1143 2566 culentum
1169 2530 1362 2576 pergravis
1398 2530 1525 2565 oneris
1558 2529 1687 2563 militi-

954 2580 1024 2613 bus
1058 2578 1236 2613 Romanis
1275 2577 1440 2621 impositi
1475 2577 1685 2620 exemplum

952 2627 1109 2671 praebet
1133 2625 1212 2659 Liv.
1239 2623 1335 2668 Epit.
1362 2626 1418 2659 57.
1452 2623 1535 2658 Nou
1561 2627 1685 2657 tamen

955 2674 1045 2707 satis
1082 2674 1377 2726 perspexerunt,
1416 2670 1597 2705 Codicum
1635 2670 1686 2704 le-

953 2722 1078 2755 ctione
1104 2718 1309 2766 significari
1334 2718 1384 2761 id,
1414 2717 1516 2763 quod
1541 2717 1602 2751 hic
1626 2716 1686 2751 vel
