1774 2930
160 143 246 186 392

633 143 839 179 HORATII
862 145 1206 181 EPISTULARUM

279 244 316 287 Ο
348 245 597 298 imitatores,
629 260 798 288 servum
829 261 973 302 pecus,
1005 251 1051 288 ut
1081 247 1187 289 mihi
1219 262 1348 305 saepe

277 315 436 370 Bilem‚
470 330 600 372 saepe
629 316 770 358 iocum
800 318 932 359 vestri
963 333 1134 361 movere
1165 320 1396 362 tumultus!
1455 319 1461 321 ’

1613 323 1669 364 20

275 387 435 430 Libera
464 401 541 443 per
570 402 752 430 vacuum
781 389 906 444 posui
936 390 1117 446 vestigia
1147 391 1367 447 princeps,

274 458 372 500 Non
404 459 544 501 aliena
574 473 669 501 meo
701 460 839 515 pressi
870 459 992 516 pede.

1043 461 1127 509 Qui
1159 462 1241 504 sibi
1272 462 1382 515 fidit,

274 529 377 571 Dux
406 531 518 585 regit
549 545 742 572 examen.
789 530 940 573 Parios
973 546 1052 588 ego
1084 533 1246 588 primus
1277 533 1442 575 iambos

277 599 455 643 Ostendi
485 601 624 655 Latio,
654 616 853 644 numeros
885 603 1135 659 animosque
1167 608 1338 646 secutus

274 672 539 726 Archilochi,
572 687 658 715 non
684 688 753 715 res
781 678 825 716 et
852 674 1024 730 agentia
1050 675 1181 717 verba
1207 674 1468 732 Lycamben.

1611 677 1667 717 25

251 815 307 847 22.
344 815 428 856 fidet
455 815 510 857 cd,
536 814 624 848 Lot.
652 815 715 857 (Ut
740 826 820 857 nos,
847 814 955 858 bSE.)
983 835 1024 840 —-
1053 818 1108 851 23.
1146 820 1244 859 reaet
1272 816 1381 860 bScd,
1407 817 1530 852 Leto.
1556 818 1622 861 (Ut

201 872 282 904 nos,
307 861 336 894 E
363 865 399 895 et
423 866 498 896 tres
525 862 714 897 dumtaxat
739 863 938 906 Pottierii.)

152 993 283 1034 decipit
309 996 345 1027 et
368 993 414 1027 ad
438 1004 470 1026 v.
488 994 675 1026 imitabile.
695 1013 736 1017 —
757 1003 886 1028 emsan-

152 1040 235 1083 que]
275 1040 407 1084 „quod
433 1051 640 1086 exsangues
673 1041 798 1074 reddit
830 1042 886 1075 bi-

151 1087 325 1122 bentes.“
379 1087 575 1122 Claudian.
612 1089 651 1121 in
687 1088 813 1122 Rufin.
852 1091 884 1129 2,

154 1136 244 1168 130:
288 1137 484 1177 eoesanquis
520 1137 695 1178 Rufinum
728 1137 885 1177 perculit

152 1183 293 1216 horror.
313 1201 355 1207 ·-—
375 1183 573 1226 caminum]
610 1208 626 1225 „
638 1183 885 1227 ptisanarium

151 1230 327 1263 cumini.“
379 1229 476 1263 Plin.
501 1230 547 1263 H.
572 1230 615 1264 N.
642 1232 697 1273 20,
726 1234 789 1272 14,
815 1232 884 1264 57:

153 1278 265 1310 Omne
300 1277 527 1321 (cuminum)
556 1279 739 1319 pallorem
765 1279 884 1311 oioen-

150 1325 243 1358 tibus
269 1326 396 1366 yiqm't.
446 1327 505 1358 Ita
531 1327 624 1359 certe
650 1327 771 1367 serant
797 1327 885 1358 Por-

149 1373 198 1405 cii
227 1373 395 1405 Latronis
433 1374 527 1406 clari
562 1374 659 1406 inter
690 1374 884 1414 maqistros

148 1421 291 1453 dicendi
332 1423 566 1454 assectatores
611 1421 885 1453 similitudinem

149 1468 280 1500 coloris
317 1469 445 1500 studiis
484 1469 662 1501 contracti
698 1469 857 1501 imitatos
873 1478 885 1500 .·

149 1515 214 1558 qui
241 1524 325 1548 cum
355 1525 387 1548 a.
414 1526 450 1548 u.
477 1526 508 1549 c.
535 1517 613 1549 752.
641 1526 756 1549 senex
786 1526 883 1549 mor-

148 1563 237 1595 tuus
265 1563 331 1604 sit,
358 1573 448 1595 sane
474 1562 556 1596 fieri
582 1565 723 1606 potest,
750 1565 791 1595 ut
815 1563 883 1596 hos

147 1608 250 1653 ipsos
267 1609 473 1644 Porcianos
497 1611 532 1643 h.
551 1611 574 1643 l.
602 1610 771 1643 derideat
796 1612 883 1654 poe-

146 1659 194 1690 ta.
245 1656 495 1691 Eminuerunt
520 1660 644 1691 autem
678 1657 718 1690 in
752 1657 883 1691 huius-

146 1703 247 1737 modi
293 1704 521 1739 imitatorum
567 1715 680 1759 grege
727 1705 882 1759 proprio

146 1751 299 1795 ingenio
332 1754 483 1785 carente
517 1752 556 1785 οἱ
579 1749 650 1794 τὴν
674 1748 884 1793 Πλάτωνος

146 1795 459 1841 ἀπομιμούμενοι
483 1796 697 1853 κυρτότητα
722 1800 787 1831 καὶ
811 1796 882 1841 τὴν

144 1842 421 1891 Ἀριστοτέὶους
469 1842 716 1893 τραυλότητα.
782 1845 880 1878 Plut.

147 1892 192 1926 de
219 1893 305 1927 aud.
330 1895 428 1937 poet.
453 1904 489 1937 p
516 1895 571 1927 97.
597 1892 656 1926 W.

195 1966 249 1997 19.
276 1965 332 1998 20.
362 1972 506 1997 servum
528 1963 651 2006 pecus]
678 1963 882 2010 θρέμματα

144 2008 429 2065 ἀνδραποδώδη.
481 2011 573 2044 Cum
608 2022 751 2045 summa
783 2010 882 2044 indi-

145 2058 322 2104 gnatione
342 2061 378 2092 et
402 2059 628 2092 contumelia
652 2059 769 2092 malos
794 2069 881 2102 poe-

145 2109 201 2140 tas
252 2106 432 2150 increpat.
491 2107 673 2147 „servilis
722 2105 879 2139 imitatio

145 2153 211 2187 illa
253 2153 364 2187 anxia
405 2157 441 2187 et
482 2163 629 2187 morosa
671 2155 745 2195 est,
796 2162 881 2186 cum

146 2201 255 2245 quasi
281 2201 548 2244 superstitione
576 2200 734 2244 quadam
760 2200 805 2234 ab
825 2211 880 2242 eo,

146 2259 257 2292 quem
282 2248 507 2281 imitandum
530 2248 806 2292 proposuimus,
832 2258 880 2281 ne

145 2298 401 2329 transversum
428 2295 580 2339 quidem
613 2305 779 2339 unguem
805 2295 880 2328 dis-

145 2342 277 2376 cedere
319 2342 510 2376 audemus.
572 2344 741 2383 Inqenua
781 2352 879 2384 vero,

146 2390 296 2433 quando
331 2391 385 2424 sic
418 2390 542 2423 aliena
576 2392 800 2431 tractamus,
838 2392 880 2422 ut

145 2447 221 2470 non
256 2437 294 2470 in
329 2438 485 2470 alterius
519 2437 796 2481 possessionem
829 2437 879 2470 ir-

144 2484 279 2526 ruisse,
298 2484 371 2526 ·sed
388 2485 471 2518 iure
490 2487 617 2518 nostro
635 2485 783 2518 venisse
801 2494 880 2517 cre-

145 2531 295 2573 damur,
329 2542 501 2575 quaeque
534 2531 658 2565 aliena
690 2534 797 2573 sunt,
832 2531 878 2564 ob

144 2578 366 2612 dissimilem
391 2579 525 2612 faciem
552 2589 627 2611 non
654 2589 721 2622 pro
747 2579 879 2612 alienis

144 2626 370 2668 habeantar,
411 2626 476 2660 sed
518 2629 770 2670 agnoscantur
809 2636 877 2670 pro

145 2673 330 2707 nostris.“
382 2673 580 2707 RAPPon'r.
612 2691 659 2697 -
690 2673 878 2715 tumultus]

147 2721 330 2763 „violenti
372 2731 415 2755 ac
454 2719 617 2762 turbidi,
656 2720 720 2754 sed
755 2724 879 2754 tamen

933 995 1167 1038 praeposteri
1194 998 1230 1029 et
1255 1006 1402 1040 semper
1428 995 1582 1039 inanes,
1608 1006 1667 1031 co-

933 1044 1044 1076 natus
1070 1053 1127 1076 me
1153 1042 1359 1076 imitandi.“

981 1102 1103 1134 21-23.
1127 1102 1258 1135 Libera
1283 1101 1367 1144 cet.]
1396 1101 1441 1135 In
1466 1103 1572 1146 poesi
1597 1102 1666 1136 La-

934 1148 1012 1182 tina
1039 1149 1155 1182 libera
1179 1149 1334 1190 vestiqia
1356 1150 1460 1191 ponit
1487 1149 1569 1192 (cfr.
1593 1149 1665 1184 Sat.

934 1196 976 1237 2,
1003 1198 1043 1238 6,
1073 1198 1134 1229 101
1173 1196 1251 1240 sq.)
1286 1204 1355 1238 per
1390 1205 1545 1230 vacuam
1589 1197 1665 1242 (pr.

930 1251 1000 1283 per
1023 1251 1177 1276 vacuam
1203 1243 1281 1277 sive
1302 1246 1493 1277 vacantem
1516 1243 1666 1278 domino

930 1291 1210 1332 possessionem,
1262 1289 1573 1334 quemadmodum
1612 1291 1667 1324 di-

934 1340 1026 1371 cunt
1060 1337 1158 1380 lcti3
1200 1337 1266 1371 cfr.
1299 1337 1435 1372 Gaium
1466 1340 1507 1381 2,
1541 1340 1597 1373 51.
1635 1341 1668 1381 4,

935 1386 1029 1427 131.)
1054 1385 1098 1428 is,
1123 1384 1190 1430 qui
1207 1385 1352 1430 primus
1370 1385 1410 1418 in
1428 1395 1524 1419 novo
1541 1385 1668 1431 poesis

932 1443 1070 1477 genere
1095 1432 1264 1466 elaborat
1285 1432 1459 1477 idemque
1483 1432 1536 1467 ita
1558 1432 1669 1478 perfi-

934 1480 994 1519 cit,
1013 1482 1056 1513 ut
1069 1479 1249 1514 Horatius
1269 1479 1351 1524 ipse
1364 1490 1484 1535 genus
1496 1480 1667 1526 lyricum.

933 1527 1130 1572 Specimen
1157 1529 1300 1569 autem,
1333 1527 1433 1572 quod
1466 1527 1506 1560 in
1537 1528 1668 1572 paucis

933 1574 1161 1608 carminibus
1196 1574 1350 1608 dederat
1380 1574 1568 1618 Catullus,
1600 1585 1668 1620 pro

932 1622 1072 1656 leviore
1111 1621 1366 1666 experimento
1403 1621 1579 1656 habuisse
1617 1622 1669 1655 vi-

932 1669 1040 1703 detur
1058 1669 1250 1712 Horatius,
1276 1669 1384 1703 illius
1403 1669 1501 1703 haud
1526 1669 1666 1703 nimius

932 1716 1146 1750 admirator.
1193 1715 1268 1750 cfr.
1295 1715 1369 1752 Sat.
1397 1718 1428 1758 1,
1457 1718 1511 1758 10,
1539 1717 1594 1749 19.
1623 1734 1665 1739 —

929 1765 1046 1805 pressi
1067 1763 1172 1805 pede]
1212 1761 1322 1805 „Non
1347 1762 1472 1796 aliena
1496 1763 1666 1808 exempla

931 1810 1040 1844 anxie
1076 1810 1242 1843 imitatus
1281 1810 1398 1843 sum.“
1448 1808 1599 1844 Luci-et.
1633 1811 1667 1852 3,

931 1859 974 1890 3:
1000 1858 1109 1897 inque
1135 1858 1206 1890 tuis
1232 1855 1416 1900 (Epicuri)
1442 1865 1539 1890 nunc
1564 1858 1668 1890 Ficta

932 1904 1110 1948 (antique
1143 1914 1212 1948 pro
1246 1903 1367 1946 Fixa)
1406 1905 1540 1946 pedum
1569 1912 1666 1946 pono
1726 1943 1729 1945 ,

927 1953 1061 1992 pressis
1102 1952 1256 1992 vestiqia
1295 1951 1421 1993 sionis.
1485 1949 1667 1985 Similiter

930 1998 1107 2032 dicebant
1136 1999 1315 2039 stm’nqere
1345 1998 1509 2040 vestiam.
1558 1996 1666 2032 ovid.

930 2045 1016 2079 Met.
1044 2048 1081 2088 1,
1108 2047 1188 2079 536.
1214 2065 1259 2069 -
1287 2046 1358 2086 Qui
1380 2046 1448 2078 sim·
1472 2045 1566 2088 nait]
1604 2055 1667 2087 „ao

930 2095 1131 2137 propterea
1157 2103 1253 2126 nova
1277 2095 1414 2135 tentat,
1438 2092 1480 2126 fit
1505 2092 1582 2127 dux
1607 2102 1667 2126 ce-

931 2144 1109 2182 terorum,
1135 2150 1296 2184 quorum
1321 2139 1516 2185 ingenium
1540 2139 1665 2173 minus

930 2190 1059 2232 aptum
1085 2190 1142 2221 est
1166 2187 1212 2221 ad
1238 2197 1335 2221 nova
1358 2197 1498 2232 genera
1522 2186 1668 2220 inveni-

930 2235 1027 2269 enda
1068 2238 1180 2279 atque
1222 2234 1466 2269 excolenda.“
1502 2253 1546 2258 —
1579 2235 1668 2268 Dua·

930 2283 1021 2325 cet.]
1074 2282 1276 2322 „imitatus
1330 2292 1458 2327 regem
1505 2281 1644 2325 apium.
1648 2280 1665 2298 “

929 2330 1131 2363 Ponpnnz.
1147 2348 1190 2352 —-
1206 2328 1374 2371 esttamen]
1401 2327 1464 2363 Sic
1489 2327 1666 2362 Cratinus

929 2376 1107 2411 Meinekii
1149 2378 1291 2420 p.16:
1335 2372 1427 2409 Οἶον
1467 2374 1667 2416 σοφιστῶν

930 2424 1154 2468 (poetarum)
1182 2423 1332 2466 σμῆνος
1355 2419 1637 2466 ἀνεδιφήσατεὶ

1035 2484 1117 2516 2-7.
1150 2480 1668 2524 Parios--ostendi]„P1-i-

929 2541 1011 2564 mus
1001 2485 1247 2573 3exemplum
1272 2529 1451 2573 praebui,
1477 2526 1665 2572 quomodo

929 2582 1047 2611 totum
1078 2576 1293 2610 Archilochi
1326 2575 1431 2609 Parii
1465 2585 1584 2619 genus
1619 2573 1667 2608 ad

928 2624 1099 2658 Latinam
1112 2624 1244 2668 poesin
1263 2621 1565 2656 transferendum
1582 2621 1640 2655 sit.
1646 2621 1663 2639 ‘⁴

931 2671 1124 2717 Significat
1148 2671 1304 2704 maxime
1329 2669 1492 2723 Epodos.
1536 2670 1664 2702 osten·

929 2722 1014 2753 dere
1039 2721 1180 2756 autem,
1206 2720 1248 2751 ut
1272 2713 1540 2750 ἀναδεικνύναι
1564 2714 1665 2760 apud
