1774 2930
172 144 263 185 432

643 145 850 180 HORA'I'II
874 146 1223 181 EPISTOLARUM

293 244 373 286 Vis
407 246 620 302 complere
651 246 773 288 libris
807 250 851 288 et
881 247 1051 289 vatibus
1082 248 1239 292 addere
1270 250 1426 304 calcar,

292 316 350 358 Ut
382 317 522 359 studio
553 318 714 359 maiore
736 321 894 373 ‘petant
921 317 1135 361 Helicona
1162 320 1385 363 virentem.
1455 319 1459 321 ’

291 387 429 430 Multa
460 388 632 444 quidem
661 388 786 430 nobis
817 388 996 431 facimus
1027 391 1140 432 mala
1170 404 1299 447 saepe
1329 395 1502 448 poetae,
1536 417 1591 423 -—

292 458 349 500 Ut
369 459 518 501 vineta
550 463 720 514 egomet
751 459 926 502 caedam
958 474 1054 503 mea
1077 485 1152 514 —‚
1185 476 1282 503 cum
1311 462 1390 504 tibi
1419 462 1575 505 librum
1606 465 1694 506 220

293 529 486 572 Sollicito
518 529 667 572 damus
701 534 773 572 aut
804 530 942 585 fesso3
976 546 1071 573 cum
1102 532 1332 587 laedimur,
1362 547 1496 575 unum

293 600 339 642 Si
371 601 465 657 quis
498 602 731 643 amicorum
762 606 828 644 est
858 616 987 644 ausus
1018 603 1332 659 reprehendere
1362 618 1557 659 versum3

293 671 403 714 Cum
433 672 528 714 loca
558 673 643 714 iam
674 673 853 715 recitata
882 673 1139 715 revolvimus
1170 675 1418 730 irrevocati3

293 742 402 784 Cum
432 743 716 786 lamentamur
746 758 832 785 non
862 759 1069 800 apparere
1099 745 1268 788 labores

290 813 469 855 Nostros
503 819 545 856 et
575 816 694 857 tenui
727 815 910 857 deducta
939 819 1140 872 poemata
1169 817 1266 871 filo3

1605 819 1694 859 225

292 884 401 926 Cum
434 900 655 941 speramus
689 900 739 928 eo
770 901 862 928 rem
892 891 1136 941 venturam,
1168 891 1217 929 ut
1248 888 1375 930 simul
1406 891 1534 945 atque

267 1034 346 1067 222.
372 1034 636 1075 reprehendere
662 1033 799 1076 bE‚Cs:
827 1035 1045 1075 reprendere
1073 1033 1166 1077 s‚Lt,
1192 1035 1398 1079 Bentleins,
1422 1035 1502 1069 ΕΜ.

170 1159 377 1206 ἀποθήκας
403 1163 476 1196 τῶν
509 1162 672 1204 βιβλίων
707 1162 909 1208 ἐξεποίησε

171 1212 236 1243 καὶ
262 1211 510 1257 καθιέρωσεν.
539 1212 586 1253 (0.
614 1222 650 1244 11.
677 1221 708 1244 0.
736 1212 833 1254 726.)
863 1211 908 1244 In

171 1268 251 1292 eam
286 1260 410 1292 autem
444 1258 713 1292 bibliothecam
747 1269 823 1292 non
850 1269 909 1292 re-

171 1305 406 1349 cipiebantur
455 1306 531 1339 nisi
581 1305 669 1339 libri
718 1306 908 1348 meliores,

168 1354 363 1394 scriptores
398 1354 560 1395 classici,
597 1362 672 1386 non
700 1354 907 1395 proletarii,

170 1403 212 1434 ut
236 1401 289 1434 ait
313 1400 410 1434 Gell.
438 1402 494 1442 19,
520 1402 553 1442 8,
582 1402 635 1433 15.
685 1400 767 1434 Hoc
791 1400 909 1445 igitur

170 1447 280 1481 dicit:
317 1447 380 1490 „Si
405 1448 592 1482 bonorum
617 1449 816 1492 postarum
841 1459 907 1481 au-

169 1505 256 1540 gere
298 1495 355 1530 vis
397 1497 631 1529 numerum.“
673 1515 715 1518 —
759 1496 906 1538 addere]

170 1543 209 1575 in
243 1553 357 1587 prosa
390 1553 443 1576 or.
479 1545 691 1585 admovere,
726 1544 907 1585 adhibere,

170 1590 281 1623 etiam
306 1591 456 1624 subdere
483 1591 627 1632 calcar,
659 1591 696 1623 h.
723 1590 748 1623 1.
784 1590 907 1632 „exci-

168 1639 248 1671 tare
275 1648 406 1671 eorum
425 1637 591 1680 studia3“
620 1648 734 1682 quam
758 1640 908 1671 senten-

169 1685 258 1718 tiam
285 1687 394 1719 ornat
419 1688 526 1730 grata
544 1686 730 1718 Heliconis
755 1686 907 1718 virentis

168 1743 343 1777 lmagme.

217 1828 416 1860 219—228.
450 1828 573 1861 Multa
599 1827 691 1868 cet.]
727 1825 905 1867 „Duobus

167 1874 370 1918 propositis
407 1874 556 1918 egregie
595 1873 697 1906 hisce
731 1873 903 1906 versibus

167 1921 350 1955 satisfacit
374 1921 574 1961 Horatius,
606 1919 738 1961 alteri,
763 1922 804 1953 ut
828 1921 904 1954 Au-

166 1971 320 2014 gustum
362 1967 614 2002 urbanissime
658 1969 828 2009 excuset,
872 1967 904 2002 si

166 2016 357 2049 interdum
382 2016 565 2048 minorem
591 2026 703 2059 quam
729 2025 797 2059 par
824 2018 904 2048 erat

168 2073 297 2097 curam
322 2062 570 2107 impendisset
600 2062 742 2106 poetis;
781 2062 903 2104 alteri,

168 2114 210 2144 ut
234 2113 364 2155 poetas
399 2110 471 2144 sibi
506 2110 598 2144 solis
627 2109 821 2154 placentes
847 2109 905 2142 ni-

167 2158 359 2203 miumque
383 2160 567 2192 amatores
585 2157 732 2201 proprii
758 2157 903 2201 ingenii

167 2209 205 2239 et
229 2206 371 2250 scripta
397 2216 467 2239 sua
491 2205 705 2249 importune
731 2203 903 2249 Augusto

166 2262 286 2296 aeque
312 2256 426 2297 atque
453 2252 571 2286 cuivis
606 2252 671 2286 alii
699 2251 903 2285 obtruden-

166 2302 222 2333 tes
258 2300 323 2334 tali
358 2300 468 2334 modo
506 2299 681 2341 irrideat,
719 2301 762 2332 ut
794 2309 902 2332 nemo

168 2357 299 2380 eorum
313 2358 425 2392 aegre
439 2347 477 2380 id
490 2347 591 2380 ferre
605 2349 743 2391 posset,
763 2346 902 2390 quippe

168 2404 251 2427 eum
279 2405 318 2428 se
349 2395 395 2428 ab
431 2405 560 2428 eorum
594 2404 706 2438 grege
741 2404 817 2426 non
847 2403 904 2427 se-

167 2444 333 2483 moveat,
367 2441 434 2475 sed
460 2452 536 2475 una
562 2452 602 2475 se
628 2441 709 2484 ipse
736 2440 901 2474 cavillari

168 2489 375 2523 videatur.“
427 2488 590 2522 111Εο131».
626 2507 669 2511 —-
705 2490 746 2520 Ut
780 2489 903 2521 m‘neta

168 2536 260 2579 cet.]
311 2535 556 2570 Proverbium
585 2535 625 2568 in
653 2546 716 2569 eos
750 2535 902 2577 dicitur,

168 2584 234 2628 qui
260 2584 397 2617 mentis
430 2583 558 2626 aliquo
593 2593 721 2616 errore
757 2583 902 2626 abrepti

167 2631 226 2664 vel
253 2630 451 2665 iracundia
467 2630 527 2664 vel
554 2630 713 2663 stultitia
732 2630 804 2663 sibi
828 2629 902 2674 ipsi

168 2681 316 2712 nocent.
368 2677 506 2712 Tibull.
535 2679 575 2719 1,
609 2679 650 2719 2,
684 2679 768 2710 100:
809 2678 903 2719 Quid

168 2734 298 2760 messes
332 2727 408 2758 uris
442 2726 576 2758 acerba
614 2726 722 2758 tuas?
769 2723 901 2768 Neque

958 1164 1137 1198 abhorret
1173 1164 1278 1198 aliud
1314 1165 1554 1209 proverbium
1587 1165 1695 1199 Lati·

958 1222 1067 1245 num:
1101 1220 1166 1245 suo
1190 1221 1227 1245 se
1253 1220 1333 1245 eme
1361 1213 1554 1254 laceravit,
1587 1212 1690 1257 apud

957 1258 1230 1304 Hieronymum
1254 1259 1323 1304 Ep.
1349 1260 1406 1292 ⁷0.
1431 1270 1467 1304 p.
1493 1260 1574 1293 427.
1591 1259 1691 1294 Van.

959 1325 1002 1329 —
1028 1307 1191 1340 Sollicito
1222 1307 1351 1340 damus
1375 1309 1441 1339 aut
1465 1306 1582 1349 sesso]
1614 1306 1711 1346 Cfr„

959 1352 1034 1387 Sat.
1062 1355 1094 1396 2,
1123 1356 1154 1396 1,
1181 1355 1243 1387 18:
1279 1354 1351 1386 nisi
1375 1354 1506 1387 dea-tro
1531 1356 1692 1396 tempore

956 1402 1080 1434 Flacci
1123 1402 1240 1434 Verba
1283 1410 1352 1442 per
1401 1403 1578 1434 attentam
1617 1409 1692 1435 aon

955 1449 1059 1481 ibunt
1087 1449 1251 1482 Caesaris
1277 1456 1417 1482 aurem.
1454 1447 1548 1492 Epp.
1576 1450 1608 1491 1,
1635 1450 1693 1491 13,

958 1496 998 1528 2:
1039 1496 1201 1537 Aaou-eto
1237 1496 1366 1529 reddes
1405 1497 1553 1537 siquam
1586 1496 1695 1529 volm-

956 1544 1077 1586 mina,
1117 1544 1211 1585 Vini,
1243 1544 1283 1577 Si
1312 1544 1477 1586 validus,
1508 1544 1541 1576 si
1574 1544 1696 1576 laetas

957 1591 1045 1632 erit,
1086 1591 1118 1623 si
1158 1591 1312 1631 denique
1346 1592 1481 1632 poscet.
1515 1609 1559 1614 —
1596 1589 1693 1633 loca}
1718 1630 1727 1636 Υ

956 1636 1035 1671 Hac
1061 1637 1339 1683 significatione
1365 1637 1499 1671 Cicero
1518 1639 1555 1671 et
1572 1637 1692 1676 Quin-

955 1684 1113 1719 tilianus
1155 1695 1301 1729 semper
1341 1686 1503 1718 utuntur
1550 1693 1693 1728 genere

955 1732 1177 1766 masculino.
1202 1749 1250 1756 —-
1273 1730 1512 1773 revolvimm]
1539 1730 1688 1772 „denuo

957 1779 1106 1812 evoluto
1133 1778 1230 1812 libro
1248 1779 1387 1812 iterum
1411 1777 1615 1811 recitamus
1633 1777 1687 1811 lo-

956 1835 1040 1858 cum
1081 1825 1266 1869 aliquem,
1307 1825 1374 1869 qui
1410 1824 1689 1869 pulcherrimus

953 1872 1064 1906 nobis
1082 1872 1242 1914 videtur,
1269 1872 1340 1906 etsi
1365 1882 1475 1906 nemo
1492 1872 1564 1906 1100
1582 1883 1604 1905 0
1621 1882 1691 1906 no-

952 1919 1011 1953 bis
1037 1919 1157 1964 petiit.
1185 1939 1228 1943 -
1254 1919 1464 1962 irrevocati]
1499 1918 1686 1954 Revocari

952 1968 1105 2011 proprie
1143 1966 1321 2001 dicuntur
1360 1969 1525 2008 actores,
1561 1966 1628 2011 qui
1665 1977 1693 2000 a

954 2013 1228 2058 spectatoribus
1254 2010 1368 2060 ῥῆσιν
1393 2013 1560 2058 aliquam
1593 2013 1688 2047 insi-

953 2072 1064 2105 gnem
1089 2064 1260 2106 repetere
1286 2060 1476 2095 iubentur.
1515 2060 1592 2095 Cic.
1617 2071 1689 2105 pro

955 2109 1048 2142 Sest.
1076 2111 1132 2151 56,
1161 2111 1240 2143 120.
1278 2110 1336 2151 58,
1364 2109 1442 2142 123.
1461 2127 1506 2131 -
1523 2116 1598 2142 non
1621 2117 1689 2150 ap-

950 2156 1098 2199 parere]
1126 2166 1224 2199 „non
1249 2156 1323 2198 ita,
1355 2158 1399 2190 ut
1422 2155 1620 2198 deberent,
1644 2155 1686 2188 in

954 2204 1084 2238 oculos
1098 2203 1283 2248 cuiusque
1299 2203 1498 2237 incurrere
1512 2205 1550 2236 et
1561 2205 1690 2237 mente

954 2252 1032 2284 sive
1049 2250 1234 2284 auditoris
1253 2250 1332 2284 sive
1353 2249 1504 2284 lectoris
1521 2249 1685 2294 perspici

952 2298 1102 2343 riteque
1128 2297 1352 2332 0001110011(ι
1381 2317 1424 2321 -
1453 2297 1616 2340 labores]
1643 2299 1690 2330 ut

951 2346 1035 2379 Itali
1060 2346 1204 2388 fatiche,
1230 2344 1412 2389 imprimis
1438 2344 1485 2378 de
1509 2343 1684 2389 diligenti

952 2393 1042 2426 lima
1066 2395 1104 2426 et
1128 2392 1174 2426 de
1199 2391 1394 2426 recondita
1417 2391 1608 2433 doctrina,
1639 2401 1685 2425 ex

950 2439 1219 2474 Alexandrinis
1252 2439 1374 2484 poetis
1406 2439 1563 2472 maxime
1591 2439 1685 2472 hau-

953 2490 1020 2521 sta.
1047 2506 1091 2511 -—
1117 2487 1218 2519 tenui
1245 2486 1337 2529 cet.]
1370 2486 1561 2530 frequenti
1593 2486 1690 2519 ima·-

952 2534 1039 2579 gine
1080 2545 1101 2567 a
1141 2533 1307 2567 lanificio
1355 2533 1469 2567 ducta
1516 2531 1686 2566 carmina

952 2581 1140 2626 elegantia
1172 2591 1215 2614 ac
1253 2581 1382 2614 suavia
1419 2581 1686 2623 comparantur

953 2639 1036 2663 cum
1078 2629 1179 2662 tenui
1218 2627 1281 2662 filo
1323 2638 1346 2661 a
1386 2626 1468 2660 colo
1509 2627 1685 2669 deducto,

952 2676 1063 2710 etiam
1097 2675 1279 2710 absolute.
1327 2675 1431 2719 Virg.
1461 2672 1540 2707 Ecl.
1565 2675 1606 2715 6,
1640 2675 1686 2707 5:

952 2725 1141 2757 deductum
1189 2723 1308 2756 dicere
1357 2729 1513 2755 carmen.
1573 2719 1683 2754 Conf.
