1786 2912
689 168 783 202 LIB.
805 168 836 202 1.
885 167 989 202 SA'r.
1013 167 1061 202 V.

1574 168 1629 209 69

239 272 383 328 Signis
413 270 615 328 perfacile
646 274 735 312 est:
766 269 885 312 venit
912 269 1121 311 vilissima
1148 281 1292 310 rerum

237 342 323 385 Hic
353 355 486 398 aqua;
519 341 596 383 sed
625 341 747 397 panis
777 339 904 396 longe
934 339 1265 396 pulcherrimus,
1296 337 1409 380 ultra

240 412 429 455 Callidus
458 416 507 454 ut
537 412 672 454 soleat
701 411 890 453 humeris
922 414 1093 467 portare
1123 410 1283 462 viator;

1574 410 1631 451 90

238 483 351 526 Nam
381 482 540 526 Canusi
570 482 808 538 lapidosus,
841 495 977 537 aquae
1007 495 1093 523 non
1124 480 1251 522 ditior
1280 479 1390 521 urna

242 554 326 603 Qui
354 554 473 595 locus
505 568 531 595 a
561 553 659 595 forti
690 551 901 594 Diomede
932 556 998 594 est
1030 550 1224 594 conditus
1257 550 1372 592 olim.

239 624 464 667 Flentibus
496 624 596 665 hinc
626 623 781 666 Varius
813 622 992 664 discedit
1022 626 1213 664 maestus
1246 621 1408 663 amicis.

241 695 344 737 Inde
374 694 522 736 Rubos
554 694 657 737 fessi
686 693 976 750 pervenimus,
1007 696 1156 748 utpote
1187 692 1363 748 longum

244 766 479 821 Carpentes
508 765 591 807 iter
621 768 664 807 et
693 763 851 806 factum
881 763 1120 820 corruptius
1154 755 1291 804 imb'ri.

1576 763 1632 803 95

242 836 423 878 Postera
452 839 685 891 tempestas
716 834 883 887 melior,
916 834 987 876 via
1015 834 1136 890 peior
1166 833 1222 876 ad
1250 847 1387 889 usque

221 937 276 969 93.
300 936 383 969 ltine
405 934 669 979 bScdp,LCtF:
697 936 752 968 hic
778 945 798 968 e
825 934 940 968 Codd.
967 934 1113 978 aliquot
1138 933 1335 967 Bentleius
1359 935 1398 967 et
1422 931 1470 966 M,

123 1034 358 1069 Schneidew.
381 1035 465 1069 Del.
497 1046 534 1079 p.
563 1037 645 1068 140·
687 1035 761 1068 Καὶ
787 1034 855 1068 νῦν

123 1081 300 1116 Κλεινίου
348 1079 432 1116 υἱὸν
471 1079 668 1125 Ἀθηναῖον
710 1092 855 1123 aretta-

125 1140 257 1168 νωσω,
282 1126 542 1183 Αλκιβςάδην
555 1131 699 1162 νέοισιν
703 1125 856 1176 ὑμνή-

123 1187 200 1218 σας
204 1172 400 1240 τρόποις·
415 1174 467 1209 Οὐ
493 1172 566 1223 ᾳάρ
592 1187 670 1218 ,τως
694 1170 742 1219 ἦν
768 1173 856 1209 τοῦ-

126 1224 214 1266 νομ’
245 1219 476 1271 εφαρμόζειν
508 1223 592 1267 ἑλεγ
584 1225 677 1269 ’,είῳ
710 1223 790 1256 Νῦν
822 1222 855 1256 δ’

125 1270 167 1304 ἐν
192 1269 354 1317 ἰαμβείῳ
378 1273 543 1304 κείσεται
576 1259 648 1304 οὐκ
672 1269 855 1316 ἁιιέτρως.

126 1317 315 1362 Imprimis
340 1318 438 1352 conf.
465 1317 572 1352 ovid.
605 1329 651 1351 ex
675 1318 796 1351 Ponto
823 1322 855 1358 4,

66 1362 73 1369 '
132 1366 187 1405 12,
212 1366 250 1397 7:
291 1366 387 1399 Nam
417 1366 528 1406 pudet
554 1366 593 1397 in
617 1366 776 1406 qemims
806 1367 855 1397 ita

130 1419 260 1444 nomen
293 1412 428 1452 findere
460 1420 606 1453 versus,
640 1413 791 1444 Desinat
816 1414 856 1444 ut

127 1458 233 1498 prior
270 1459 336 1491 hoc
375 1459 596 1499 incipiatque
632 1459 770 1498 minam
810 1460 856 1491 Et

126 1505 281 1546 pudeat,
317 1506 350 1539 si
380 1507 435 1547 le,
472 1514 545 1545 qua
580 1506 722 1546 syllaba
751 1509 858 1546 parte

129 1554 318 1593 noratur,
351 1553 477 1584 Artius
501 1553 681 1593 appellem
707 1551 857 1586 Tutica-

130 1607 291 1639 numque
313 1606 447 1632 vocem.
490 1600 565 1632 Nec
586 1602 686 1640 potes
709 1600 750 1631 in
776 1608 857 1632 ver-

130 1653 212 1679 um
234 1644 423 1679 'Tuticani
459 1654 560 1679 more
595 1648 736 1687 venire,
775 1647 856 1679 Fiat

129 1694 171 1726 nt
207 1701 226 1726 e
263 1693 372 1734 tonna
402 1693 543 1734 svlla'oa
573 1694 696 1734 prima
729 1694 857 1735 brevis,

129 1739 203 1772 Aut
230 1741 476 1782 producatur,
516 1748 608 1780 quae
646 1749 740 1773 nanc
778 1749 856 1773 cor-

130 1787 268 1828 reptius
292 1787 386 1829 exit,
410 1788 456 1819 Et
480 1788 526 1819 sit
550 1790 722 1828 porrecta
749 1788 856 1829 lonoa

128 1834 286 1867 secunda
324 1841 441 1867 mora.
479 1853 524 1858 -
563 1835 740 1876 perfacile
783 1834 856 1877 est]

133 1879 394 1925 „designarest
421 1880 523 1925 quod
548 1881 777 1915 eliciendum
803 1886 859 1915 est

130 1937 179 1960 ex
202 1937 235 1960 v.
260 1929 392 1961 dicere.
415 1947 464 1951 —
487 1929 609 1961 venit-
621 1930 718 1961 -Hic
743 1928 857 1971 aqua]

130 1966 234 2007 Idem
250 1973 292 2007 fit
303 1974 491 2019 Araugiae
505 1974 733 2009 Helveticae.
752 1975 858 2009 Conf.

132 2018 293 2054 Martial.
319 2023 360 2063 3,
390 2023 456 2055 56:
497 2023 549 2056 stt
583 2024 738 2055 cisterna
770 2024 860 2055 mihi

131 2075 242 2107 quam
263 2069 370 2101 vinea
401 2070 498 2102 malo
522 2071 736 2111 Ravennae,
772 2071 859 2103 Cum

130 2115 263 2154 possim
278 2116 434 2148 multo
412 2117 568 2149 vendere
579 2117 698 2157 pluris
712 2125 859 2157 aquam.

133 2179 179 2183 —
203 2162 378 2194 vilissima
401 2162 546 2216 rerum]
578 2162 672 2196 Plat.
696 2162 858 2215 Euthyd.

133 2218 170 2250 p.
196 2208 276 2241 304.
309 2207 369 2241 Β..
404 2206 446 2241 τὸ
480 2204 578 2255 ύδωο
610 2206 859 2242 εῦωιότατον.

135 2272 179 2276 ——
192 2254 308 2297 ultra]
325 2258 426 2288 certe
444 2266 564 2300 usque
582 2256 629 2289 ad
644 2255 861 2290 Canusium.

135 2319 177 2324 -
206 2302 363 2335 humeris
383 2303 548 2345 portare]
573 2303 712 2336 Panem
738 2303 778 2336 in
804 2314 862 2337 re-

132 2347 251 2382 ticulo
283 2349 382 2383 servi
416 2349 627 2394 portabant.
677 2350 760 2383 Vid.
787 2349 861 2384 Sat.

135 2396 168 2436 1,
196 2397 227 2437 1,
252 2398 308 2430 47.

181 2444 300 2476 91-95.
328 2443 474 2486 Canusi]
499 2444 610 2478 hodie
636 2445 787 2485 Canosa,
813 2444 859 2478 ad

134 2488 308 2522 Aufidum
356 2490 396 2523 in
442 2490 609 2532 Daunia,
655 2490 859 2525 LXXXIV.

133 2534 182 2568 M.
206 2535 247 2568 Ρ.
280 2548 303 2570 a
334 2537 548 2571 Benevento
582 2538 736 2571 distans.
786 2538 860 2571 An-

135 2585 285 2626 tequam
317 2587 441 2617 autem
475 2585 523 2618 ad
549 2585 751 2619 Canusium
776 2596 860 2629 per·

134 2629 326 2672 venirent,
358 2631 455 2675 apud
487 2632 718 2665 mansionem
749 2632 860 2666 hodie

135 2677 343 2720 cerianola,
370 2677 431 2710 cui
454 2678 628 2712 Itinerar.
678 2679 860 2713 Hierosol.

136 2722 268 2757 tribuit
292 2727 427 2758 nomen
446 2727 502 2758 Aa
523 2727 754 2759 undecimum
778 2726 860 2768 (mi-

905 1034 1056 1068 liarium
1088 1046 1110 1068 a
1142 1033 1349 1076 Canusio),
1387 1033 1566 1067 Horatius
1598 1035 1636 1067 et

904 1081 1059 1115 comites
1096 1092 1229 1115 rursus
1267 1081 1307 1114 in
1343 1081 1438 1114 viam
1475 1079 1634 1125 Appiam

903 1129 1064 1173 ingressi
1092 1131 1190 1162 sunt.
1210 1147 1252 1151 -—
1278 1136 1398 1168 aquae
1424 1127 1509 1170 eet.]
1537 1128 1634 1162 Con-

905 1179 1028 1210 strue:
1061 1177 1124 1216 qui
1151 1177 1249 1209 locus
1275 1174 1528 1217 (Canusium)
1563 1184 1636 1209 non

904 1224 1009 1265 (una)
1034 1223 1132 1256 urna
1151 1231 1271 1263 aquae
1287 1223 1399 1255 ditior
1425 1223 1552 1266 (quam
1572 1233 1636 1267 op·

904 1270 1075 1315 pidulum
1108 1281 1141 1303 V.
1169 1270 1249 1310 87.)
1284 1278 1306 1302 a
1340 1271 1429 1310 sorti
1461 1271 1634 1303 Diomede

906 1321 954 1350 est
973 1318 1155 1357 conditus,
1181 1319 1223 1349 ut
1240 1319 1354 1354 recte,
1372 1316 1552 1360 exemplis
1570 1316 1635 1349 ad·

905 1364 1013 1404 ditis,
1037 1364 1152 1397 uerba
1177 1363 1364 1397 ordinavit
1388 1363 1460 1396 iam
1486 1363 1635 1397 Lambi-

906 1422 990 1443 nus.
1018 1410 1151 1444 Strabo
1177 1413 1221 1451 6,
1245 1412 1286 1452 3,
1311 1412 1352 1443 9:
1392 1410 1578 1464 Λέγονται
1604 1409 1636 1442 δ’

904 1454 1122 1512 ἀμφότεραι
1150 1453 1210 1497 (τό
1236 1467 1274 1490 τε
1299 1453 1495 1490 Κανύσιον
1519 1459 1586 1490 καὶ
1606 1455 1636 1512 ἦ

904 1502 1129 1551 Ἀργυρίππιι
1144 1523 1164 1528 -
1181 1523 1199 1529 -
1215 1503 1284 1537 νῦν
1308 1500 1460 1549 ''Aps-rot)
1487 1501 1636 1548 Διομή-

905 1550 995 1593 δους
1011 1553 1202 1593 κτὶσματα
1213 1550 1303 1585 κτλ..
1321 1555 1364 1584 ut
1381 1551 1492 1585 etiam
1506 1551 1636 1596 Equus

906 1598 1058 1632 tuticus.
1073 1598 1176 1632 Serv.
1191 1598 1237 1632 ad
1250 1599 1345 1632 Aen.
1360 1600 1393 1639 8,
1407 1601 1439 1632 9.
1450 1599 1634 1642 —aquae1

906 1655 981 1690 qua
1014 1645 1126 1679 etiam
1159 1645 1270 1679 hodje
1302 1649 1414 1679 caret.
1450 1646 1635 1688 (Walck.)

907 1712 949 1716 ——
985 1694 1056 1734 Qui
1090 1694 1187 1726 locus
1221 1693 1305 1736 cet]
1336 1693 1531 1727 Bentleius
1564 1694 1636 1728 hoc

905 1751 1016 1774 versu
1042 1740 1124 1773 sine
1150 1740 1229 1774 ulla
1254 1740 1354 1773 iusta
1372 1750 1486 1774 causa
1510 1741 1634 1775 deleto

906 1787 960 1820 sic
987 1786 1245 1821 construebat:
1274 1796 1415 1829 „aquae
1432 1796 1527 1821 urna
1555 1789 1636 1830 (no-

904 1834 1034 1868 minat.
1075 1845 1144 1878 pro
1188 1834 1376 1878 „copia“)
1415 1843 1488 1867 non
1528 1836 1638 1868 ditior

906 1881 1091 1923 (uberior)
1118 1883 1175 1915 est
1193 1881 1348 1915 Canusii
1366 1892 1476 1925 quam
1503 1882 1543 1914 in
1570 1893 1635 1927 op-

905 1928 1070 1984 pidulo.“
1088 1947 1130 1951 —
1147 1929 1324 1971 conditus]
1343 1932 1384 1962 ut
1402 1928 1539 1962 Graeci
1557 1931 1638 1962 κτί-

905 1978 979 2017 ζειν
1002 1972 1142 2022 χώραν
1168 1975 1301 2018 νῆσον,
1325 1977 1482 2018 κτιστης
1498 1973 1636 2010 τόπων.

908 2041 954 2047 —-
978 2023 1079 2066 hinc]
1106 2034 1128 2056 a
1154 2022 1341 2064 Canusio,
1375 2034 1471 2077 ιιοιι,
1505 2027 1547 2057 ut
1570 2024 1635 2057 alii

907 2070 1056 2111 volunt,
1082 2071 1128 2104 ab
1155 2069 1333 2114 oppidulo
1360 2068 1522 2116 ἀμέτρῳ.
1574 2071 1636 2104 Sic

907 2117 1030 2150 Plaut.
1049 2117 1137 2150 Cist.
1155 2120 1186 2158 1,
1204 2118 1413 2159 2,13:1n·nc
1430 2119 1519 2158 nens
1537 2119 1637 2151 amit.

910 2183 951 2186 —
980 2163 1133 2197 Canusii
1166 2167 1291 2197 autem
1316 2163 1534 2206 Horatium,
1568 2165 1638 2199 etsi

908 2207 1116 2257 ὁιαρῥήὸην
1150 2221 1226 2243 non
1252 2210 1362 2253 dicit,
1395 2214 1636 2255 pernoctasse

908 2257 993 2291 ideo
1012 2260 1307 2291 consentaneum
1321 2260 1387 2299 est,
1405 2258 1507 2302 quod
1524 2269 1546 2292 a
1558 2258 1637 2292 Ru-

909 2304 985 2344 bis,
1018 2304 1129 2338 hodie
1162 2306 1285 2346 Ruvo,
1319 2305 1482 2339 distabat
1512 2304 1561 2338 M.
1594 2306 1636 2340 Ρ.

908 2350 1045 2384 XXIV.
1083 2351 1192 2393 (Itin.
1225 2352 1387 2394 Anton.)
1421 2354 1482 2386 vel
1517 2352 1637 2386 XXX.

909 2398 1011 2440 (ltin.
1025 2397 1241 2441 Hierosol.),
1254 2398 1293 2432 id
1306 2399 1408 2443 quod
1425 2399 1551 2433 verius
1569 2402 1636 2434 est.

910 2444 1097 2487 (Walck.)
1124 2465 1168 2469 —
1196 2447 1408 2490 carpentes]
1436 2447 1637 2488 „emensi“,

909 2491 998 2536 quia
1015 2492 1095 2525 viae
1119 2493 1289 2538 singulae
1315 2496 1442 2537 partes
1459 2504 1536 2527 una
1552 2497 1637 2537 post

908 2539 1060 2573 alteram
1072 2539 1230 2584 pedibus
1239 2540 1358 2574 veluti
1366 2543 1581 2581 carpuntur,
1597 2543 1638 2574 ut

908 2586 950 2619 fit
966 2587 1006 2619 in
1023 2586 1109 2620 lana
1126 2590 1163 2620 et
1176 2587 1254 2621 lino
1273 2587 1408 2621 nendo.
1428 2587 1503 2620 Cfr.
1519 2586 1587 2619 Od.
1603 2588 1636 2628 2,

911 2634 966 2675 17,
986 2635 1040 2667 12.
1062 2633 1155 2667 Inde
1172 2637 1297 2668 autem
1315 2645 1336 2667 a
1354 2634 1517 2667 Canusio
1534 2637 1637 2667 certe

909 2690 976 2724 per
1001 2680 1098 2715 viam
1122 2680 1317 2726 Egnatiam
1343 2681 1413 2714 iter
1438 2680 1636 2714 habebant.

958 2729 1076 2762 96-99.
1103 2730 1152 2760 ad
1176 2727 1301 2769 usque]
1329 2727 1404 2760 Cfr.
1430 2726 1476 2760 ad
1502 2726 1579 2760 Sat.
1606 2730 1638 2769 1,
