1786 2912
162 134 219 176 48

668 132 877 168 ΗΟΒΔΤΠ
901 132 1187 177 SATIRARUM

283 234 508 291 Crispinus
539 234 716 276 minimo
746 248 818 276 me
849 237 1075 289 provocat:
1107 233 1290 291 Accipe,
1324 235 1362 276 si
1393 236 1480 289 vis,

281 305 505 362 Accipiam
540 305 734 359 tabulas3
767 304 892 347 detur
921 304 1046 346 nobis
1076 305 1216 358 locus,
1248 305 1403 359 hora„

1635 307 1689 348 15

283 375 519 430 Custodes3
552 375 774 418 videamus
806 378 903 417 uter
933 375 1030 431 plus
1063 375 1251 418 scribere
1282 376 1433 432 possit.

281 446 340 488 Di
370 447 482 490 bene
514 446 728 500 fecerunt,
761 446 903 502 inopis
935 459 1004 488 me
1037 445 1235 502 quodque
1264 447 1412 503 pusilli

280 517 522 560 Finxerunt
554 517 707 571 animi,
740 531 836 559 raro
869 520 912 559 et
942 530 1160 572 perpauca
1188 517 1418 573 loquentis.

281 588 341 630 At
370 591 420 630 tu
451 589 673 637 conclusas
706 588 884 630 hircinis
916 587 1091 629 follibus
1123 602 1271 642 auras,

280 659 427 715 Usque
458 659 723 713 laborantes,
755 659 857 700 dum
887 658 1048 701 ferrum
1079 658 1244 700 molliat
1273 658 1409 714 ignis,

1632 659 1690 700 20

280 729 338 771 Ut
368 731 526 783 mavis,
559 730 741 772 imitare.
790 729 950 772 Beatus
982 728 1175 771 Fannius
1206 729 1319 771 ultro

260 854 315 886 14.
339 853 504 896 minimo]
530 854 639 886 mimo
666 852 782 897 (quod
808 852 1024 887 coniecerat
1039 851 1084 887 N.
1100 852 1298 896 Heinsius)
1325 863 1515 898 superscr.
1540 855 1580 887 m·
1605 853 1641 894 S,

211 908 357 934 nummo
382 900 579 935 Bentleius
607 901 705 934 coni.
724 920 767 924 —
798 902 852 934 15.
878 901 1009 942 Accipe
1034 901 1111 934 iam
1137 900 1190 942 S‚t
1215 903 1253 934 et
1279 910 1388 943 „cum
1413 900 1642 936 membranis

211 958 289 981 non
314 947 469 992 paucis“
496 948 707 990 Bentleius‚
733 947 1016 981 itemPottierii
1035 947 1122 981 duo.
1140 967 1186 972 -
1207 949 1262 981 18.
1291 949 1497 988 loquentem
1512 947 1640 983 Lamb.

211 995 309 1029 coni.
328 1006 448 1040 eoque
466 998 620 1029 auctore
637 995 847 1029 Bentleius.
867 1013 910 1019 --
930 996 986 1028 20.
1014 996 1176 1029 emolliat
1193 994 1391 1030 Bentleius
1408 995 1641 1031 coniectura.

212 1096 332 1128 14-20.
360 1095 569 1138 Crispinus]
595 1094 682 1128 Vid.
710 1094 785 1129 Sat.
814 1097 845 1137 1,
871 1097 903 1136 1,

165 1143 244 1176 120.
270 1161 316 1166 —-
341 1143 515 1186 minimo]
540 1142 676 1187 pretio,
702 1150 774 1175 um
800 1143 903 1175 eine

160 1190 476 1231 Kleiniqkeil.
545 1191 722 1232 „Minimo
768 1197 904 1231 provo-

161 1245 248 1270 care
274 1236 456 1271 dicuntur
489 1237 538 1279 ii,
573 1237 640 1281 qui
673 1237 713 1269 in
739 1236 903 1281 restipu-

161 1283 306 1318 latione
322 1285 410 1328 plus
428 1284 502 1328 ipsi
521 1284 762 1328 promittunt,
790 1294 902 1328 quam

162 1331 321 1376 exigunt
362 1331 408 1365 ab
451 1331 703 1365 adversario.“
757 1330 902 1364 Senon.

162 1377 361 1423 Crispinus
395 1378 512 1423 igitur
546 1378 728 1412 victoriae
763 1381 902 1421 certus,

163 1425 194 1458 si
222 1426 427 1469 sponsione
453 1426 649 1468 vincatur,
676 1426 788 1470 longe
813 1425 902 1469 plus

160 1483 400 1506 nummorum
444 1483 484 1506 se
523 1473 681 1507 Horatio
725 1473 902 1506 daturum

159 1520 356 1563 promittit,
384 1530 495 1563 quam
521 1519 568 1552 ab
587 1519 670 1563 ipso
699 1522 901 1553 exacturus

161 1565 229 1608 sit,
264 1566 296 1600 si
322 1566 482 1600 inferior
509 1566 653 1600 evadat.
703 1566 819 1608 Asse,
844 1567 901 1599 in-

161 1613 264 1657 quit,
313 1613 374 1647 vel
417 1613 596 1657 quinario
639 1613 699 1647 vel
743 1613 900 1647 denario

159 1662 252 1694 tunc
302 1663 503 1694 contentus
554 1661 655 1694 ero.“
725 1659 900 1694 Ceterum

158 1707 325 1742 Bentleii
366 1707 464 1741 coni.
502 1716 650 1741 nummo
690 1708 900 1751 speciosam

160 1765 244 1789 esse
286 1765 484 1799 nunquam
526 1754 701 1798 equidem
740 1755 898 1799 negabo,

159 1811 244 1835 cum
262 1802 402 1836 referat
419 1812 631 1835 sermonem
647 1802 899 1835 formularum

159 1857 305 1882 nummo
341 1850 510 1882 addicere
543 1848 643 1891 (Sat.
670 1851 708 1891 2,
735 1850 774 1891 5,
802 1850 897 1892 109.)

159 1899 229 1930 cet.
249 1915 292 1919 —
316 1896 516 1939 Accipiam]
544 1895 635 1929 Cum
664 1895 898 1930 constituen-

159 1943 229 1977 dus
255 1943 306 1977 sit
337 1944 459 1977 futuri
486 1943 702 1977 certaminis
729 1945 765 1976 et
789 1944 896 1977 locus

159 1993 195 2024 et
219 1991 333 2033 hora,
366 1991 478 2035 longe
512 1990 802 2024 convenientius
829 1994 897 2033 est,

158 2040 200 2071 ut
225 2038 350 2072 dicat·
386 2048 478 2083 „ego
511 2037 679 2072 vicissim
714 2038 896 2081 accipiam

156 2085 401 2130 pugillares“,
436 2095 549 2139 quam
575 2087 619 2118 ut
643 2085 897 2129 impatienter,

158 2132 267 2177 quasi
308 2143 412 2166 nunc
450 2133 574 2187 ipsum
613 2132 696 2166 fieri
729 2132 896 2175 deberet,

156 2182 304 2224 repetat
328 2180 459 2221 Accipe
484 2181 581 2223 iam3
608 2182 645 2213 et
670 2179 796 2214 obstat
821 2183 896 2214 tam

158 2226 305 2261 calidae
340 2227 560 2271 repetitioni
587 2226 775 2261 urbanum
799 2226 897 2260 illud

156 2275 187 2307 si
211 2275 277 2308 vis.
306 2293 348 2297 —
379 2274 564 2316 custodes]
593 2285 664 2317 „ne
690 2274 896 2308 afferantur

157 2320 274 2355 alieni
315 2321 483 2355 versus.“
526 2340 569 2345 —
605 2331 801 2363 perpauca
845 2323 895 2354 lo-

157 2368 324 2411 quentis]
353 2368 578 2410 „taciturni,
612 2379 689 2402 non
715 2368 894 2413 garruli.“

159 2414 301 2450 SCHOL.
342 2416 502 2449 Animus
530 2418 656 2449 autem
682 2419 814 2449 auctor
840 2419 897 2450 est

158 2462 343 2497 sermonis
369 2463 429 2496 vel
455 2462 560 2506 parci
585 2463 644 2496 vel
671 2463 827 2506 copiosi.
857 2463 895 2496 C.

157 2510 311 2545 Passow
333 2510 495 2544 contulit
515 2509 708 2562 Aristoph.
733 2511 897 2544 Acharn.

157 2559 250 2591 485.
275 2553 344 2602 ἄγε
362 2557 441 2596 νῦν,
467 2556 497 2589 ὠ
521 2553 684 2589 τάλαινα
710 2568 794 2604 »cao
807 2557 898 2599 δια

157 2601 307 2638 Απελθ’
333 2604 476 2644 εκεῑσε,
511 2597 611 2648 κᾷτα
645 2603 726 2647 τήν
751 2615 898 2645 κεφα-

157 2650 240 2708 λὴν
258 2652 340 2685 ἐκεῖ
354 2638 569 2699 Παράσχες,
596 2651 774 2684 εἰποῦσ’
799 2647 897 2685 ἅττ’

157 2696 207 2733 ἂν
243 2697 342 2745 αὐτῇ
381 2701 447 2733 σοὶ
483 2698 591 2744 δοκῇ.
628 2717 670 2722 —-—
707 2700 896 2732 conclusas

953 1094 1039 1137 cet.]
1058 1094 1272 1129 Verbosum
1289 1105 1334 1129 ac
1352 1095 1546 1141 turgidum
1569 1106 1692 1141 genus

954 1141 1147 1176 scribendi
1185 1142 1392 1187 significat,
1434 1143 1517 1187 ipso
1555 1153 1690 1178 versus

953 1199 1046 1222 sono
1084 1188 1186 1223 follis
1229 1189 1383 1224 sibilum
1426 1190 1691 1235 crepitumque

951 1236 1132 1270 imitatus.
1153 1256 1195 1260 —
1214 1237 1378 1280 follibus]
1401 1236 1531 1271 Iuven.
1550 1240 1583 1281 7,
1603 1240 1690 1272 111:

952 1285 1053 1317 Tunc
1084 1285 1263 1317 immensa
1302 1285 1385 1318 cavi
1415 1286 1559 1326 spirant
1589 1293 1691 1319 men-

953 1332 1063 1364 dacia
1087 1332 1206 1372 folles.

1001 1379 1123 1412 21-24.
1157 1378 1319 1421 Beatus]
1347 1379 1484 1421 „stulte
1508 1378 1583 1413 sibi
1606 1379 1691 1423 ipse

951 1425 1106 1468 placens
1131 1426 1246 1469 atque
1271 1426 1592 1469 immortalitatem
1609 1426 1691 1461 ani-

951 1483 1012 1506 mo
1031 1472 1140 1516 quasi
1157 1472 1433 1517 praecipiens.“
1453 1493 1496 1498 —
1511 1473 1692 1517 Fannius}

951 1518 1100 1553 Horatii
1127 1520 1357 1554 obtrectator
1384 1520 1536 1565 („poeta
1552 1521 1687 1565 loqua-

952 1567 1126 1600 cissimus
1155 1569 1192 1600 et
1215 1567 1513 1610 ineptissimus.“
1558 1567 1688 1601 0011.

951 1612 1073 1651 CRUQ.
1075 1613 1103 1655 ),
1121 1616 1235 1647 notus
1248 1616 1446 1657 praeterea
1462 1618 1506 1648 ut
1521 1611 1691 1662 ’παράσι-

950 1670 1015 1701 τος
1032 1660 1185 1705 Tigellii
1203 1659 1455 1706 Hermogenis
1481 1672 1527 1696 ex
1553 1661 1629 1696 Sat.
1658 1664 1689 1704 1,

951 1709 1008 1749 10,
1035 1709 1091 1741 80.
1122 1709 1210 1751 post
1234 1708 1332 1742 hanc
1365 1708 1517 1762 scripta.
1567 1709 1690 1754 Volgo

950 1754 1159 1798 explicant,
1185 1754 1375 1789 Fannium
1399 1756 1496 1790 mira
1520 1756 1692 1791 vanitate

947 1802 1121 1835 inflatum
1154 1802 1274 1836 libros
1307 1813 1396 1836 suos
1424 1805 1462 1837 et
1486 1803 1690 1849 imaginem

948 1849 1050 1882 ultro
1076 1849 1261 1883 detulisse
1286 1849 1328 1883 in
1345 1850 1616 1885 bibliothecam
1641 1851 1688 1885 ab

946 1896 1078 1930 Asinio
1104 1896 1298 1939 Pollione,
1322 1899 1366 1930 ut
1389 1897 1443 1931 ait
1466 1897 1618 1932 Plinius
1641 1898 1690 1932 H.

921 1961 925 1965 ι
946 1943 990 1976 N.
1019 1945 1052 1986 7,
1079 1946 1148 1986 30„
1171 1944 1401 1985 publicatam
1425 1955 1458 1978 a.
1477 1956 1516 1979 u.
1534 1955 1566 1979 c.
1593 1946 1688 1988 7-16„

946 1991 986 2023 in
1014 2001 1089 2035 qua
1114 1994 1226 2033 tunc,
1253 2001 1338 2025 cum
1363 1991 1611 2034 conderetur,
1635 1994 1689 2028 M.

947 2039 1107 2071 Terentii
1128 2038 1304 2072 Varronis
1322 2039 1431 2071 unius
1448 2040 1604 2072 viventis
1618 2048 1687 2081 po-

945 2086 1019 2118 sita
1043 2087 1167 2127 imaao
1186 2088 1278 2119 erat.
1303 2085 1405 2119 Fieri
1430 2085 1565 2130 utique
1590 2086 1690 2120 illud

945 2133 1081 2177 potuit,
1108 2133 1141 2167 si
1167 2132 1394 2170 satirassaec
1418 2133 1561 2177 scripta
1578 2135 1638 2168 est
1653 2144 1686 2167 a.

946 2191 983 2213 u.
1003 2190 1034 2213 c.
1054 2181 1134 2214 722.
1152 2179 1214 2214 vel
1239 2179 1387 2214 duobus
1411 2179 1582 2214 tribusve
1599 2183 1688 2214 ante

946 2227 1070 2261 annis.
1110 2226 1184 2261 Sed
1211 2237 1296 2260 cum
1321 2237 1390 2271 per
1415 2229 1536 2261 totum
1561 2228 1689 2268 locum

946 2285 994 2308 ne
1013 2274 1133 2308 ullum
1153 2273 1308 2318 quidem
1324 2274 1480 2308 verbum
1498 2274 1558 2316 sit,
1583 2275 1688 2318 quod

946 2321 994 2355 ad
1027 2321 1296 2355 bibliothecam
1327 2321 1519 2365 publicam
1551 2321 1689 2356 referri

945 2369 1087 2413 possit,
1121 2368 1306 2403 Lambino
1332 2367 1430 2402 duce
1454 2367 1604 2402 Franke
1629 2368 1687 2402 al-

946 2419 1065 2450 teram
1090 2415 1190 2449 hanc
1223 2415 1443 2459 proposuit,
1478 2425 1570 2450 saue
1595 2426 1685 2459 pro-

946 2463 1182 2506 babiliorem,
1210 2463 1583 2506 interpretationem:
1622 2461 1686 2505 „Si

949 2511 1148 2554 spreveris,
1163 2521 1259 2554 quae
1271 2509 1501 2544 Scholiastae
1516 2511 1689 2551 narrant,

950 2561 987 2591 et
999 2557 1093 2601 ipsis
1108 2557 1257 2591 Horatii
1275 2557 1400 2591 verbis
1410 2556 1608 2599 institeris,
1620 2566 1690 2590 ne-

947 2615 1052 2638 cesse
1072 2607 1129 2638 est
1146 2604 1348 2639 confiteare
1366 2604 1507 2638 dixisse
1524 2605 1684 2648 poetam,

945 2652 993 2685 ab
1019 2651 1078 2694 iis,
1106 2652 1172 2695 qui
1198 2652 1329 2695 inepta
1353 2650 1487 2685 Fannii
1512 2651 1686 2694 poemata

945 2698 1099 2742 plurimi
1126 2699 1295 2732 facerent
1327 2699 1364 2732 et
1397 2697 1690 2740 admirarentur,
