1786 2912
23 2253 25 2255 ·
89 2249 135 2272 ac
181 2239 375 2282 pestilens.
430 2240 529 2274 Nos:

25 2326 32 2331 ⁴
90 2286 241 2319 Galle.
281 2305 326 2310 —-
366 2288 556 2331 Hybrida]

641 153 736 188 Lm.
752 136 789 187 1
838 151 941 187 sn.
963 151 1046 186 vn.

1543 152 1599 193 89

647 335 901 380 sA‘rmA
928 335 1048 379 vn.

207 419 443 476 Proscripti
472 418 607 474 Regis
638 417 786 474 Rupili
816 431 897 474 pus
929 421 1057 474 atque
1087 429 1298 459 venenum

206 490 403 547 Hybrida
432 503 516 546 quo
547 493 671 546 pacto
703 489 759 530 sit
788 488 965 531 Persius
995 488 1130 540 ultus,
1163 488 1313 543 opinor

209 560 418 604 Omnibus
450 563 493 603 et
523 561 652 617 lippis
683 563 832 602 notum
862 562 906 602 et
933 558 1178 601 tonsoribus
1211 572 1320 601 esse.

208 631 383 675 Persius
413 631 484 674 hic
514 645 746 688 permagna
773 630 946 686 negotia
976 629 1096 672 dives
1127 629 1314 671 habebat

208 702 498 756 Clazomenis,
529 702 658 744 etiam
686 701 785 744 lites
816 715 912 743 cum
941 699 1065 756 Rege
1097 701 1316 753 molestas,
1572 699 1598 741 5

206 772 351 814 Durus
381 773 509 815 homo
540 775 668 828 atque
699 771 796 814 odio
829 771 902 827 qui
931 775 1079 827 posset
1108 771 1279 813 vincere
1308 770 1495 827 Regem,

208 843 434 886 Confidens
465 842 756 898 tumidusque,
790 842 896 884 adeo
928 842 1137 904 sermonis
1168 842 1321 895 amari,

137 971 218 1005 vll.
242 971 384 1016 Lepide
407 975 547 1014 narrat,
574 971 760 1016 quomodo
776 971 818 1004 P.

87 1017 268 1063 Rupilius
291 1017 374 1053 Rex
398 1029 483 1052 cum
499 1019 630 1053 Persio
657 1019 819 1063 quodam

90 1065 338 1107 Clazomenis,
354 1065 483 1100 Ioniae
503 1066 609 1108 urbe,
627 1076 751 1100 coram
769 1066 817 1099 M.

89 1111 219 1155 Bruto,
234 1116 478 1167 propraetore
491 1113 616 1154 Asiae,
634 1114 819 1148 acerrima

76 1159 331 1194 -oontentione
343 1160 512 1206 litigarit,
524 1139 725 1215 Rupilius
715 1171 819 1194 lusu-

88 1217 158 1251 per
173 1206 425 1241 acerbissimis
443 1207 636 1250 conviciis,
661 1208 817 1242 Persius

89 1253 272 1288 vilissima
282 1257 394 1288 utens
411 1265 501 1299 erga
513 1254 671 1289 Brutum
688 1254 818 1289 adula-

89 1300 203 1334 tione.
251 1300 418 1335 Tandem
442 1301 597 1336 Persius
628 1303 726 1336 salse
751 1302 820 1335 ali-

89 1347 193 1390 quod
225 1347 367 1381 dictum
399 1349 439 1381 in
472 1348 730 1382 adversarium
756 1359 817 1382 ex-

84 1395 248 1438 promit,
295 1394 395 1438 qnod
435 1396 551 1429 totius
598 1396 818 1429 historiolae

89 1450 249 1474 acumen
274 1444 314 1474 et
337 1442 445 1485 quasi
470 1442 671 1476 medullam
699 1443 818 1476 conti-

72 1490 160 1526 ,net
182 1488 232 1529 (v.
248 1489 296 1520 33
318 1489 441 1532 seqq.)
467 1492 580 1533 atque
605 1489 819 1523 narratiun-

90 1534 199 1568 culae
221 1534 335 1568 finem
358 1535 529 1579 imponit.
555 1536 668 1570 zum..

141 1582 212 1614 143.
243 1582 354 1623 Κορῆ
377 1583 526 1626 Rupili]
553 1583 615 1625 „P.
639 1583 817 1627 Rupilius

90 1627 171 1662 Bex
186 1628 468 1672 Praenestinus,
485 1640 601 1674 eques
613 1630 817 1671 Romanus,

88 1685 124 1709 a.
141 1677 221 1712 ⁷02.
238 1675 415 1720 magister
430 1676 733 1721 publicanorum,
753 1678 817 1722 qui

88 1722 129 1755 in
163 1721 340 1767 Bithynia
374 1724 572 1769 vectigalia
606 1725 817 1769 exigebant,

44 1775 50 1780 '
89 1769 214 1803 fuerat
238 1769 412 1812 (eimau
436 1771 537 1805 Fam.
564 1773 619 1813 13,
645 1774 678 1807 9.
705 1773 754 1814 2.)
780 1775 818 1806 et

89 1819 232 1860 postea*
250 1827 274 1850 a
305 1817 450 1851 civibus
483 1818 739 1853 Praenestinis
776 1819 816 1852 in

91 1864 264 1897 exsilium
286 1864 425 1898 missus
450 1865 520 1899 sub
536 1865 578 1899 P.
596 1866 697 1899 Attio
716 1865 817 1900 Varo

89 1920 123 1944 a.
149 1913 229 1944 707.
262 1911 302 1944 in
328 1912 456 1945 Africa
481 1913 670 1957 stipendia
693 1924 817 1947 meru—

89 1960 183 1991 erat.
229 1957 274 1990 A.
308 1959 387 1992 711.
412 1959 551 1993 Romae
583 1962 735 2004 praetor
766 1973 818 1995 m-

86 2006 194 2045 otus,
228 2005 294 2038 sed
326 2016 349 2039 a
381 2007 586 2040 triumviris
611 2006 817 2041 Octaviano

89 2054 243 2085 auctore
282 2054 537 2097 proscriptus,
577 2054 623 2087 ad
660 2054 819 2088 Brutum

89 2098 271 2143 confugit,
292 2109 409 2143 a.quo
432 2101 473 2133 in
491 2101 668 2134 comitum
686 2102 817 2135 cohor-

91 2147 165 2178 tem
188 2149 362 2189 receptus
387 2148 476 2180 est.“
505 2147 648 2180 spons.
669 2167 711 2171 —
733 2149 818 2191 pus]

90 2191 315 2226 mordacitas
333 2197 370 2226 et
386 2194 652 2228 maledicentia
669 2195 819 2239 impura

580 2242 682 2282 Gist
728 2244 819 2275 und

600 2288 817 2329 „Clazome-

90 2332 178 2366 nius
194 2333 294 2366 enim
310 2333 383 2367 fuit
397 2334 564 2377 Persius,
587 2339 694 2379 patre
711 2335 817 2370 Asia—

90 2379 184 2421 tico,
230 2383 349 2414 matre
388 2381 567 2416 Romana.
622 2382 818 2417 Civitatem

90 2428 213 2460 tamen
236 2426 443 2462 Romanam
468 2429 696 2463 obtinuerat.
721 2428 816 2463 Eum

38 2512 42 2514 ,
87 2472 205 2517 igitur
221 2477 265 2507 ut
275 2475 565 2510 semiromanum
583 2476 729 2510 deridet
740 2477 816 2511 Ho-

90 2521 245 2554 ratius.“
273 2521 415 2557 senon.
440 2523 537 2556 Plin.
562 2523 608 2557 H.
624 2523 668 2557 N.
695 2526 727 2565 8,
754 2526 815 2558 79:

90 2568 139 2599 Ia
160 2569 264 2601 nullo
289 2578 418 2610 uenere
449 2579 561 2611 aeque
593 2572 714 2612 facilis
739 2571 816 2613 (at-

41 2631 43 2634 .
90 2623 165 2657 que
190 2614 230 2648 in
256 2615 406 2658 suibus)
431 2619 597 2651 mixtura
622 2627 703 2651 cum
725 2620 815 2661 sero,

87 2662 250 2700 'quameu-
294 2666 400 2697 παίω
448 2666 592 2705 antiqua·
639 2665 814 2709 hybridas

0 2745 1 2748 Ἰ
42 2754 44 2758 y
89 2710 280 2742 coemat.
314 2729 358 2734 -—
393 2712 498 2752 lippis
521 2710 814 2755 --masor-ibus]

869 971 994 1013 „Adeo
1019 971 1073 1005 ait
1089 970 1319 1016 divolgatum
1337 981 1432 1013 esse,
1458 970 1599 1016 quibus

866 1017 988 1052 modis
1021 1018 1229 1052 insectatus
1262 1019 1311 1052 sit
1342 1017 1498 1052 Persius
1522 1017 1600 1051 Ru-

867 1065 1013 1110 pilium,
1038 1069 1081 1099 ut
1105 1067 1143 1100 et
1167 1065 1207 1098 in
1225 1065 1425 1099 tonstrinis
1450 1065 1544 1100 haec
1562 1068 1600 1099 et

866 1113 1065 1146 medicinis
1079 1112 1263 1155 (tabernis
1277 1112 1508 1146 medicorum
1521 1113 1599 1147 vol·

866 1160 1029 1205 garium)
1055 1162 1209 1194 narrata
1234 1160 1322 1194 sint.
1353 1159 1448 1194 Fere
1474 1163 1599 1194 autem

866 1208 906 1240 in
932 1207 991 1241 his
1017 1207 1181 1241 officinis
1214 1207 1326 1241 otiosi
1360 1206 1485 1241 solent
1510 1217 1599 1241 con·

867 1253 990 1288 sidere
1015 1264 1058 1288 ac
1084 1265 1145 1288 res
1179 1254 1395 1288 rumoribus
1420 1254 1600 1298 frequen-

867 1304 963 1335 tatas
979 1301 1120 1335 fabulis
1138 1301 1365 1335 celebrare.“
1393 1301 1598 1334 Pom‘mm.

866 1348 1213 1392 Frequentissimus
1270 1348 1403 1392 utique
1457 1347 1599 1382 Romae

866 1395 1020 1429 morbus
1045 1398 1126 1428 erat
1142 1395 1340 1439 lippitudo,
1365 1405 1442 1439 qua
1464 1395 1600 1430 tentati

868 1452 958 1476 saue
981 1446 1129 1486 tempus
1153 1442 1217 1475 vix
1239 1442 1351 1476 aliter
1375 1442 1509 1476 fallere
1533 1453 1600 1487 po-

867 1491 1009 1523 terant*
1024 1489 1100 1523 nisi
1133 1489 1411 1523 confabulando
1445 1489 1486 1523 in
1519 1489 1600 1523 offi-

866 1536 953 1569 cina
980 1536 1128 1581 aliqua,
1165 1536 1233 1570 ubi
1270 1546 1317 1570 ex
1352 1537 1599 1581 antiquorum

865 1593 969 1617 more
1006 1583 1179 1618 homines
1221 1584 1516 1625 conveniebant,
1557 1586 1601 1618 ut

865 1631 935 1664 nos
958 1630 999 1664 in
1025 1630 1296 1674 thermopoliis
1321 1630 1384 1665 Sic
1406 1631 1599 1687 Aristopb.

865 1677 965 1711 Plut.
1003 1679 1091 1711 337:
1132 1677 1248 1721 λόγος
1284 1677 1317 1722 γ’
1357 1678 1470 1722 ἦν--
1483 1676 1601 1721 πολὺς

862 1721 946 1757 Ἐπὶ
982 1729 1084 1758 τοῖσι
1116 1727 1330 1779 κουρείοισι
1367 1725 1441 1758 τῶν
1473 1726 1601 1769 καθη-

864 1774 1002 1814 μένων.
1050 1772 1170 1806 Plaut.
1195 1772 1382 1817 Amphitr.
1415 1776 1454 1815 4,
1490 1775 1528 1815 1,
1553 1774 1599 1807 5:

867 1821 913 1852 In
942 1821 1148 1862 medicinis,
1186 1821 1225 1852 in
1258 1821 1463 1862 tonstrina,
1501 1821 1601 1862 apud

867 1868 982 1899 omnis
1016 1869 1118 1900 aedis
1155 1876 1281 1900 sacras
1313 1869 1400 1901 Sum
1436 1868 1598 1909 defessus

866 1915 1122 1953 quaeritando.
1161 1914 1350 1948 Tonsores
1374 1917 1500 1948 autem
1525 1915 1599 1948 iam

866 1961 966 2005 apud
983 1961 1161 2005 antiquos
1174 1965 1328 2006 propter
1341 1962 1600 2017 garrulitatem

865 2007 1009 2042 famosi.
1058 2008 1187 2052 Polyb.
1213 2011 1255 2047 3,
1282 2011 1345 2050 20,
1372 2011 1411 2042 5:
1446 2006 1492 2042 οὔ
1526 2006 1600 2056 γὰρ

868 2056 1050 2100 ἱστοοὶας,
1075 2053 1173 2088 ἀλλὰ
1178 2056 1405 2110 κουρεακῆς
1421 2057 1488 2089 καὶ
1505 2066 1601 2089 παν-

866 2087 992 2144 δήμου
1010 2102 1143 2144 λαὶλᾶς
1168 2102 1256 2135 ἐειοὶ
1280 2114 1322 2146 γε
1346 2102 1507 2136 δοκοῦσι
1532 2099 1602 2136 τοί-

866 2160 926 2190 ςιν
949 2146 1050 2189 ἔχειι
1074 2151 1140 2182 καὶ
1164 2148 1326 2191 δύναμιν
1352 2148 1412 2189 (τὰ
1428 2150 1599 2231 Χαιρέου

867 2197 933 2228 καὶ
956 2196 1130 2229 Σωσίλου
1165 2181 1551 2277 ovngdypata).0

865 2242 1057 2277 Plutarch.
1086 2254 1154 2290 περ
1155 2245 1170 2276 l
1194 2241 1241 2276 αδ

913 2293 952 2323 4-
956 2292 988 2323 8.
1022 2291 1189 2334 necocia]
1227 2290 1339 2333 „Erat
1362 2291 1462 2325 enim
1487 2302 1600 2337 nego-

866 2337 977 2370 tiator
1009 2338 1109 2381 apud
1142 2338 1419 2372 Clazomenas.“
1471 2338 1599 2372 Con.

866 2383 987 2422 GRUQ.
1012 2384 1186 2430 Intellige
1212 2386 1323 2419 etiam
1341 2386 1526 2430 pecunias
1542 2387 1598 2420 fe-

865 2431 951 2464 nori
977 2432 1130 2466 locatas.
1155 2451 1202 2456 —
1225 2433 1371 2476 Durus]
1398 2433 1600 2477 „pervicax

865 2482 903 2511 et
934 2480 1139 2513 morosus.“
1174 2499 1218 2503 —
1254 2480 1359 2522 odio]
1393 2480 1598 2522 „molestia,

865 2536 941 2569 qua
964 2526 1075 2560 homo
1107 2528 1313 2560 matarius
1348 2530 1382 2560 et
1411 2529 1598 2567 iurqiosus

870 2572 1035 2614 (Fronto
1068 2573 1115 2607 ad
1146 2573 1193 2606 M.
1221 2574 1326 2608 Caes.
1359 2573 1427 2618 Ep.
1461 2577 1500 2612 4,
1528 2574 1598 2614 12.)

864 2630 1000 2653 omnes
1014 2619 1163 2654 afficere
1178 2621 1333 2661 solebat,
1350 2621 1451 2654 unde
1469 2631 1599 2655 omnes

863 2677 948 2700 eum
988 2667 1263 2702 fastidiebant.“
1305 2687 1348 2691 -
1389 2668 1599 2710 confidem]

864 2713 942 2747 Cic.
969 2713 1080 2748 Tusc.
1099 2717 1131 2755 3,
1155 2717 1187 2754 7,
1217 2717 1279 2747 14:
1306 2716 1379 2755 Qui
1401 2716 1509 2755 sortis
1534 2717 1598 2756 est,
