1774 2930
653 138 750 181 ῙιῙΒ.
772 137 823 174 11.
869 137 990 201 SA'I'²
1000 137 1066 172 vl.

1532 137 1618 179 217

219 242 415 296 Dixeris,
445 240 678 297 Experiar:
711 239 759 282 Si
789 240 877 293 vis,
906 243 1050 296 potes,
1083 238 1201 281 addit
1231 242 1276 281 et
1305 238 1450 281 instat.

225 312 443 370 Septimus
475 315 624 354 octavo
654 311 827 367 propior
855 311 941 352 iam
971 309 1129 366 fugerit
1158 323 1312 362 annus,

1561 309 1619 351 40

220 383 292 425 Ex
322 397 406 440 quo
435 382 660 425 Maecenas
690 395 760 424 me
790 381 935 437 coepit
963 381 1123 423 habere
1154 394 1327 422 suorum

220 454 272 496 In
301 467 499 507 numero,
532 453 756 495 dumtaxat
786 452 841 494 ad
869 452 971 506 hoc,
1002 465 1130 508 quem
1158 452 1309 494 tollere
1340 450 1443 494 reda

220 524 364 568 Vellet
393 525 476 567 iter
505 524 667 566 faciens
699 528 742 565 et
773 523 840 565 cui
871 522 1126 565 concredere
1155 537 1294 579 nugas

219 595 316 638 Hoc
336 609 495 652 genus:
522 595 643 637 Hora
664 598 794 651 quota
814 594 911 636 est?
935 593 1085 636 Thrax
1103 597 1171 636 est
1193 593 1363 636 Gallina
1383 592 1491 649 Syro
1512 592 1620 648 par?

221 666 432 708 Matutina
460 680 611 722 parum
641 669 787 708 cautos
818 665 905 707 iam
935 663 1096 719 frigora
1124 663 1342 717 mordent3

1560 664 1619 704 45

221 736 281 779 Et
311 751 421 793 quae
450 737 608 778 rimosa
635 736 747 779 bene
778 735 1049 791 deponuntur
1078 735 1124 776 in
1155 749 1271 777 aure.

222 807 310 850 Per
338 811 475 850 totum
504 807 586 849 hoc
615 810 784 863 tempus
816 806 1049 848 subiectior
1078 806 1124 846 in
1156 805 1269 848 diem
1301 810 1343 848 et
1375 806 1522 847 horam

198 945 257 976 44.
281 945 367 977 trea-
389 952 577 987 supersor.
602 951 627 975 a
651 941 687 983 b,
713 943 833 975 Thra
856 941 1065 975 Bentleius.

105 1053 258 1089 Sueton.
283 1053 411 1088 Octav.
436 1055 493 1087 50.
513 1073 556 1077 —
582 1053 746 1096 Dixeris]
774 1053 834 1096 „Si

103 1112 173 1147 ego
198 1102 236 1135 ei
258 1101 513 1146 respondero“
540 1103 611 1135 cet.

153 1150 272 1182 40-44.
288 1148 482 1191 Septimus]
501 1147 593 1181 Cum
610 1149 703 1182 haec
721 1148 836 1182 satira

105 1198 266 1230 exeunte
290 1206 324 1230 a.
349 1197 430 1229 723.
455 1196 662 1240 composita
687 1196 756 1238 sit,
791 1206 836 1229 ex

104 1242 164 1276 his
188 1245 344 1288 apparet
364 1242 562 1276 Horatium
588 1254 620 1277 a.
646 1244 727 1276 715.
752 1253 836 1275 ver-

107 1292 219 1334 gente
243 1289 304 1323 vel
327 1290 436 1323 initio
462 1301 495 1323 a.
520 1292 601 1323 716.
627 1290 667 1322 in
692 1288 836 1323 Maece-

108 1337 206 1370 natis
222 1336 514 1370 familiaritatem
528 1339 723 1380 receptum
741 1347 836 1369 esse.

109 1384 180 1424 „Es
195 1384 278 1415 sind
288 1384 361 1424 [ast
380 1384 461 1415 acht
474 1384 601 1424 Jahn,
620 1386 704 1416 octo
717 1393 836 1426 prope

107 1429 232 1462 anni.“
244 1448 288 1452 —
298 1431 490 1463 dumtaxat
504 1430 553 1463 ad
567 1431 632 1462 hoc
645 1429 730 1471 cet]
741 1429 838 1463 Con-

108 1475 208 1510 sulto
233 1478 411 1510 extenuat
443 1487 547 1510 suam
574 1487 659 1510 cum
683 1479 836 1520 potente

106 1523 230 1556 amico
254 1523 592 1566 necessitudinem,
618 1523 836 1568 significans

107 1579 150 1604 se
184 1570 232 1604 ab
268 1570 471 1604 ambitione
506 1571 618 1615 longe
651 1574 836 1604 remotum

107 1626 191 1650 esse
214 1627 339 1662 neque
363 1628 529 1661 unquam
561 1618 723 1662 negotiis
749 1618 838 1651 civi-

106 1662 208 1697 libus
233 1663 280 1697 ab
312 1664 379 1698 illo
412 1661 718 1699 adminfstrandis
754 1675 836 1698 sese

106 1710 280 1757 ingerere
318 1711 481 1745 solitum.
532 1711 706 1745 Ceterum
744 1712 836 1745 haec

106 1758 233 1791 omnia
254 1759 337 1791 κατ’
355 1759 548 1805 εἰρωνείαν
570 1759 646 1792 dici
664 1762 836 1803 apparet,

106 1805 248 1838 etenim
288 1805 335 1846 de
375 1806 460 1839 aliis
508 1817 552 1840 ac
600 1806 837 1851 gravioribus

107 1851 234 1895 rebus,
257 1853 479 1896 praesertim
503 1853 550 1887 ad
566 1854 700 1897 possin
719 1856 756 1887 et
776 1854 837 1887 lit-

109 1901 210 1933 teras
243 1901 526 1943 spectantibus,
564 1911 627 1934 eos
665 1901 765 1934 inter
799 1911 839 1934 se

106 1945 332 1991 plerumque
350 1947 554 1981 collocutos
573 1958 655 1981 esse
682 1958 839 1981 consen-

107 1994 261 2026 taneum
278 1996 346 2027 est.
372 1993 514 2027 Verum
531 1995 625 2028 tales
648 2005 839 2031 sermones

107 2039 172 2072 hic
197 2050 383 2084 exponere
400 2041 570 2085 ineptum
596 2051 639 2074 ac
664 2042 838 2085 putidum

107 2085 252 2120 fuisset.
277 2106 323 2111 —
354 2088 481 2120 tollere
504 2088 618 2130 reda]
646 2089 838 2132 „recipere

111 2133 284 2166 comitem
315 2134 356 2166 in
390 2134 551 2167 redam.“
602 2134 682 2168 Liv.
708 2138 771 2176 45,
798 2137 837 2168 6:

110 2180 289 2223 appellat,
314 2183 355 2213 ιιι
378 2190 415 2214 se
438 2182 664 2214 sublatum
687 2183 726 2214 in
754 2183 838 2215 lem-

111 2227 194 2259 bum
225 2228 275 2260 ad
307 2229 428 2268 Cotym
459 2229 654 2261 deveheret.
682 2247 724 2251 —
759 2231 851 2269 Hoc,

109 2273 238 2316 uenus]
262 2273 339 2308 Cio.
362 2274 410 2308 ad
433 2275 509 2308 Att.
536 2277 591 2316 13,
618 2277 673 2317 1‘2,
699 2278 740 2308 3:
764 2278 840 2309 Scis

108 2327 166 2354 me
198 2323 309 2354 antea
341 2323 524 2355 orationes
558 2326 621 2355 aut
659 2324 840 2364 aliquid

109 2367 155 2401 id
178 2376 311 2408 aeaut
334 2370 481 2402 solitum
504 2371 669 2403 scribere.
690 2390 731 2393 —
752 2371 839 2403 Gal-

113 2414 205 2457 lina]
230 2425 367 2449 nomen
385 2416 604 2461 gladiatoris
629 2427 698 2460 per
723 2428 762 2451 se
787 2418 839 2451 ri-

108 2460 288 2505 diculum,
313 2463 531 2508 qui'parma
556 2463 778 2498 Threcidica
803 2467 840 2498 et

110 2508 235 2552 gladio
275 2510 434 2544 incurvo
476 2506 625 2556 (ἅρπῃ)
673 2514 839 2545 armatus

112 2557 286 2600 componi
303 2557 447 2591 solebat
462 2558 503 2590 in
520 2569 634 2592 arena
652 2569 736 2592 cum
748 2561 839 2599 Syro

111 2601 355 2646 mirmillone‚
379 2605 418 2638 id
443 2608 518 2647 est,
551 2605 756 2650 gladiatore
782 2617 840 2639 ar-

110 2651 258 2682 matura
290 2650 435 2685 Gallica
465 2651 621 2686 inducto
655 2655 693 2686 et
724 2653 838 2697 piscis

111 2692 326 2741 (μορμύλου
344 2709 373 2732 s.
396 2696 612 2746 μορμύρου)
638 2700 838 2744 imaginem

884 1054 923 1086 in
965 1053 1072 1098 galea
1112 1054 1287 1088 habente.
1339 1053 1417 1087 Cic.
1456 1053 1622 1098 Philipp.

885 1102 918 1142 7,
943 1103 976 1142 6,
1005 1103 1067 1135 17:
1109 1102 1289 1136 Hir-millo
1322 1102 1363 1133 in
1387 1101 1479 1134 Asia
1508 1101 1622 1142 depu-

884 1149 1011 1189 qnavit
1036 1148 1102 1191 (L.
1128 1148 1346 1190 Antonius).
1380 1150 1467 1182 Cum
1492 1157 1621 1181 ormu-

883 1197 936 1227 set
962 1196 1178 1229 Thraecidicis
1203 1197 1367 1228 comitem
1394 1198 1428 1228 et
1458 1196 1622 1237 familia-

884 1251 962 1275 rem
985 1251 1111 1284 suum,
1145 1243 1252 1275 illum
1284 1244 1457 1275 miserum
1481 1244 1622 1284 suffien-

886 1291 955 1322 tem
979 1291 1171 1330 iuqulavit.
1216 1289 1404 1332 Ceterum,
1430 1290 1462 1323 si
1488 1290 1621 1332 mavis,

886 1346 971 1369 cum
1009 1336 1201 1370 Diintzero
1242 1338 1362 1370 Threx
1378 1355 1393 1361 -
1410 1345 1514 1377 -par
1551 1347 1622 1381 pro

886 1382 1134 1417 affirmatione
1160 1384 1315 1426 habeto3
1342 1383 1407 1417 sed
1431 1384 1623 1418 actuosior

887 1432 946 1463 est
962 1430 1241 1475 qinterrogatio:
1294 1430 1400 1476 „Ego
1434 1442 1512 1465 uon
1545 1430 1622 1465 vidi

886 1477 954 1511 hos
980 1477 1221 1522 gladiatores,
1248 1479 1314 1522 qui
1332 1489 1434 1512 nunc
1459 1478 1624 1512 homini-

886 1524 957 1558 bus
990 1525 1030 1557 in
1065 1535 1130 1558 ore
1156 1527 1263 1558 sunt:
1296 1528 1357 1567 tu,
1390 1525 1458 1570 qui
1490 1536 1622 1559 eorum

885 1582 1034 1616 pugnae
1060 1571 1219 1614 affuisti,
1246 1571 1306 1605 dic
1331 1572 1443 1615 mihi,
1469 1583 1622 1617 quaeso,

885 1629 933 1651 an
960 1618 1052 1652 cet.“

932 1668 1056 1700 45-49.
1079 1675 1217 1708 parum
1243 1671 1370 1700 cautos
1395 1667 1482 1710 cet]
1511 1678 1622 1711 „pae-

885 1713 987 1746 nulis
1013 1715 1052 1747 et
1067 1714 1234 1747 lacernis
1251 1725 1328 1748 non
1347 1715 1438 1748 satis
1455 1715 1622 1748 munitos

886 1760 1041 1793 laedunt
1070 1761 1246 1806 frigora-²
1298 1761 1623 1800 Quemadmodum

885 1816 1006 1849 urere,
1031 1808 1086 1841 sic
1104 1808 1216 1842 etiam
1232 1811 1401 1842 mordere
1418 1809 1463 1843 de
1481 1809 1622 1854 frigore

888 1855 1133 1898 usurpabant.
1182 1855 1342 1890 Martial.
1369 1858 1401 1898 8,
1430 1859 1485 1899 14,
1511 1859 1550 1889 1:
1577 1865 1622 1890 nc

890 1903 1107 1937 --Mordeat
1135 1905 1167 1935 et
1185 1905 1350 1936 tenerum
1366 1905 1499 1944 sortior
1525 1913 1623 1937 aura

889 1957 1024 1982 nemus.
1042 1950 1180 1983 Aestus
1193 1952 1361 1984 mordere
1375 1951 1513 1984 dicitur
1526 1950 1621 1995 Epp.

891 1998 922 2037 1,
950 1999 983 2035 8,
1008 1997 1041 2029 5.
1061 2016 1103 2020 —-
1122 1997 1274 2040 rimosa]
1303 2009 1422 2042 „quae
1440 1998 1537 2031 nihil
1563 2009 1621 2032 se-

887 2043 980 2076 creti
998 2044 1148 2086 retinet,
1165 2044 1231 2077 sed
1249 2045 1288 2077 in
1306 2044 1525 2078 huiusmodi
1544 2056 1622 2079 ser-

887 2090 1062 2124 monibus
1080 2101 1170 2124 sane
1189 2092 1271 2124 sine
1284 2092 1364 2125 ullo
1383 2092 1621 2126 incommodo

887 2139 952 2170 aut
975 2137 1147 2180 periculo
1172 2137 1372 2172 alterius!“
1409 2150 1455 2172 ex
1480 2138 1622 2172 Teren-

888 2184 990 2216 tiano
1022 2184 1089 2217 illo
1114 2183 1212 2217 Eun.
1248 2188 1279 2227 1,
1313 2187 1351 2227 2,
1379 2187 1443 2218 25:
1484 2187 1622 2220 Plenus

887 2231 1068 2263 rimarum
1092 2240 1182 2273 sum,
1210 2233 1277 2265 hac
1303 2235 1411 2273 acque
1427 2233 1517 2266 illac
1538 2242 1622 2275 per-

888 2278 972 2318 fluo.
1024 2277 1130 2311 Conf.
1156 2278 1249 2323 Epp.
1284 2282 1323 2321 1,
1350 2282 1414 2322 18,
1439 2281 1508 2314 7οτ
1549 2282 1622 2314 Nec

886 2325 1044 2358 retinent
1067 2327 1221 2366 patulae
1247 2328 1437 2360 commissa
1462 2328 1620 2369 fideliter

888 2380 1009 2406 aures.
1038 2392 1080 2395 —
1108 2375 1177 2406 Per
1202 2376 1316 2406 totum
1343 2374 1428 2417 cet.]
1472 2374 1550 2417 „Ex
1574 2385 1620 2409 eo

887 2418 975 2452 inde
1001 2422 1190 2464 tempore,
1224 2432 1298 2465 quo
1325 2421 1366 2454 in
1390 2421 1621 2456 Maecenatis

887 2467 1089 2500 amicitiam
1123 2467 1306 2502 admissus
1339 2480 1441 2510 sum,
1474 2469 1514 2502 in
1540 2469 1621 2503 dies

887 2524 930 2547 ac
955 2525 1073 2558 prope
1098 2514 1138 2547 in
1165 2515 1333 2560 singulas
1364 2517 1477 2550 horas
1502 2516 1620 2560 magis

888 2561 1076 2604 expositus
1111 2572 1194 2594 sum
1226 2563 1388 2596 invidiae
1426 2563 1620 2596 hominum

887 2608 1070 2642 contracti
1094 2619 1140 2642 ac
1170 2610 1301 2652 pusilli
1335 2610 1484 2642 animi.“
1512 2628 1557 2632 ——
1580 2611 1622 2642 in

887 2656 982 2688 diem
1022 2658 1054 2688 et
1094 2656 1245 2699 horam]
1297 2665 1397 2698 „von
1439 2657 1535 2697 Tuae
1575 2666 1620 2689 za

888 2703 1004 2743 Tuae,
1036 2711 1109 2735 υοπ
1132 2705 1267 2736 Slunde
1299 2713 1344 2736 zu
1376 2703 1546 2737 Stunde.“
1576 2722 1619 2727 —
