1774 2930
178 159 264 202 294

649 161 857 197 HORATH
880 162 1227 199 EPISTOLARUM

297 259 500 317 Solaque,
533 277 643 318 quae
673 263 811 319 possit
839 263 981 307 facere
1011 269 1055 307 et
1085 280 1256 310 servare
1286 267 1473 313 beatum.

294 331 423 374 Hunc
455 333 589 375 solem
622 338 665 376 et
697 334 842 377 stellas
876 338 918 377 et
950 334 1201 380 decedentia
1229 339 1356 381 certis
1489 339 1493 341 ’

298 403 513 459 Tempora
541 405 769 447 momentis
801 410 900 447 sunt
931 407 1003 462 qui
1034 407 1259 451 formidine
1289 410 1408 452 nulla

295 474 451 516 Imbuti
485 479 702 531 spectent:
737 477 839 532 quid
870 491 1020 520 censes
1052 493 1230 522 munera
1258 484 1419 535 terrae,
1665 483 1691 524 5

296 545 410 593 Quid
439 547 569 588 maris
602 550 816 590 extremos
848 547 1016 591 Arabas
1048 549 1222 592 ditantis
1256 555 1299 594 et
1327 551 1479 606 Indos,

293 616 480 659 Ludicra
511 617 632 673 quid,
663 619 840 675 plausus
873 624 916 662 et
947 620 1073 663 amici
1105 621 1217 664 dona
1248 621 1448 677 Quiritis,

271 741 344 775 ΕΡ.
370 740 433 775 VI.
460 744 492 776 5.
516 744 681 783 spectant
705 742 815 786 Ed,F.

177 841 278 876 dicta
303 854 325 876 a
349 841 508 876 Numico
536 853 565 877 s.
589 842 785 886 Numicio,
811 843 910 878 Latii

176 889 365 923 flumine.“
383 889 582 923 Tonnmr.
595 910 636 914 —-
647 900 724 924 una
736 892 910 934 Solaque]

179 936 312 981 „Apud
350 937 568 972 Ciceronem
611 938 812 982 aliquoties
855 942 911 973 est

176 993 271 1018 unus
288 986 387 1018 solus
406 985 488 1019 sine
514 986 668 1029 copula:
693 995 789 1019 unus
815 986 910 1020 alios

177 1042 253 1066 non
288 1032 472 1075 excludit,
511 1033 577 1067 sed
613 1044 731 1066 unum
765 1036 909 1067 tantum

175 1079 284 1124 ponit
324 1080 592 1124 praecipuum;
639 1082 737 1114 solus
780 1084 911 1115 contra

177 1137 306 1161 omnes
333 1127 427 1161 alios
455 1128 654 1162 excludit.“
681 1127 849 1162 KOENIG.

226 1176 257 1208 3.
301 1177 333 1208 4.
380 1177 491 1208 Hunc
530 1175 664 1218 solem]
706 1175 910 1218 δεικτικῶς,

179 1233 321 1266 „quem
369 1233 497 1256 omnes
545 1222 816 1256 admiramur.“
866 1242 911 1247 »-

178 1269 522 1312 certis-momentis]
551 1270 736 1312 „motibus
764 1281 910 1314 semper

178 1317 424 1361 aequalibus,
474 1317 638 1351 circuitu
679 1317 751 1351 fixo
796 1318 912 1359 (nach

179 1366 402 1398 bestimmten
458 1367 877 1409 Bewequnqsaesetzen).
892 1366 909 1383 ‘⁴

179 1412 255 1446 Cic.
282 1412 327 1446 de
352 1411 396 1445 N.
421 1412 465 1446 D.
493 1415 531 1455 2,
559 1415 620 1454 62,
650 1415 734 1446 155:
774 1414 911 1446 Circui-

179 1461 236 1493 tus
274 1461 360 1493 solis
395 1462 427 1493 et
468 1461 576 1493 lunae
610 1461 911 1501 reliquorumque

177 1509 339 1540 siderum
359 1526 373 1533 -
393 1526 407 1532 -
426 1509 674 1549 spectaculum
706 1508 911 1541 hominibus

174 1556 377 1596 praebent:
402 1556 509 1588 nulla
534 1558 585 1588 est
603 1556 698 1588 enim
722 1556 913 1588 insatiabi-

181 1603 250 1635 lior
273 1604 418 1644 specieS,
445 1603 552 1635 nulla
574 1604 776 1644 pulchrior.
813 1601 910 1637 Solis

178 1649 369 1694 lunaeque
396 1649 584 1692 defectus,
615 1650 787 1695 fulgura,
813 1650 912 1684 toni-

178 1699 275 1740 trua,
303 1697 455 1742 aliaque
480 1699 664 1744 μετέωρα,
692 1709 788 1742 quae
813 1709 912 1732 mor-

179 1745 272 1778 tales
286 1745 609 1789 perterrefaciant,
628 1745 689 1778 hic
704 1745 910 1790 significari

178 1792 366 1826 videntur.
424 1791 500 1826 Cfr.
541 1792 745 1826 Democriti
788 1793 911 1826 locum

179 1840 279 1883 apud
309 1839 458 1873 Sextum
484 1838 588 1883 Emp.
614 1841 645 1881 9,
673 1841 741 1881 24,
767 1840 844 1881 ubi,
870 1842 912 1872 ut

180 1889 477 1920 consentaneum
520 1889 618 1927 erat,
667 1887 910 1921 nominantur

178 1934 421 1987 formidolosa
462 1934 546 1968 illa:
587 1931 750 1981 ὁρῶντες
788 1931 834 1967 τὰ
871 1934 911 1966 ἐν

179 1986 260 2023 τοῖς
291 1977 497 2035 μετεώροις
531 1981 743 2025 παθήματα
776 1983 814 2014 οἱ
840 1992 911 2014 πα-

179 2028 283 2062 λαιΟὶ
332 2040 405 2061 ²5ko
454 2026 688 2076 aveque-inoffi,
738 2025 911 2083 καθαπερ

179 2073 359 2131 βροντὰς
370 2077 435 2109 καὶ
461 2059 678 2123 ἀστοαπάς,
705 2073 913 2121 κεραυνούς

179 2135 217 2157 τε
242 2127 310 2156 καὶ
334 2119 484 2179 ἄστρων
511 2108 708 2166 συνόδους.
736 2124 846 2168 ἡλίου
874 2135 910 2157 τε

179 2173 245 2205 καὶ
253 2169 562 2215 σελήνηςὲκλείψ
565 2183 629 2214 εις,
633 2171 853 2215 ἑὸειιιατοῦι
848 2183 910 2205 το.

179 2217 294 2256 θεοὺς
319 2216 494 2262 οιόμενοι
523 2216 664 2253 τούτων
689 2222 835 2261 αιτίους
858 2218 912 2252 εῖ-

181 2278 253 2299 ναι.
285 2267 414 2301 Liberi
441 2269 529 2301 sunt
554 2267 668 2312 igitur
693 2268 910 2312 philosophi

180 2315 258 2348 veri
278 2325 408 2349 omnes
436 2315 537 2357 (nam
555 2325 631 2348 non
651 2315 696 2349 de
715 2316 806 2349 solis
823 2314 912 2359 Epi-

181 2363 305 2395 cureis
324 2363 416 2407 agit)
442 2362 487 2395 ab
515 2362 562 2396 iis
580 2362 790 2405 timoribus,
817 2373 912 2406 quos

180 2409 330 2454 popello
350 2409 612 2454 superstitioso
626 2410 799 2444 incutere
817 2410 912 2443 solet

180 2468 307 2490 rerum
322 2457 540 2490 caelestium
555 2460 790 2501 conspectus.
810 2457 911 2499 (For-

179 2505 351 2537 midine‘m
388 2504 558 2549 intellige
595 2505 828 2550 religiosam:
871 2507 913 2538 ut

180 2551 332 2585 Lucret.
352 2554 384 2593 5,
405 2553 513 2584 1217:
543 2554 740 2586 Praeterea
764 2554 822 2585 cui
839 2561 913 2585 non

182 2600 325 2632 animus
366 2600 560 2639 formidine
598 2600 722 2632 divum
761 2601 911 2632 Contra-

181 2647 354 2680 hitur—-Y
380 2645 465 2679 Tac.
494 2645 615 2679 Germ.
643 2649 705 2680 39:
732 2648 912 2680 silvam--

178 2696 302 2735 prisca
357 2694 553 2735 formidine
607 2702 763 2727 sacram.
829 2693 911 2727 Val.

180 2741 303 2775 Flacc.
332 2743 364 2783 2,
390 2743 477 2774 431:
502 2741 666 2774 Electria
693 2743 799 2774 tellus
826 2740 912 2783 (Sa-

959 846 1063 888 mos)
1092 848 1267 881 Threiciis
1300 856 1444 881 arcana
1466 850 1602 890 sacris3
1637 850 1694 882 hic

959 895 1118 927 numinis
1143 895 1270 936 invem
1295 897 1470 939 Horror.)

1007 943 1093 974 5-8.
1136 943 1223 982 quid
1264 951 1382 976 censes
1423 943 1508 986 cet]
1551 942 1692 986 „Multo

959 989 1084 1022 minus
1111 990 1221 1022 etiam
1241 989 1393 1034 sapiens
1418 1001 1474 1033 ea,
1499 1001 1596 1035 quae
1620 996 1693 1025 sta-

959 1035 1025 1069 tim
1050 1040 1241 1079 memorat,
1269 1037 1365 1071 solet
1389 1038 1601 1072 admirari.“
1633 1037 1693 1072 Ad

960 1083 1170 1117 sententiae
1185 1084 1520 1119 conformationem
1531 1085 1598 1119 cfr.
1613 1085 1692 1119 Cic.

959 1129 1004 1163 de
1030 1130 1113 1175 lege
1139 1142 1215 1176 agr.
1242 1133 1281 1174 2,
1310 1134 1364 1174 17,
1389 1134 1454 1166 45:
1491 1134 1586 1174 Quid
1611 1141 1692 1166 cen-

958 1179 1063 1219 setis,
1078 1196 1092 1202 —
1108 1195 1122 1202 -
1136 1187 1206 1219 quo
1237 1179 1403 1220 periculo
1435 1181 1586 1213 miseras
1623 1189 1692 1213 na-

960 1226 1074 1258 tiones
1101 1227 1273 1267 suturas?
1323 1226 1370 1260 de
1397 1225 1466 1260 Off.
1493 1229 1533 1270 2,
1559 1229 1600 1269 7,
1627 1228 1690 1260 25:

962 1273 1057 1313 Quid
1082 1274 1179 1305 em‘m
1210 1281 1408 1315 cem-emus,
1418 1275 1690 1316 ”Dionysium

961 1328 1032 1359 quo
1059 1321 1226 1353 cruciatu
1242 1321 1379 1354 timoris
1405 1322 1494 1362 anai
1518 1321 1692 1354 solitum?

961 1366 1079 1400 Solita
1104 1369 1162 1401 est
1178 1367 1294 1412 igitur
1313 1368 1598 1402 consuetudinis
1616 1368 1692 1402 for-

959 1414 1072 1457 mula,
1100 1425 1175 1458 qua
1192 1415 1239 1457 ei,
1258 1425 1303 1449 ex
1321 1426 1394 1459 quo
1412 1415 1558 1460 aliquid
1576 1425 1692 1460 quae-

960 1461 1098 1504 rimus,
1133 1462 1258 1496 acrius
1284 1463 1488 1505 instamus,
1521 1473 1634 1507 quam
1660 1462 1692 1496 si

960 1520 992 1541 v.
1028 1519 1058 1542 o.
1092 1510 1310 1555 languidius
1348 1510 1402 1544 sic
1441 1510 1694 1555 interrogare-

960 1567 1062 1590 mus:
1099 1557 1203 1599 „Quo
1235 1557 1405 1601 periculo
1437 1558 1595 1591 miseras
1629 1567 1693 1590 na·-

959 1605 1081 1638 tiones
1107 1604 1253 1639 futuras
1281 1605 1442 1639 censetis
1452 1605 1490 1638 1²⁶⁴
1519 1607 1556 1639 et
1579 1605 1692 1639 breve

961 1652 1122 1695 spatium
1159 1652 1364 1686 meditandi
1407 1652 1499 1696 quid
1536 1662 1692 1695 respon-

960 1699 1046 1732 deat
1073 1699 1107 1733 ei
1141 1699 1400 1740 concedimus,
1435 1700 1605 1733 nostrum
1637 1701 1691 1732 ta-

959 1757 1046 1780 men
1072 1757 1116 1780 ea.
1140 1746 1185 1779 de
1211 1757 1251 1779 re
1286 1746 1468 1779 iudicium
1498 1748 1565 1779 aut
1590 1747 1692 1780 clare

959 1793 1224 1837 proponimus,
1258 1796 1324 1827 aut
1348 1793 1479 1827 saltem
1505 1793 1694 1838 significa·-

960 1851 1062 1881 mus,
1105 1843 1146 1873 ut
1186 1841 1265 1874 hic:
1309 1840 1574 1882 „admirabilia
1614 1851 1691 1874 non

960 1888 1077 1921 esse.“
1107 1906 1149 1910 -
1176 1896 1331 1921 munera
1364 1888 1508 1930 terrae]
1542 1898 1690 1930 aurum,

960 1937 1168 1979 argentum,
1194 1946 1367 1968 marmor.
1388 1954 1430 1958 --
1455 1935 1584 1978 maris]
1611 1946 1691 1968 mu-

960 1993 1064 2025 nera,
1081 1982 1316 2026 margaritas,
1332 1993 1550 2027 purpuram.
1566 2002 1608 2005 —
1629 1991 1691 2016 ex-

961 2030 1115 2071 tremos}
1145 2033 1188 2062 ut
1213 2029 1281 2063 Od.
1309 2031 1342 2072 1,
1368 2032 1430 2072 35,
1455 2031 1519 2063 29:
1544 2031 1691 2063 ultimos

963 2078 1066 2110 Orbis
1114 2078 1324 2110 Britannos.
1372 2077 1575 2111 Praeterea
1622 2076 1690 2110 ofr.

961 2124 1028 2158 Od.
1057 2127 1097 2166 3,
1124 2127 1188 2166 24,
1218 2127 1259 2157 1:
1297 2126 1449 2158 Intactis
1484 2125 1692 2166 opulentior

960 2173 1153 2205 Tltesauris
1190 2173 1355 2205 Arabum
1397 2175 1430 2205 et
1466 2173 1587 2205 divitis
1627 2173 1691 2204 Ιπ-

960 2220 1053 2253 diae.
1081 2238 1122 2243 ——
1146 2220 1321 2261 Ludicra!
1352 2219 1483 2261 „ludos
1506 2218 1691 2264 publicos,

961 2266 1159 2301 Circenses
1174 2271 1210 2300 et
1223 2266 1502 2311 gladiatorios“,
1520 2268 1563 2300 ut
1579 2275 1692 2309 saepe

961 2314 1060 2358 apud
1109 2314 1270 2347 Livium.
1336 2313 1411 2347 Cfr.
1460 2312 1690 2347 Doederlein

959 2364 1092 2402 synon.
1117 2361 1164 2394 ΙΙ.
1190 2372 1225 2405 p.
1252 2363 1307 2394 31.
1351 2360 1599 2406 cogitandum
1624 2370 1692 2393 au-

961 2413 1034 2443 tem
1060 2419 1136 2442 non
1163 2408 1282 2442 solum
1307 2407 1353 2441 de
1379 2418 1523 2441 summa
1548 2406 1692 2451 cupidi-

961 2458 1054 2498 tate,
1089 2466 1165 2500 qua
1188 2455 1362 2499 plerique
1393 2455 1590 2489 inhiabant
1614 2454 1691 2499 gla-

960 2503 1169 2537 diatoribus
1203 2505 1239 2536 et
1273 2503 1528 2544 circensibus,
1561 2511 1691 2535 verum

962 2551 1071 2585 etiam
1097 2550 1143 2583 de
1168 2549 1384 2584 incredibili
1418 2549 1542 2584 studio
1568 2549 1608 2581 in
1634 2551 1690 2582 ta—

960 2598 1059 2632 libus
1085 2597 1175 2642 poni
1202 2597 1312 2631 solito
1338 2597 1385 2631 ab
1402 2597 1460 2638 iis,
1487 2596 1554 2641 qui
1579 2595 1690 2630 ludos

961 2645 1131 2687 edebant,
1156 2645 1299 2679 aediles
1322 2644 1406 2678 dico
1425 2646 1462 2678 et
1485 2646 1690 2688 praetores,

962 2704 1035 2738 quo
1063 2692 1229 2726 aemulos
1263 2691 1541 2736 magnificentia
1565 2690 1692 2724 vince-

961 2743 1045 2774 rent
1078 2739 1285 2784 populique
1310 2739 1473 2773 favorem
1504 2738 1576 2772 sibi
1602 2748 1690 2771 eon-
