1774 2930
166 144 254 186 416

645 144 854 180 nomm
876 119 1225 181 nrisromuu

287 244 443 302 Coepit
472 249 516 289 et
546 247 592 288 in
621 247 783 289 vitium'
803 230 978 290 'fortuna
1005 248 1142 291 labier
1172 263 1327 306 aequa,

285 315 410 359 Nunc
441 317 700 360 athletarum
731 317 903 372 studiis,
934 332 1048 361 nunc
1077 320 1183 361 arsit
1213 319 1461 376 equorum,

1633 322 1688 363 95

284 387 509 430 Marmoris
543 391 616 430 aut
648 388 790 430 eboris
820 388 964 431 fabros
997 393 1070 432 aut
1101 391 1212 433 aeris
1244 392 1421 445 amavit,

286 458 521 515 Suspendit
551 459 668 515 picta
696 460 859 501 voltum
890 463 1164 517 mentemque
1193 461 1372 515 tabella,

283 528 409 571 Nunc
438 530 709 582 tibicinibus‚
740 545 854 573 nunc
884 535 951 573 est
981 532 1131 587 gavisa
1159 532 1400 588 tragoedis3

285 599 374 642 Sub
406 601 572 643 nutrice
603 601 749 657 puella
777 602 896 644 velut
928 603 964 644 si
994 602 1161 645 luderet
1191 603 1352 657 infans,

285 670 411 719 Quod
442 671 596 727 cupide
626 673 773 728 petiit,
805 676 972 715 mature
1002 673 1131 729 plena
1159 674 1346 731 reliquit.

213 826 269 858 93.
297 826 354 858 94.
406 825 589 868 Graecia]
631 825 736 859 Haec
779 825 904 860 omnia

163 871 370 916 praecipue
388 872 434 906 de
451 873 750 907 Atheniensibus
775 873 902 907 valere

162 919 403 953 manifestum
438 922 506 954 est.
539 939 582 943 -
612 920 761 963 positis]
796 920 902 964 Virg.

162 965 256 999 Aen.
287 968 324 1009 1,
360 968 446 1001 291:
495 968 634 1008 Aspera
667 970 744 1000 tum
773 969 902 1008 posi-

163 1014 223 1046 tis
261 1015 446 1047 mitescent
483 1015 634 1048 saecula
677 1016 829 1048 bellis.
857 1033 900 1038 —

162 1061 312 1103 nuqari]
341 1072 404 1104 „se
430 1061 520 1095 dare
547 1061 594 1095 ad
622 1061 749 1095 omnia
772 1062 900 1105 posssis

162 1118 323 1152 genera,
357 1108 404 1142 ad
437 1109 631 1153 picturae,
670 1109 899 1153 sculpturae,

161 1155 328 1190 musicae
363 1159 483 1198 artes,
520 1156 567 1189 ad
601 1156 712 1190 ludos
746 1167 900 1201 gymna-

162 1201 320 1245 sticos;“
357 1213 453 1247 quae
480 1203 608 1237 omnia
634 1213 719 1236 cum
744 1204 901 1237 atrocis-

161 1249 266 1284 simis
290 1250 369 1284 illis
393 1250 504 1284 bellis
531 1253 746 1294 comparata
762 1250 901 1304 partim

160 1296 404 1342 ingeniorum
429 1300 518 1331 sunt
541 1299 661 1339 lusus,
687 1297 825 1342 partim
846 1298 899 1331 vi-

160 1343 259 1377 rium
274 1344 445 1379 ludicrae
464 1346 764 1387 exercitationes,
778 1353 900 1385 nugae

160 1391 298 1436 igitur,
333 1392 415 1426 sine
447 1392 757 1436 reprehensionis
784 1392 901 1437 signi-

160 1438 347 1473 ficatione.
383 1459 425 1463 —
460 1440 585 1482 bellis]
622 1439 782 1473 maxime
815 1443 901 1483 post

161 1487 371 1530 composita
399 1487 503 1521 bella
527 1486 694 1521 Persica.
743 1486 898 1521 Aristot.

159 1533 270 1567 Polit.
307 1536 347 1576 8,
381 1536 422 1576 6,
457 1537 497 1567 6:
539 1530 901 1589 Σχολαστικωτεροι

158 1578 364 1624 γενόμενοι
401 1578 463 1614 διὰ
505 1578 573 1623 τὰς
608 1579 797 1636 εὐπορίας
833 1583 900 1615 καὶ

158 1625 523 1683 μεγαλοψυχότεροι
545 1626 641 1676 πρὸς
665 1626 818 1684 ἀρετήν,
844 1626 900 1662 ἐτι

158 1686 200 1708 τε
249 1673 436 1723 πρότερον
485 1677 551 1709 καὶ
599 1687 697 1719 μετα
744 1674 900 1731 Μηδικὰ

160 1723 542 1779 φρονηματισθέντες
578 1723 622 1756 ἐκ
664 1723 738 1756 τῶν
778 1720 899 1778 ἑργων

160 1768 290 1814 πάσης
322 1766 491 1814 ἥπτοντο
523 1767 752 1814 μαθήσεως,
787 1769 898 1804 οὐδὲν

158 1816 434 1874 διακρίνοντες,
490 1815 572 1850 ἀλλ’
623 1818 895 1860 ἐπιζητοῦντες

158 1862 219 1898 διὸ
236 1866 303 1898 καὶ
319 1863 390 1919 τὴν
407 1862 618 1908 αὐλητικὴν
635 1861 784 1908 ἤγαγον
802 1862 898 1911 πρὸς

158 1909 227 1953 τὰς
258 1908 463 1956 μαθήσεις.
491 1931 533 1935 -—
560 1914 600 1945 in
623 1911 775 1954 vitium]
809 1911 897 1954 „·-de

158 1959 334 1993 liciarum
391 1961 547 2004 propter
604 1958 895 2003 prosperitatem

157 2006 367 2041 fortunae.“
420 2006 548 2040 Coun.
600 2006 722 2044 CRUQ.
773 2005 895 2040 Voca-

158 2054 249 2088 bulo
291 2056 422 2088 vitimn
462 2053 663 2089 admodum
707 2053 895 2087 malitiose

158 2112 252 2136 usus
278 2096 336 2136 est
361 2101 458 2143 ideo,
486 2100 588 2146 quod
605 2097 820 2142 βαναύσοις
837 2101 897 2133 in-

157 2151 215 2183 ter
252 2149 440 2183 Romanos
483 2148 610 2182 omnia
646 2149 739 2182 haec
778 2147 895 2181 Grae-

157 2206 287 2230 corum
322 2196 450 2230 studia
480 2197 616 2229 vitiosa
648 2199 685 2229 et
717 2205 895 2239 superva-

157 2253 274 2277 canea
311 2243 549 2278 videbantur.
601 2242 796 2288 Significat
828 2252 894 2275 au-

157 2294 232 2324 tem
280 2301 428 2324 morum
477 2290 746 2331 mutationem,
797 2300 894 2334 quae

156 2338 338 2381 paulatim
363 2338 452 2371 inde
479 2349 501 2372 a
523 2336 674 2371 Pericle
700 2347 820 2381 usque
846 2336 893 2370 ad

155 2384 375 2429 Philippum
408 2384 652 2418 Macedonem
689 2384 788 2418 facta
825 2387 893 2426 est,

157 2442 243 2466 cum
277 2443 300 2466 a
332 2431 458 2475 prisca
497 2431 735 2475 simplicitate
775 2433 811 2465 et
847 2430 893 2465 ab

155 2479 226 2513 illa
240 2478 518 2522 μεγαλοψυχίᾳ
537 2478 715 2521 (libenter
727 2477 894 2523 Aeschy-

157 2527 254 2560 leam
290 2525 487 2568 dixerim),
525 2536 638 2570 quam
674 2525 774 2559 bella
805 2525 894 2559 Per-

157 2574 235 2608 sica
275 2573 324 2608 iis
365 2573 620 2614 instillarunt,
662 2572 894 2616 pedetentim

156 2620 377 2655 recedentes
402 2619 519 2654 effuse
538 2630 577 2653 se
596 2619 777 2653 dederent
802 2629 894 2653 cun-

157 2671 303 2703 ctarum
341 2667 480 2701 artium
517 2666 729 2707 illecebris,
771 2666 893 2700 donec

157 2714 360 2749 discordiis
382 2714 566 2749 debilitati
593 2716 707 2758 atque
734 2713 773 2747 in
800 2713 893 2747 mol-

1605 674 1688 716 100

951 826 1069 860 litiem
1111 826 1208 871 lapsi
1249 827 1400 861 tandem
1440 827 1481 860 in
1517 826 1689 861 Macedo-

952 884 1043 906 num
1084 875 1306 918 potestatem
1346 877 1612 919 pervenerunt.
1642 893 1686 898 --

955 920 1083 963 labier]
1111 920 1186 954 Cfr.
1213 920 1287 955 Sat.
1315 923 1346 964 1,
1373 923 1406 965 2,
1433 923 1489 956 35.

1001 1015 1148 1048 95-102.
1175 1015 1413 1059 athletarum]
1441 1015 1611 1050 Gfr.Liv.
1629 1018 1686 1059 33,

952 1062 1019 1094 32:
1067 1063 1274 1103 spectaculi
1325 1065 1489 1096 studium
1535 1064 1686 1096 insitum

950 1110 1049 1149 aemi
1092 1108 1325 1152 (Graecae),
1366 1119 1438 1150 quo
1479 1111 1684 1144 certamina

950 1157 1066 1189 omnis
1114 1158 1255 1198 ueneris
1295 1158 1436 1190 artium
1481 1158 1686 1198 viriumque

951 1205 984 1236 et
1016 1205 1247 1244 pernicitatis
1282 1205 1464 1238 visuntur.
1497 1223 1546 1228 —
1579 1204 1685 1247 arsit]

950 1249 1032 1288 Quo
1066 1250 1202 1284 ardore
1228 1250 1364 1285 Graeci
1395 1250 1571 1296 Olympia
1603 1261 1686 1295 spe·

951 1298 1107 1339 ctarint,
1145 1297 1244 1331 lecto
1280 1298 1365 1332 loco
1399 1297 1610 1342 Sophocleo
1643 1297 1686 1331 in

949 1343 1101 1379 Electra
1126 1346 1196 1379 680
1222 1355 1326 1390 seqq.
1351 1346 1504 1389 penitus
1527 1355 1686 1390 persen·
1708 1342 1712 1346 ⁴

950 1392 1075 1426 tisces.
1101 1411 1144 1415 —
1173 1393 1309 1435 eboris]
1346 1393 1470 1427 Huius
1506 1393 1686 1427 materiae

950 1449 1042 1472 usus
1075 1439 1256 1483 frequens
1295 1442 1377 1474 erat
1400 1441 1441 1474 in
1467 1439 1685 1475 celebratis-

950 1486 1056 1520 simis
1090 1486 1308 1531 quibusque
1341 1487 1498 1522 deorum
1531 1487 1684 1522 simula-

949 1534 1042 1574 cris,
1076 1537 1119 1567 ut
1148 1534 1189 1567 in
1213 1533 1372 1568 Phidiae
1395 1534 1484 1568 Iove
1510 1533 1683 1580 Olympio

949 1583 987 1614 et
1009 1558 1197 1623 Minerva,
1232 1581 1342 1616 cuius
1367 1579 1578 1629 πρόσωπον
1603 1581 1684 1614 ἐλε-

949 1625 1136 1668 φάντινον
1169 1632 1260 1663 erat.
1308 1629 1417 1663 Plato
1449 1629 1562 1687 Hipp.
1594 1628 1682 1663 mai.

947 1686 983 1719 p.
1011 1677 1091 1709 290.
1115 1675 1158 1709 Β.
1184 1695 1231 1700 -
1254 1676 1395 1719 fabros]
1428 1678 1611 1717 τεχνίτας.
1638 1694 1681 1698 -

946 1724 1139 1764 Suspendit
1183 1723 1277 1766 cet.]
1328 1723 1520 1766 „Tabulas
1561 1722 1681 1767 pictas

946 1770 1194 1803 attentissime
1221 1770 1425 1814 spectavit,
1450 1770 1504 1804 ita
1527 1772 1571 1802 ut
1595 1780 1683 1804 ocu-

947 1816 1003 1850 los
1054 1817 1394 1861 cogitationemque
1435 1817 1482 1851 ab
1532 1816 1580 1850 iis
1620 1817 1683 1850 vix

946 1873 1136 1897 removere
1154 1866 1293 1907 posset,
1319 1874 1404 1898 cum
1420 1863 1572 1908 pulchri
1597 1874 1680 1908 spe-

946 1910 1023 1944 cies
1064 1913 1178 1955 atque
1220 1911 1409 1956 exemplar
1449 1912 1490 1944 in
1527 1911 1681 1945 intimos

946 1957 1028 1991 eius
1046 1957 1203 1992 affectus
1219 1958 1490 2002 penetrasset.“
1519 1957 1678 2002 (Hellas)

944 2006 1090 2046 Hestete
1138 2006 1458 2039 wanneberauscht
1506 2013 1568 2039 am
1608 2006 1677 2039 Ge-

944 2052 1066 2085 malae
1104 2054 1174 2086 den
1209 2053 1317 2086 Blick
1355 2054 1433 2086 und
1473 2054 1531 2087 die
1566 2053 1680 2086 Seele.

943 2098 1122 2132 MERKEL.
1149 2119 1192 2123 —
1219 2100 1446 2143 tibicinibus]
1485 2099 1680 2144 „sympho-

944 2146 1107 2189 niacis,“
1146 2157 1192 2181 ex
1229 2147 1368 2191 quibus
1405 2158 1524 2181 unum
1559 2157 1680 2192 genus

944 2193 1126 2227 nominat.
1153 2213 1196 2218 —
1224 2194 1429 2237 traqoeais]
1465 2193 1680 2237 „actoribus

944 2240 1097 2286 tragicis
1148 2241 1336 2286 simulque
1385 2241 1524 2275 fabulis
1573 2241 1679 2285 ipsis,

945 2299 1039 2332 quas
1080 2289 1281 2332 agebant.“
1325 2307 1369 2312 —-
1410 2290 1483 2322 Sub
1523 2287 1678 2331 nutrice]

946 2334 1187 2378 „moderante
1219 2335 1410 2378 nutrice,“
1450 2337 1493 2370 ut
1524 2334 1619 2380 Epp.
1646 2338 1678 2378 1,

947 2385 1001 2425 16,
1028 2383 1091 2416 77:
1116 2390 1224 2416 saevo
1242 2385 1275 2415 te
1291 2384 1358 2416 sub
1375 2383 1522 2416 custode
1540 2383 1677 2416 tenebo.

942 2429 1118 2464 Nutrices
1168 2431 1294 2463 autem
1342 2429 1443 2474 apud
1500 2429 1676 2474 antiquos

943 2477 1106 2521 primum
1122 2476 1203 2510 fere
1228 2487 1296 2520 per
1321 2477 1528 2511 triennium
1553 2476 1677 2510 infan—

943 2526 999 2558 tes
1025 2523 1255 2566 educabant3
1296 2527 1428 2568 postea
1459 2524 1508 2557 iis
1539 2522 1678 2568 paeda-

942 2571 1029 2616 gogi
1055 2570 1253 2605 dabantur.
1281 2589 1324 2594 -—
1346 2570 1470 2613 pettit]
1494 2570 1539 2604 In
1564 2579 1677 2614 prosa

943 2629 997 2652 or.
1021 2618 1157 2662 procul
1182 2617 1297 2652 dubio
1329 2617 1544 2671 scripsisset
1564 2618 1677 2659 petie·

942 2667 1014 2698 rat.
1039 2683 1083 2688 —
1108 2666 1253 2698 mature
1274 2663 1412 2707 plena]
1447 2660 1676 2710 ηᾶψίκορος,

942 2712 1117 2747 celeriter
1159 2711 1292 2746 satiata
1334 2711 1511 2753 Graecia,
1516 2711 1534 2729 ‘⁴
1585 2721 1673 2754 non,
