1774 2930
179 145 265 186 502

833 146 1041 182 HORA'I'II

298 239 591 297 Quodcunque
623 241 814 284 ostendis
846 242 952 284 mihi
985 243 1061 296 sic,
1092 243 1335 287 incredulus
1365 246 1454 301 odi.-

294 310 414 354 Neve
445 312 582 353 minor
614 326 699 354 neu
731 313 787 354 sit
818 313 967 369 quinto
998 314 1243 370 productior
1274 320 1371 359 actu

294 381 472 436 Fabula,
506 397 614 439 quae
645 384 764 440 posci
796 384 887 426 volt
919 389 962 427 et
992 389 1186 442 spectata
1213 387 1387 444 reponi3

1613 390 1698 431 190

294 452 385 495 Nec
415 454 520 496 deus
551 455 739 509 intersit,
771 456 856 497 nisi
885 455 1040 512 dignus
1071 457 1240 500 vindice
1272 457 1409 500 nodus

274 586 351 617 190.
378 587 410 617 et
433 586 634 626 spectanda
659 585 717 628 bc,
745 588 778 619 et
803 588 1048 627 exspectanda
1074 587 1115 639 B.

174 677 329 721 tissime,
355 682 398 713 ut
424 680 578 714 credere
603 681 711 723 licet,
737 681 914 715 tractavit

175 725 381 769 Sophocles
418 727 457 760 in
486 727 624 771 Tereo,
663 727 709 762 de
744 739 820 772 quo
858 731 934 773 ty-¹

174 783 293 806 ranno
349 774 389 807 in
439 786 603 819 upupam
652 777 794 810 mutato
844 776 911 810 cfr.

173 819 363 865 Aristoph.
381 821 479 856 Aves
501 825 568 857 100
587 833 664 867 seq.
683 833 767 857 cum
785 823 911 858 Schol.

172 885 219 891 —-
246 869 399 902 Cadmus
423 870 463 902 in
489 871 660 913 anquem]
703 870 778 904 Cfr.
804 870 910 905 Ovid.

171 913 318 949 Metam.
346 918 379 959 4,
406 918 472 950 563
501 928 582 962 sqq.
625 918 771 952 Tenuia
797 929 910 962 quae-

172 962 256 996 dam
313 966 519 1008 supersunt
574 965 732 1010 vestigia
782 965 908 999 Cadmi

171 1008 369 1054 Euripidei
397 1011 524 1054 (Dind.
545 1011 606 1046 Fr.
631 1023 665 1056 p.
685 1013 771 1055 96.)‚
797 1024 909 1057 quam

172 1056 219 1090 ad
257 1058 422 1093 fabulam
455 1058 754 1094 Valckenaerius
791 1062 909 1094 rettu-

171 1103 216 1138 lit
240 1115 372 1140 versus
405 1110 573 1141 servatos
599 1107 646 1141 ab
670 1108 908 1152 Hermogene

170 1162 253 1197 pag.
291 1155 369 1187 180.
419 1153 550 1188 Walz:
589 1153 721 1197 Oijuoc,
757 1154 908 1202 δράκων

169 1210 246 1241 μου
272 1202 441 1244 γίγνεται
466 1199 511 1236 τό
535 1203 569 1246 γ’
594 1197 726 1245 ἥμισυ·
767 1205 909 1237 Τέκνον

170 1245 428 1293 περιπλάκηθι
487 1249 539 1295 τῷ
601 1250 722 1296 λοιπῷ
786 1253 909 1298 πατρί.

171 1293 274 1333 Quos
301 1307 444 1340 versus,
471 1300 514 1332 ut
538 1297 600 1331 hic
626 1298 836 1342 requiritur
862 1299 909 1333 ab

169 1341 347 1387 Horatio,
396 1355 473 1378 non
516 1344 654 1379 Cadmo
700 1345 793 1390 ipsi,
843 1346 910 1380 sed

170 1388 360 1437 ἑξαγγέλῳ
378 1393 460 1426 eius
476 1392 723 1427 mutationem
738 1394 908 1428 narranti

170 1437 216 1471 ab
230 1437 411 1483 Euripide
425 1440 589 1474 tributos
609 1450 691 1474 esse
711 1444 909 1475 consenta-

170 1495 283 1520 neum
309 1489 375 1520 est.
403 1506 446 1510 ——
473 1488 698 1530 incredulus]
729 1488 908 1523 Refertur

170 1542 246 1566 non
285 1536 360 1567 tam
397 1534 443 1569 ad
476 1534 645 1569 Medeam
683 1538 721 1569 et
750 1535 907 1570 Atreum

168 1578 267 1615 filios
295 1581 478 1626 Thyestae
516 1582 645 1618 fratris
684 1586 908 1627 coquentem

169 1627 252 1670 (cfr.
278 1639 311 1662 v.
339 1629 425 1672 91.)‚
459 1641 570 1674 quam
596 1631 643 1664 ad
667 1631 840 1665 Procnen
867 1631 907 1664 in

170 1674 413 1710 hirundinem
464 1678 554 1720 (cfr.
582 1678 649 1711 Od.
684 1681 724 1720 4,
760 1681 822 1720 12,
857 1678 906 1720 6.)

169 1725 206 1756 et
224 1722 403 1758 Cadmum
427 1726 467 1758 in
492 1725 693 1759 draconem
711 1728 907 1759 mutatum.

170 1789 215 1793 -
241 1771 323 1813 odi]
370 1773 587 1816 „respuo;“
632 1773 906 1814 „intolerabile

111 1848 120 1857 ,
168 1817 258 1850 mihi
285 1818 466 1861 videtun„

219 1913 384 1947 189-190.
410 1913 627 1956 Neve-neu]
658 1913 769 1947 Hand
795 1913 904 1947 Turs.

167 1958 231 1993 IV.
250 1970 286 2003 p.
307 1962 397 1994 174:
427 1969 589 1994 neu-neu
615 1962 777 2005 optimus
803 1961 907 2005 quis·

170 2017 242 2052 que
269 2008 434 2052 scriptor
456 2008 559 2050 dicit,
585 2008 734 2052 quando
754 2009 906 2052 utrique

168 2055 266 2099 parti
295 2066 371 2089 una
397 2058 453 2090 est
484 2055 578 2090 ratio
606 2066 798 2100 unumque
824 2066 907 2090 ver-

169 2103 267 2145 bum,
295 2103 360 2136 sed
385 2112 532 2146 ree-neu,
558 2103 623 2137 ubi
650 2103 797 2137 duobus
823 2114 907 2137 ver-

169 2149 227 2184 bis
277 2150 566 2196 distinguuntur
615 2161 696 2191 res,
747 2161 907 2195 quarum

169 2199 295 2231 neutri
322 2198 549 2233 concedatur
577 2199 691 2232 esse.“
719 2217 762 2221 -
788 2200 908 2231 minor

169 2246 455 2288 --productiorJ
483 2271 500 2288 „
516 2246 668 2280 Certum
694 2245 845 2279 modum
871 2248 908 2279 et

168 2289 360 2338 ἁρμονίαν
385 2294 547 2338 requirit
577 2293 727 2327 fabula:
762 2303 847 2326 nam
874 2293 906 2326 si

170 2340 326 2374 nimium
377 2341 501 2375 brevis
553 2343 632 2382 est,
682 2340 905 2384 spectatoris

169 2390 331 2421 mentem
366 2399 442 2422 non
478 2389 603 2433 explet
636 2398 706 2421 nec
739 2387 829 2422 satis
859 2386 906 2420 δι’

168 2434 277 2468 ἐλέου
324 2438 388 2469 καὶ
440 2432 572 2478 φόβου
594 2437 789 2482 ,περαίνει
838 2432 907 2478 τὴν

170 2481 244 2516 τῶν
270 2480 454 2516 τοιούτων
488 2480 726 2526 παθημάτων
759 2478 907 2527 κάθαρ-

169 2541 242 2564 σιν.
294 2530 472 2573 (Aristot.
513 2531 616 2565 Poet.
654 2533 694 2573 6,
733 2531 787 2572 2.)
840 2529 905 2563 Sin

168 2579 310 2611 iustum
334 2578 486 2612 modum
513 2579 670 2618 excedit,
707 2578 790 2622 ipsa
814 2578 907 2611 haec

170 2625 368 2669 productio
401 2626 539 2660 minuit
572 2626 787 2669 sensimque
819 2635 907 2658 con-

170 2673 287 2706 sumit
335 2673 584 2718 spectantium
634 2672 834 2707 affectus.“
863 2691 904 2695 —-

171 2722 326 2761 quimo-
342 2721 441 2764 actu]
465 2721 510 2754 In
538 2721 676 2765 quinos
702 2722 808 2754 actus
833 2719 907 2753 Ro-

962 681 1065 715 mani
1102 681 1319 716 dividebant
1354 682 1524 728 fabulas3
1565 687 1701 720 contra

961 731 1106 762 veteres
1126 728 1259 765 Graeci
1283 730 1323 763 in
1341 739 1369 764 π
1392 727 1546 775 όλογον,
1570 732 1698 766 ἐπεισ-

960 772 1048 808 όδια
1094 776 1224 823 (τρία)
1271 779 1308 811 et
1349 773 1366 811 ἕ
1392 777 1501 819 οδον,
1554 778 1607 812 ita
1654 782 1698 814 ut

960 824 1094 867 reapse
1134 824 1270 859 divisio
1311 825 1359 859 ad
1405 826 1504 860 idem
1544 826 1695 861 rediret,

962 869 1124 904 Graecae
1149 872 1240 906 artis
1257 872 1450 907 vocabulis
1473 875 1696 918 praesertim

960 917 1184 952 ἐπεισοδίων
1226 930 1302 953 11011
1344 920 1455 954 facile
1493 921 1696 956 reddendis

957 965 1084 999 Latini
1111 966 1391 1001 substituerunt
1406 968 1526 1013 magis
1544 968 1695 1005 obvium

959 1015 1107 1046 actuum
1142 1024 1292 1048 nomen.
1341 1014 1455 1049 Arist.
1488 1015 1592 1050 Post.
1628 1018 1696 1050 12:

961 1056 1067 1092 Ἔστι
1093 1059 1133 1092 δὲ
1151 1057 1342 1108 πρόλογος
1364 1061 1435 1104 μὲν
1459 1064 1577 1108 μέρος
1599 1058 1696 1097 ὅλον

956 1106 1168 1154 τραγῳδίας
1198 1105 1241 1141 τὸ
1267 1105 1341 1155 πρὸ
1366 1109 1487 1156 χοροῦ
1512 1107 1697 1156 παρόδου,

957 1151 1174 1189 ἐπεισόδιον
1205 1154 1246 1188 δὲ
1276 1157 1396 1202 μέρος
1424 1152 1517 1190 ὅλον
1547 1167 1695 1204 τραγῳ-

957 1200 1040 1244 δίας
1066 1199 1108 1236 τὸ
1133 1200 1277 1245 μεταξὺ
1301 1199 1403 1238 ὅλων
1435 1204 1602 1260 χορικῶν
1625 1215 1696 1247 με-

957 1248 1053 1289 λῶν,
1094 1246 1225 1292 ἔξοδος
1254 1249 1296 1283 δὲ
1328 1252 1447 1307 μέρος
1477 1248 1572 1285 ὅλον
1603 1262 1698 1298 τρα-

958 1296 1097 1342 γῳδίας
1119 1297 1206 1340 μεθ’
1229 1292 1255 1331 ὃ
1279 1295 1349 1331 οῦκ
1373 1309 1456 1332 εστι
1479 1299 1602 1345 χοροῦ
1624 1300 1695 1341 με’-

957 1343 1033 1386 λος.
1085 1344 1217 1379 Cieero
1250 1346 1403 1390 quidem
1432 1345 1479 1380 ad
1505 1345 1548 1386 Q.
1573 1346 1634 1380 Fr.
1661 1348 1695 1389 1,

961 1394 997 1430 1,
1027 1395 1090 1435 16,
1117 1394 1184 1426 46:
1222 1393 1326 1427 Illud
1358 1396 1391 1427 te
1416 1411 1432 1418 -
1457 1412 1472 1419 -
1497 1396 1531 1426 et
1563 1401 1627 1427 oro
1660 1396 1694 1427 et

957 1440 1101 1482 hortor,
1142 1443 1182 1473 uc
1220 1442 1411 1481 tamquam
1442 1442 1573 1482 poetae
1611 1442 1695 1474 boni

957 1504 972 1511 -
989 1506 1005 1512 -
1021 1488 1154 1529 solem,
1196 1489 1248 1520 sic
1264 1505 1279 1512 -
1296 1489 1593 1530 diliqemmimus
1632 1490 1695 1531 sis,

956 1536 997 1567 ul
1030 1535 1086 1568 hic
1119 1536 1244 1568 tertius
1278 1537 1380 1568 acme
1410 1536 1694 1577 perfectissimus

958 1583 1067 1622 alque
1093 1583 1344 1616 ornatissimus
1375 1584 1486 1624 fuisse
1510 1584 1692 1617 videatur.

958 1628 1108 1663 Tertius
1145 1632 1271 1663 autem
1296 1630 1426 1669 Quinti
1463 1640 1586 1664 annus
1623 1630 1693 1663 im-

957 1676 1052 1719 perii
1091 1677 1174 1710 eius
1208 1677 1363 1711 ultimus
1403 1679 1506 1720 erat3
1541 1676 1692 1711 Marcus

955 1724 1074 1768 igitur
1107 1724 1256 1758 fabulae
1290 1727 1415 1758 actum
1440 1724 1591 1758 tertium
1615 1733 1693 1756 ma-

957 1771 1092 1804 nifesto
1126 1782 1194 1814 pro
1233 1771 1366 1804 ultimo
1398 1770 1548 1812 habuit,
1585 1781 1692 1814 sepa-

955 1827 1044 1850 rans
1079 1818 1126 1851 ab
1155 1817 1303 1851 actibus
1329 1814 1522 1864 πρόλογον
1546 1820 1584 1851 et
1607 1813 1691 1860 ἕξο-

954 1862 1033 1896 δον.
1081 1863 1237 1909 Alioqui
1262 1865 1353 1898 satis
1382 1864 1611 1898 inconcinne
1637 1865 1692 1899 lo-

956 1913 1064 1945 cutus
1106 1914 1216 1946 esset.
1258 1930 1302 1935 —
1343 1914 1509 1953 spectata
1547 1911 1692 1955 repom]

954 1958 1058 1992 Haec
1098 1969 1188 1993 vera
1229 1962 1286 1993 est
1326 1958 1457 2001 lectio,
1497 1967 1588 1992 non⁴
1610 1967 1692 2000 spe·

956 2008 1108 2049 clanda3
1147 2006 1248 2050 quod
1278 2006 1403 2050 ipsum
1427 2006 1500 2040 iam
1525 2005 1627 2040 inest
1649 2006 1690 2040 in

955 2064 988 2086 v.
1014 2055 1159 2097 reponi3
1188 2053 1370 2096 „fabula‚“
1397 2053 1542 2098 inquit,
1570 2063 1690 2097 „quae

956 2102 1071 2135 semel
1102 2101 1266 2145 placuit,
1307 2101 1377 2135 etsi
1409 2101 1483 2134 iam
1514 2102 1690 2142 spectata,

956 2159 977 2182 a
1002 2149 1143 2193 populo
1175 2148 1300 2182 denuo
1328 2149 1492 2190 poscitur
1516 2157 1561 2182 ao
1584 2155 1691 2189 repo-

954 2197 1055 2229 nitur
1094 2197 1135 2229 in
1176 2206 1307 2237 scena,
1355 2205 1489 2230 rursus
1531 2194 1688 2229 editur.“

954 2244 1011 2277 Sic
1035 2244 1204 2284 fabulam
1227 2245 1359 2276 iterum
1377 2244 1519 2285 referre
1537 2241 1690 2276 Terent.

954 2290 1044 2325 Hec.
1080 2290 1180 2324 Prol.
1210 2293 1248 2332 1,
1274 2291 1306 2323 7.
1356 2289 1431 2324 Sat.
1467 2291 1506 2332 1,
1534 2291 1595 2330 10,
1621 2290 1690 2323 39:

955 2339 1028 2372 Nec
1059 2339 1209 2371 redeant
1244 2339 1376 2372 iterum
1412 2339 1524 2378 alque
1558 2337 1691 2369 iterum

953 2387 1152 2426 spectanda
1177 2386 1338 2418 theatris.

1005 2481 1083 2514 191.
1123 2481 1202 2513 192.
1244 2480 1318 2512 Nec
1354 2481 1442 2512 deus
1479 2477 1568 2520 cet.]
1611 2476 1688 2510 Cic.

954 2527 1036 2562 Nat.
1061 2527 1172 2561 Deor.
1214 2529 1252 2568 1,
1279 2528 1343 2569 20,
1369 2527 1442 2559 53:
1478 2527 1519 2558 ut
1556 2525 1691 2565 traaici

952 2577 1093 2617 poetae,
1136 2582 1217 2607 cum
1259 2574 1442 2614 explicare
1483 2572 1691 2612 araumenti

957 2624 1095 2656 exilum
1119 2630 1192 2654 non
1213 2622 1378 2663 potestis,
1417 2619 1609 2660 consumtis
1640 2619 1690 2652 ad

955 2671 1072 2704 deum.
1123 2668 1204 2708 Qua
1228 2667 1418 2702 solutione
1447 2666 1560 2699 nimis
1584 2664 1687 2699 facili

958 2718 1023 2751 sed
1066 2715 1139 2751 arti
1176 2714 1382 2757 contraria,
1424 2723 1509 2749 cum
1549 2712 1689 2747 solutio
