1774 2930
127 153 214 195 352

602 153 808 188 HORA'I'II
830 152 1178 189 EPISTOLARUM

246 253 317 297 Ad
347 269 465 299 mare
499 269 595 298 cum
625 255 745 308 veni,
777 269 1034 311 generosum
1066 259 1109 298 et
1138 255 1236 299 lene
1266 256 1454 313 requiro,

246 324 371 375 Quod
401 341 524 369 curas
557 326 723 382 abigat,
756 325 874 382 quod
900 339 997 368 cum
1030 340 1107 382 spe
1139 326 1271 370 divite
1300 325 1467 370 manet*

243 397 293 439 In
323 410 456 439 venas
489 397 764 453 animumque
795 411 962 448 meum,
995 397 1109 453 quod
1138 397 1272 440 verba
1299 398 1532 452 ministret,

1591 399 1649 440 20

245 467 370 516 Quod
401 482 471 510 me
501 466 704 511 Lucanae
736 468 937 511 iuvenem
968 468 1235 512 commendet
1266 469 1443 512 amicae.
1477 493 1531 499 -

247 538 429 581 Tractus
460 543 557 581 uter
586 539 733 595 plures
763 539 955 596 lepores,
986 542 1083 582 uter
1113 539 1264 582 educet
1295 554 1440 596 apros,

243 609 352 652 Utra
382 609 519 665 magis
551 611 693 666 pisces
726 614 769 653 et
800 610 973 653 echinos
1006 624 1193 666 aequora
1222 611 1381 665 celent,

243 680 424 737 Pinguis
457 684 506 723 ut
536 681 636 723 inde
668 681 840 723 domum
870 682 1035 737 possim
1063 681 1327 738 Phaeaxque
1357 683 1537 735 reverti,

244 751 440 795 Scribere
472 756 516 795 te
547 752 692 806 nobis,
725 753 804 795 tibi
835 767 914 794 nos
947 752 1172 795 accredere
1201 767 1279 809 par
1309 756 1389 795 est.

1591 753 1647 794 25

243 822 461 877 Maenius,
493 827 540 865 ut
571 823 699 866 rebus
731 824 935 866 maternis
967 828 1095 880 atque
1125 824 1315 880 paternis

242 893 432 937 Fortiter
463 894 702 950 absumptis
734 895 922 937 urbanus
955 895 1095 951 coepit
1124 895 1293 947 haberi,
1350 916 1353 918 ·

125 1034 272 1068 semper
299 1035 434 1068 aquam
460 1023 701 1068 praebeant.“
727 1043 769 1048 —
797 1026 861 1058 Iu-

123 1072 179 1112 ais
212 1071 355 1114 aquae]
391 1071 466 1105 Osr.
504 1071 578 1105 Sat.
614 1073 654 1114 2,
689 1075 729 1113 6,
756 1073 789 1105 2.
818 1091 859 1095 -

121 1119 216 1152 nihil
243 1118 389 1161 moror]
417 1118 547 1162 „Vina
579 1119 685 1153 illius
715 1122 859 1153 tractus

123 1176 207 1199 cum
233 1176 428 1210 asperner,
452 1166 549 1200 nihil
574 1166 621 1200 de
646 1167 693 1200 iis
720 1169 756 1200 te
774 1177 860 1210 per-

123 1216 276 1256 contor;
301 1224 387 1247 nam
413 1214 649 1258 propositum
675 1214 767 1247 mihi
792 1217 860 1255 est,

122 1260 208 1295 aliis
236 1272 349 1305 quam
375 1261 519 1305 asperis
552 1260 629 1294 illis
655 1271 726 1295 nec
751 1260 860 1294 valde

122 1308 320 1353 generosis
357 1308 426 1341 uti.
476 1307 601 1352 Atque
638 1308 678 1342 in
718 1307 859 1342 Sabino

122 1355 274 1400 quidem
308 1366 391 1389 meo
424 1357 583 1397 quidvis,
617 1356 633 1398 (
640 1357 732 1389 alles
755 1357 860 1397 Miiu—

124 1403 246 1446 liche,)
266 1403 387 1437 omnis
406 1403 557 1448 generis
576 1403 681 1437 cibos
700 1414 742 1437 ac
759 1403 860 1446 vina,

121 1450 292 1495 perferre
334 1460 487 1495 possum
525 1453 680 1494 propter
722 1453 860 1493 aerem,

123 1497 188 1542 qui
208 1497 492 1532 concoctionem
510 1498 625 1539 iuvat,
652 1500 689 1531 et
705 1500 860 1542 propter

120 1545 342 1590 frequentes
368 1545 439 1579 sub
458 1544 544 1579 divo
563 1545 859 1579 ambulationes:

122 1596 255 1626 contra
280 1603 349 1637 per
374 1593 545 1635 hiemem,
573 1603 658 1626 cum
685 1603 859 1637 magnam

121 1639 198 1674 diei
224 1643 369 1684 partem
400 1642 605 1674 contractus
635 1641 715 1681 leqo
739 1639 859 1684 (Epp.

123 1689 154 1730 1,
173 1690 206 1729 7,
227 1687 310 1730 12.)‚
328 1687 459 1721 vinum
477 1695 694 1729 qenerosam
720 1687 758 1730 (a
774 1688 859 1721 loco

121 1737 159 1769 et
182 1735 282 1778 vite)
308 1746 351 1769 ac
380 1736 457 1768 lene
492 1735 562 1778 (ab
591 1737 710 1768 aetate
738 1737 775 1768 et
800 1746 859 1769 sa-

119 1792 225 1826 pore,
250 1784 292 1816 ut
319 1783 416 1816 lenia
441 1783 662 1816 Surrentina
684 1781 807 1815 Persii
826 1784 859 1823 3,

120 1829 193 1872 93.)
219 1829 388 1874 requiro,
414 1828 515 1873 quod
537 1829 597 1863 vel
622 1839 768 1862 mecum
795 1839 858 1873 ap-

119 1876 277 1921 portabo
312 1876 372 1910 vel
396 1876 451 1910 ibi
485 1886 638 1920 quoque
669 1875 858 1919 reperiam

117 1924 158 1958 in
184 1924 259 1957 alia
283 1923 442 1969 regione
467 1926 620 1965 natum,
653 1934 675 1957 a
699 1924 857 1967 propola

120 1972 351 2016 empturus.“
380 1990 423 1994 —
451 1979 533 2004 cum
561 1980 623 2012 spe
650 1970 781 2013 divite]
806 1970 857 2004 Ut

120 2019 244 2053 solent
268 2018 365 2052 bene
390 2018 469 2062 poti
488 2018 715 2052 laetissimas
742 2028 856 2062 quas-

120 2076 194 2110 que
220 2076 306 2110 spes
334 2066 546 2110 concipere.
572 2066 733 2099 Divitem
751 2076 855 2109 spem

118 2116 227 2148 vocat
271 2112 454 2147 Horatius
503 2112 636 2146 ἐλπίδα
684 2108 857 2145 δάπανον

120 2158 238 2202 φύσει
262 2160 432 2206 Thucyd.
460 2163 500 2203 5,
536 2162 614 2194 103.
665 2159 771 2194 Conf.
798 2160 855 2193 Si-

119 2208 162 2242 lii
201 2211 240 2251 3,
279 2210 367 2243 512:
406 2209 595 2250 promissis
633 2209 777 2242 ditibus.
811 2226 856 2231 --

122 2257 225 2297 Quod
249 2264 306 2289 me
331 2257 504 2289 Lucanae
531 2255 617 2298 cet.]
645 2254 776 2297 „Quod
802 2255 855 2287 vi-

119 2313 182 2337 res
207 2306 372 2347 praestet
389 2303 429 2336 in
451 2313 629 2336 venerem
648 2305 685 2335 et
702 2305 855 2346 propter

118 2351 191 2384 11οο
215 2353 363 2395 gratum
389 2361 447 2384 me
474 2349 610 2383 reddat
635 2349 780 2396 ἑταίρᾳ,
815 2352 856 2383 ut

119 2397 151 2432 si
169 2397 318 2432 iuvenis
333 2397 550 2431 etiamnunc
565 2397 720 2430 essem.“
740 2396 856 2431 Recte

118 2444 290 2478 Diintzer
338 2447 462 2486 notat,
511 2444 663 2488 proprie
709 2443 855 2477 Veliam

120 2491 312 2526 dumtaxat
337 2492 579 2525 Lucanorum
604 2491 724 2525 fuisse
750 2492 857 2536 oppi-

119 2539 228 2582 dum,
259 2538 458 2573 Salernum
483 2538 784 2572 Picentinorum.
813 2557 854 2562 -—

120 2586 255 2629 apros]
282 2586 357 2620 Cfr.
385 2586 460 2619 Sat.
488 2587 528 2628 2,
563 2588 603 2621 8,
631 2588 663 2619 6.
691 2605 735 2609 -
763 2587 857 2619 echi-

119 2634 200 2677 nos]
225 2634 404 2668 marinos.
455 2632 563 2667 conf.
590 2632 707 2677 Epod.
733 2635 774 2675 5,
801 2635 857 2666 27.

118 2682 255 2715 Athen.
281 2683 314 2724 3,
339 2684 404 2715 41:
428 2678 571 2721 Ἐχῖνοι
595 2677 692 2723 μετὰ
718 2677 859 2723 ὀξυμέ-

121 2727 224 2771 λιτος
237 2724 530 2772 λαμβανόμενοι
542 2729 608 2760 καὶ,
621 2727 774 2761 σελίνου
793 2729 859 2760 καὶ

910 1021 1112 1067 ἡδυόσμου
1148 1025 1163 1066 (
1175 1025 1463 1068 Garlemnilnze)
1497 1024 1647 1069 γλυκεῖς

910 1081 949 1104 τε
984 1074 1048 1104 καὶ
1081 1068 1247 1112 εὔχυλοι.
1275 1091 1318 1096 -
1345 1072 1517 1115 ΡΙιαοαω]
1550 1071 1645 1117 Epp.

912 1121 952 1161 1,
980 1120 1021 1161 2,
1048 1121 1115 1153 28:
1149 1120 1366 1160 Alcinoique
1391 1121 1438 1152 In
1471 1122 1551 1153 cale
1583 1129 1646 1153 ca-

908 1168 1029 1200 randa
1060 1168 1144 1208 plus
1180 1175 1299 1208 aequo
1331 1169 1487 1208 operata
1519 1168 1646 1200 iuven-

909 1216 979 1247 tus.
999 1233 1040 1238 —
1062 1213 1268 1257 accredere]
1295 1213 1472 1256 „credere
1489 1216 1646 1258 propter

909 1260 949 1294 id
983 1260 1128 1305 ipsum,
1163 1260 1264 1305 quod
1298 1263 1341 1295 tu
1374 1261 1523 1295 sincere
1552 1261 1646 1295 mihi

910 1318 1076 1352 expones
1114 1319 1242 1342 rerum
1277 1308 1432 1342 illarum
1473 1308 1644 1342 statum.“

910 1354 1078 1389 Verbum
1105 1358 1162 1389 est
1187 1356 1260 1395 iam
1278 1355 1495 1389 Plautinum
1522 1355 1643 1398 (Asin.

910 1403 942 1444 3,
969 1405 1009 1444 3,
1035 1402 1126 1445 37.),
1152 1401 1422 1437 Lucretianum
1448 1403 1512 1446 (3,
1537 1403 1645 1446 869.)‚

910 1449 1130 1484 Tullianum
1158 1450 1228 1492 (ad
1252 1450 1328 1484 Att.
1354 1453 1389 1493 6,
1415 1451 1448 1492 2,
1474 1450 1537 1492 3.).

959 1499 1078 1531 26-32.
1103 1497 1292 1540 Maenius]
1319 1496 1413 1531 Cum
1431 1507 1472 1531 se
1495 1507 1565 1542 per
1590 1497 1645 1531 io·

910 1555 994 1578 cum
1021 1547 1062 1579 ut
1096 1544 1321 1579 deliciarum
1353 1544 1552 1579 admodum
1581 1554 1646 1579 cu-

908 1592 1039 1636 pidum
1077 1602 1121 1626 ac
1154 1603 1272 1637 prope
1308 1592 1547 1626 luxuriosum
1580 1591 1646 1626 de-

909 1639 1147 1684 scripsisset,
1195 1639 1352 1673 subiicit
1392 1638 1556 1684 lepidam
1597 1638 1644 1672 de

907 1686 1057 1721 Maenio
1082 1686 1417 1728 narratiunculam,
1443 1697 1518 1730 qua
1542 1685 1643 1720 dele·

908 1737 984 1768 ctet
1015 1733 1269 1768 Numenium:
1309 1732 1551 1776 „Nimirum“,
1584 1733 1643 1766 in-

909 1781 1003 1825 quit,
1031 1791 1122 1825 „ego
1148 1791 1232 1814 sum
1249 1790 1366 1824 prope
1391 1779 1527 1814 similis
1543 1779 1644 1814 Mae-

907 1828 963 1861 nii
988 1827 1187 1861 Pantolabi
1214 1827 1356 1869 illius“,
1383 1826 1429 1860 de
1455 1837 1529 1871 quo
1555 1827 1642 1862 vide

908 1875 983 1908 Sat.
1013 1878 1044 1916 1,
1073 1876 1103 1915 1,
1131 1876 1209 1908 101.
1237 1877 1274 1908 et
1294 1877 1326 1916 1,
1351 1876 1385 1916 3,
1411 1876 1639 1908 21.——For—

906 1921 1010 1964 liter]
1039 1924 1234 1965 „strenue‚
1259 1921 1454 1966 impigre“,
1480 1922 1562 1954 κατ’
1589 1923 1642 1955 εἰ-

906 1970 1078 2016 ρωνείαν.
1126 1969 1231 2003 Pers.
1271 1971 1313 2011 6,
1349 1971 1414 2002 21:
1455 1969 1512 2002 hic
1545 1970 1642 2002 bona

906 2018 1010 2050 dente
1052 2017 1219 2050 Grandia
1259 2017 1517 2057 maananimas
1555 2024 1642 2058 per-

906 2065 982 2105 aqu
997 2073 1101 2105 puer.
1121 2083 1164 2087 —
1183 2063 1361 2107 urbanas]
1387 2061 1554 2105 ἀστεῖος,
1577 2061 1643 2096 εὐ-

905 2108 1111 2158 τράπελος,
1151 2111 1307 2154 „dicax,
1345 2111 1410 2155 qui
1447 2110 1528 2144 risu
1564 2121 1642 2144 mo-

905 2159 1026 2193 vendo
1054 2158 1127 2193 sibi
1145 2158 1192 2192 ad
1219 2158 1377 2192 divitum
1393 2168 1544 2192 mensas
1561 2158 1642 2192 adi-

906 2209 986 2240 tum
1033 2206 1218 2251 pararet.“
1278 2205 1459 2239 Similiter
1503 2205 1640 2239 Catull.

905 2255 962 2296 22,
989 2255 1029 2287 2:
1054 2254 1346 2287 Homo--dicaae
1371 2255 1403 2286 el
1428 2254 1642 2286 urbanus--

905 2302 968 2342 qui
992 2302 1098 2334 modo
1122 2301 1527 2334 scurra--viaebatun
1562 2299 1639 2333 Cfr.

904 2347 998 2393 Epp.
1026 2351 1058 2390 1,
1084 2350 1116 2390 9,
1144 2350 1199 2381 11.
1218 2366 1261 2371 --
1287 2350 1424 2381 ceriam
1444 2346 1638 2390 praesepe]

906 2396 1046 2430 comice
1071 2405 1142 2439 pro
1175 2405 1324 2437 mensa3
1360 2405 1459 2437 „non
1485 2397 1528 2428 ut
1552 2393 1642 2428 Vol·

906 2443 1006 2477 teius
1031 2442 1142 2476 Mena
1158 2441 1339 2486 Philippi,
1364 2442 1419 2476 sic
1445 2441 1544 2476 alius
1569 2440 1640 2474 viri

905 2490 1090 2535 principis
1107 2489 1281 2523 Maenius
1307 2491 1389 2523 erat
1412 2491 1531 2522 certas
1556 2495 1640 2521 con-

904 2539 989 2571 viva
1019 2537 1134 2581 (Epp.
1164 2539 1202 2578 1,
1229 2538 1270 2578 7,
1296 2537 1389 2579 75.)‚
1424 2535 1491 2570 sed
1522 2542 1638 2576 vanus

905 2585 1014 2619 modo
1041 2583 1142 2628 apud
1173 2583 1292 2625 hunc,
1325 2582 1435 2617 modo
1469 2580 1568 2625 apud
1594 2580 1640 2614 il-

906 2633 986 2666 lum
1020 2631 1211 2665 cenabat.“
1265 2630 1325 2664 Sic
1354 2629 1465 2664 etiam
1493 2628 1639 2662 Graeci.

907 2679 1037 2723 Eurip.
1062 2677 1264 2723 Eurysthei
1281 2677 1342 2711 Fr.
1361 2679 1401 2711 6:
1426 2672 1475 2720 ἤν
1500 2687 1556 2718 τις
1581 2674 1641 2709 οἴ-

906 2738 985 2760 κων
1002 2725 1190 2760 πλουσίαν
1207 2721 1279 2769 ἔχῃ
1295 2720 1459 2767 φάτνην.
1481 2723 1640 2758 Plautus
