1774 2930
140 150 227 192 230

640 151 849 187 HORATH
874 152 1160 188 sATmARUM

257 250 539 308 Romanoque
570 253 737 307 habitu,
770 253 916 310 prodis
950 268 1006 297 ex
1035 255 1177 298 iudice
1206 256 1348 300 Dama

260 322 433 379 Turpis,
466 323 689 366 odoratum
721 328 849 380 caput
881 325 1136 369 obscurante
1165 326 1352 381 lacerna,

1606 329 1668 371 55

257 392 354 435 Non
387 408 447 447 eS,
480 394 593 450 quod
626 395 834 437 simulas?
863 395 1061 438 Metuens
1093 397 1308 441 induceris
1340 402 1470 454 atque

258 463 506 507 Altercante
537 465 788 508 libidinibus
819 467 968 509 tremis
1002 482 1103 510 ossa
1131 483 1305 524 pavore.

259 535 372 583 Quid
404 535 554 590 refert,
586 533 672 590 uri,
705 537 839 592 virgis
871 538 1071 595 ferroque
1101 540 1246 582 necari

257 605 516 648 Auctoratus
551 621 637 660 eaS,
671 622 726 649 an
756 609 872 664 turpi
905 609 1075 651 clausus
1107 611 1154 651 in
1186 625 1298 664 arca,

259 676 353 725 Quo
385 681 427 719 te
459 678 631 720 demisit
661 679 827 734 peccati
860 681 1031 722 conscia
1060 681 1225 735 herilis,

258 747 535 791 Contractum
567 750 748 804 genibus
778 754 931 806 tangas
965 752 1123 808 caput?
1155 751 1294 794 Estne
1324 752 1478 794 marito

256 819 476 862 Matronae
508 821 725 876 peccantis
757 822 802 862 in
835 822 959 864 ambo
991 823 1105 864 iusta
1134 823 1360 879 potestas?

254 890 305 932 In
337 894 629 947 corruptorem
659 893 729 934 vel
761 893 927 935 iustior.

137 1023 361 1064 coopertus,
395 1031 442 1054 ne
467 1022 717 1066 agnoscere.“
768 1021 877 1055 Lam-

137 1066 274 1100 binus:
319 1067 431 1109 „Non
465 1070 554 1102 sunt
582 1069 674 1103 haec
700 1069 754 1103 ita
778 1070 876 1102 acci-

136 1114 287 1158 pienda,
326 1115 436 1160 quasi
473 1115 652 1150 Horatius
691 1116 876 1161 significet

137 1172 177 1195 se
215 1162 381 1206 equitem
421 1174 503 1197 esse
540 1163 771 1205 Romanum,
810 1164 876 1197 sed

137 1218 181 1242 eo
207 1209 387 1243 dicuntur
420 1213 586 1253 tantum,
626 1222 700 1255 quo
733 1211 875 1244 intelli-

136 1266 288 1301 gamus,
321 1257 526 1302 plerosque
553 1258 724 1292 dominos
757 1258 875 1292 servis

137 1303 217 1337 suis
245 1314 327 1338 esse
354 1304 563 1339 deteriores
590 1308 628 1338 et
659 1305 875 1349 nequiores.

136 1349 242 1384 Haec
283 1352 400 1396 igitur
441 1352 557 1386 verba
598 1353 791 1396 pertinent
830 1352 876 1386 ad

137 1408 266 1432 omnes
302 1400 474 1434 dominos
508 1399 656 1433 nobiles
691 1403 728 1433 et
759 1400 878 1434 hono-

136 1446 274 1480 ratos.“
287 1465 331 1470 -—
342 1447 550 1490 odoratum]
570 1446 663 1481 Cum
681 1448 877 1491 ceteroqui

135 1492 185 1526 sit
201 1493 333 1528 habitu
352 1494 492 1535 servili,
518 1497 800 1539 unguentorum
825 1497 879 1528 ta-

135 1551 220 1573 men
254 1541 368 1575 odore
402 1542 553 1585 placere
578 1542 656 1576 volt
686 1542 878 1576 moechae.

135 1606 182 1611 -—
197 1589 279 1621 Νοη
298 1597 332 1621 es
351 1588 438 1631 cet.]
459 1588 614 1630 „Nonne
634 1592 724 1623 tunc
743 1600 876 1633 reapse

137 1645 197 1677 es,
232 1635 334 1679 quod
361 1638 396 1669 te
423 1646 505 1670 esse
534 1637 707 1678 simulas,
743 1647 875 1670 servus

136 1683 326 1726 nequam?
340 1683 356 1700 “
373 1702 416 1706 ——
430 1684 640 1717 Altercame
665 1683 750 1726 ceta]
779 1695 876 1727 „pu-

136 1733 275 1773 gnante
298 1730 504 1764 identidem
521 1741 659 1775 pavore
678 1741 763 1764 cum
788 1731 872 1764 libi-

135 1777 243 1818 dine,
278 1778 339 1811 cui
366 1779 541 1812 resistere
567 1789 643 1811 non
671 1778 774 1821 quis,
808 1789 871 1811 us-

136 1835 210 1868 que
227 1824 274 1858 ad
293 1835 378 1859 ossa
395 1826 558 1859 tremis.“
577 1844 619 1848 ——
635 1826 755 1857 tremis
774 1825 871 1867 ossa]

135 1870 241 1916 Virg.
269 1871 405 1917 Georg.
431 1874 463 1914 3,
491 1874 558 1905 84:
583 1874 694 1905 micat
719 1873 872 1905 auribus

136 1917 295 1963 (pullus)
323 1922 355 1952 et
381 1920 502 1952 tremit
527 1922 641 1952 artus.

184 2014 336 2047 58v60.
373 2014 467 2055 Quid
493 2015 605 2055 refert
631 2013 714 2056 cet.]
743 2013 873 2055 „Quid

134 2061 311 2101 interest,
343 2062 470 2094 utrum
496 2060 720 2105 gladiatorio
749 2071 871 2094 sacra-

134 2111 260 2141 mento
279 2107 452 2142 addictus
471 2108 523 2142 sis
550 2108 722 2149 lanistae,
747 2108 809 2142 oui
835 2111 872 2142 te

135 2156 411 2196 auctoraverisx,
456 2166 504 2188 an
548 2156 673 2189 cet.‘?“
739 2155 871 2197 „Inter

135 2202 381 2247 gladiatorem
399 2203 674 2246 moechumque
693 2202 790 2235 nihil
815 2203 873 2235 in-

135 2251 263 2283 terest.
314 2249 362 2283 Et
386 2251 478 2284 haec
504 2250 618 2284 verba
644 2253 733 2284 sunt
757 2250 872 2284 verba

135 2306 277 2339 eorum,
296 2298 362 2341 qui
379 2297 605 2341 gladiatores
624 2299 765 2339 emunt,
783 2307 872 2331 con-

135 2342 305 2378 diciones
336 2345 632 2388 proponentium
666 2345 805 2388 quibus
832 2355 872 2379 se

93 2398 99 2401 ⁷
135 2390 318 2433 venda-nt3
363 2392 559 2425 cautiones
597 2392 697 2424 enim
741 2391 873 2425 huius-

134 2437 234 2471 modi
261 2438 472 2472 faciebant:
506 2440 568 2472 uri
593 2440 765 2480 flammis,
796 2440 871 2471 vir-

136 2486 190 2526 qis
226 2487 362 2527 secari,
401 2487 502 2526 ferro
540 2486 697 2519 necari.“
748 2486 871 2519 Aeno.

135 2531 286 2566 Petron.
306 2534 391 2566 117:
419 2535 465 2565 In
486 2535 599 2566 verba
619 2534 791 2574 Eumolpi
813 2542 871 2566 sa-

135 2581 359 2613 cramentum
383 2581 594 2621 iuravimus,
621 2582 696 2622 uri,
727 2581 872 2622 vinc-iri,

135 2628 323 2660 verberari
347 2628 521 2668 ferroque
546 2629 682 2660 necari.
731 2627 873 2661 Seneca

135 2672 253 2717 Epist.
281 2675 348 2707 37:
383 2675 482 2707 illius
515 2675 716 2715 turpissimi
746 2677 872 2707 aucto-

136 2722 293 2754 ramenti
324 2722 435 2754 verba
467 2723 575 2753 sunt:
612 2723 690 2763 uri,
728 2722 871 2763 vinciri,

988 894 1068 936 Illa
1097 897 1243 936 tamen
1276 908 1323 936 se

925 1025 1096 1064 ferroque
1133 1025 1271 1057 necari.
1322 1023 1474 1066 (Iuven.
1515 1024 1576 1064 11,
1614 1024 1662 1056 8:

927 1071 1021 1111 leqes
1057 1073 1088 1103 et
1121 1072 1226 1112 reaia
1258 1072 1369 1104 verba
1409 1070 1591 1112 lanistae.)
1618 1089 1661 1093 —

924 1117 1010 1159 uri]
1058 1117 1243 1162 imprimis
1284 1117 1425 1152 lamina
1465 1116 1661 1151 candente.

923 1164 999 1197 Alii
1027 1165 1111 1198 coll.
1136 1164 1230 1209 Epp.
1258 1167 1297 1207 1,
1325 1166 1386 1206 16,
1410 1165 1468 1197 47.
1498 1164 1664 1209 iungunt

924 1213 985 1245 uri
1000 1213 1127 1253 vir-qis.
1140 1231 1186 1236 -—
1204 1213 1344 1253 vin-ais·
1355 1211 1496 1254 necari]
1524 1221 1664 1256 „prope

925 1259 972 1293 ad
1009 1262 1166 1293 mortem
1202 1258 1427 1293 verberari.“
1477 1258 1662 1292 Infinitivi

925 1306 1093 1350 pendent
1124 1318 1147 1340 a
1176 1317 1210 1339 v.
1236 1307 1471 1347 auctoratus,
1511 1305 1664 1350 „pretio

926 1356 1079 1398 accepto
1122 1355 1254 1398 sponte
1295 1353 1367 1387 hoc
1407 1352 1589 1387 iuratus.“
1616 1371 1662 1376 -

927 1401 1003 1443 eas]
1028 1403 1068 1434 ut
1093 1409 1176 1434 ‘no-3:
1207 1402 1275 1434 als
1301 1400 1544 1434 G—ladiator
1569 1400 1665 1433 ein·

926 1449 1148 1490 heraclus,
1173 1458 1242 1492 pro
1267 1449 1326 1481 sis.
1342 1446 1667 1489 —turpi--arcal

928 1495 1072 1537 „cista‚
1106 1506 1203 1540 quae
1235 1495 1346 1529 anxie
1379 1493 1664 1539 quaerentibus,

926 1542 992 1576 ubi
1018 1545 1053 1576 te
1081 1542 1276 1584 occulant,
1300 1542 1424 1586 prima
1448 1552 1488 1576 se
1514 1541 1662 1583 obtulit,

926 1590 991 1623 vili
1017 1590 1176 1624 fortasse
1209 1589 1298 1624 usui
1328 1588 1551 1623 destinata.“
1602 1587 1663 1622 Sic

926 1637 1026 1681 apud
1058 1637 1169 1681 Apul.
1199 1636 1347 1670 Metam.
1373 1638 1415 1679 9,
1440 1639 1474 1670 5.
1507 1635 1666 1669 moecha

926 1684 1139 1718 adulterum
1164 1685 1274 1726 dolio,
1306 1685 1403 1724 quod
1427 1685 1507 1716 crat
1531 1683 1571 1717 in
1595 1690 1663 1715 an-

922 1732 1008 1772 qulo
1020 1732 1280 1764 semiobrutum
1295 1731 1358 1763 sed
1375 1731 1472 1763 alias
1490 1737 1660 1771 vacuum,

922 1779 1197 1811 dissimulanter
1222 1778 1420 1811 abscondit.
1448 1795 1491 1800 ——-
1517 1777 1660 1810 demisit

923 1825 1008 1867 cet.]
1037 1824 1232 1866 „detrusit
1255 1824 1328 1866 ita,
1360 1827 1404 1857 ut
1428 1823 1551 1868 capite
1576 1831 1660 1856 con-

921 1874 1049 1913 tracto,
1075 1874 1241 1914 curvato,
1266 1882 1391 1916 genua
1415 1871 1582 1916 tangas.“

969 1921 1091 1952 61-64.
1116 1921 1226 1952 Estne
1252 1918 1338 1961 cet.]
1367 1918 1530 1960 „Nonne
1555 1920 1663 1962 pote-

922 1969 996 2000 stas
1015 1969 1072 2000 est
1094 1966 1228 2000 marito
1253 1965 1413 2000 necandi
1439 1969 1477 1998 et
1500 1975 1659 1998 uxorem

922 2017 959 2047 et
994 2014 1198 2047 moechum·
1227 2013 1268 2046 in
1301 2012 1490 2047 adulterio
1528 2011 1662 2056 depre—

921 2061 1114 2094 hensos?“
1165 2060 1222 2093 Ex
1255 2060 1412 2104 antiquo
1438 2061 1541 2093 certe
1574 2059 1660 2092 iure

920 2107 1089 2142 Romano
1108 2109 1195 2142 ante
1208 2107 1329 2152 legem
1340 2107 1477 2141 Iuliam
1489 2106 1535 2140 de
1551 2105 1663 2140 adul-

922 2155 1018 2189 terio
1037 2156 1162 2189 latam.
1187 2154 1235 2188 M.
1255 2154 1347 2189 Cato
1365 2153 1466 2199 apud
1485 2152 1582 2188 Gen.
1602 2155 1659 2196 10,

922 2204 986 2245 23,
1012 2205 1057 2236 5:
1096 2204 1143 2235 In
1167 2203 1350 2235 adulterio
1375 2209 1531 2235 umorem
1555 2203 1660 2234 tuam

921 2252 952 2282 si
977 2251 1286 2291 deprehendisses,
1319 2250 1397 2282 sine
1430 2249 1566 2282 iudicio
1590 2249 1659 2280 im-

918 2305 1018 2338 pune
1042 2305 1203 2330 necares.
1241 2295 1404 2339 „Tamen
1428 2296 1502 2330 hoc
1525 2295 1660 2337 fateor,

922 2355 965 2378 eo
992 2355 1121 2378 severo
1148 2345 1232 2377 iure
1257 2353 1439 2387 perquam
1469 2352 1555 2376 raro
1581 2352 1658 2375 ma-
1697 2357 1706 2366 .

921 2391 1014 2424 ritos
1048 2399 1149 2433 usos3
1186 2390 1432 2434 moribusque
1464 2391 1656 2433 receptum

921 2438 1081 2479 videtur,
1105 2440 1146 2471 ut
1169 2437 1376 2471 adulteram
1400 2436 1499 2480 apud
1520 2446 1658 2481 cogna-

922 2488 979 2519 tos
1018 2484 1224 2518 convictam
1262 2484 1371 2517 domo
1410 2483 1541 2517 saltem
1579 2483 1656 2517 exi-

921 2534 1055 2577 gerent
1063 2531 1343 2575 multarontque
1359 2530 1478 2565 dote.“
1499 2529 1655 2563 LIPSIUS

922 2580 968 2613 ad
1002 2579 1088 2612 Tac.
1113 2579 1211 2612 Ann.
1237 2580 1278 2620 4,
1304 2579 1362 2612 42.
1391 2597 1434 2602 —
1461 2578 1535 2611 Illa
1570 2577 1655 2620 cet]

925 2626 1110 2669 „Moecha
1134 2630 1235 2659 certe
1266 2636 1342 2659 non
1375 2624 1546 2658 habitum
1577 2634 1660 2658 ma·

922 2673 1106 2707 tronalem
1125 2683 1209 2706 cum
1228 2672 1357 2706 servili
1374 2674 1504 2713 mutat,
1529 2681 1655 2716 neque

922 2721 1078 2755 aedibus
1097 2719 1311 2754 clanculum
1329 2718 1415 2759 exit,
1439 2721 1483 2752 ut
1500 2720 1537 2751 te
1555 2717 1656 2752 domi
