1774 2930
163 153 247 194 314

283 253 474 311 Occupat
505 259 548 298 et
579 256 744 298 salvere
775 255 895 298 iubet
924 256 1054 312 prior.

631 153 839 188 HORATII
862 154 1211 190 EPISTOLARUM

1115 257 1194 299 Π16
1224 256 1426 314 Philippo

278 325 500 368 Excusare
531 326 722 368 laborem
754 329 797 368 et
827 327 1120 369 mercennaria
1148 328 1307 382 vincla,

282 396 405 444 Quod
427 411 513 439 non
534 411 661 439 mane
683 397 857 439 domum
876 398 1085 452 venisset,
1118 398 1320 455 denique,
1353 399 1466 456 quod
1486 414 1571 442 non

279 468 545 510 Providisset
577 483 687 511 611111.
752 468 823 510 Sic
854 469 1073 524 ignovisse
1102 473 1252 525 putato

279 539 350 581 Me
380 539 479 592 tibi,
513 539 550 580 si
583 554 710 582 cenas
742 539 870 582 hodie
901 554 1080 582 mecum.
1142 540 1200 582 Ut
1229 541 1349 583 libet.

1409 540 1528 597 Ergo
1626 543 1682 583 70

278 610 385 652 Post
415 624 571 652 nonam
601 611 773 664 venies,
805 625 920 653 1111116
950 612 985 665 1,
1017 626 1109 654 rem
1141 616 1340 654 strenuus
1372 627 1495 668 auge.

279 681 335 723 Ut
366 685 543 723 ventum
575 682 628 723 ad
661 696 809 724 cenam
841 686 927 736 est,
960 682 1142 736 dicenda
1171 683 1352 725 tacenda
1380 684 1547 726 locutus

281 752 475 795 Tandem
507 753 735 795 dormitum
768 753 1010 794 dimittitur.
1044 740 1156 796 'Hic
1187 754 1262 796 ubi
1294 769 1424 811 saepe

281 823 505 866 Occultum
535 825 653 866 visus
687 824 911 867 decurrere
942 825 1072 880 piscis
1106 824 1161 867 ad
1190 825 1365 867 hamum

278 895 405 938 Mane
436 895 568 938 6116116
602 900 645 938 61
676 896 762 937 iam
795 900 935 938 certus
969 896 1167 950 conviva,
1200 896 1371 939 iubetur

1626 897 1683 938 75

279 965 398 1008 Rura
429 966 674 1008 suburbana
703 966 874 1008 indictis
910 981 1051 1009 comes
1083 967 1145 1019 ire
1175 967 1359 1009 Latinis.

160 1075 279 1106 erant.
331 1072 447 1106 Tacit.
474 1072 572 1107 Dial.
600 1075 643 1106 7:
680 1074 806 1114 voleus
831 1074 898 1105 im-

156 1121 317 1160 peritum
355 1123 386 1153 et
423 1121 606 1154 tunicatus
644 1121 699 1153 1116
728 1121 898 1162 populus.

158 1165 288 1200 Iuven.
308 1169 340 1209 3,
361 1169 425 1200 171
443 1178 451 1200 ε
478 1169 572 1200 Pars
598 1176 737 1209 mamea
762 1169 898 1201 Italiae

160 1216 230 1256 est,
264 1215 296 1247 si
319 1223 447 1248 verum
482 1216 726 1257 admittimus,
759 1217 798 1248 in
825 1223 898 1255 qua

158 1262 273 1294 Nemo
311 1264 434 1303 toqam
469 1264 579 1295 sumit
617 1263 687 1295 nisi
723 1265 898 1295 mortuus.

161 1327 202 1331 —
232 1308 385 1351 scruta]
430 1320 554 1354 „quas
595 1310 730 1354 volgus
773 1311 900 1350 qrutas

159 1356 300 1390 vocat.“
353 1356 482 1390 COMM.
509 1356 650 1400 CRUQ..;
688 1357 788 1390 unde
823 1357 896 1391 cla-

157 1404 238 1437 rius
271 1404 383 1438 etiam
416 1405 540 1438 6111661
571 1404 744 1460 vocabuli
770 1403 895 1438 Latini

159 1452 332 1496 cognatio
360 1462 444 1485 cum
472 1451 535 1486 Gr.
561 1448 586 1495 ἦ
612 1448 742 1507 γρύτη.
759 1470 806 1475 -
831 1453 896 1485 Oc-

158 1499 283 1541 cupat]
316 1496 460 1540 φθάνει
485 1497 791 1554 προσαγοοεύεῖνι.
835 1499 898 1532 Se-

159 1556 254 1580 neca
282 1546 431 1591 Thyest.
458 1549 546 1580 270:
572 1549 656 1589 hoc,
684 1548 813 1589 anime,
841 1555 898 1579 oc-

158 1601 271 1635 cupa:
301 1605 370 1636 „ne
397 1595 461 1628 1116
488 1595 601 1628 faciat
626 1594 764 1638 priorf‘
816 1593 895 1627 Liv.

159 1641 222 1682 21,
266 1643 332 1675 39;
386 1643 584 1684 occupavit
622 1644 743 1682 tamen
778 1643 896 1682 Scipio

158 1690 299 1722 Padum
330 1691 512 1723 traiicere.
540 1709 583 1713 —
609 1691 751 1723 salvere
783 1688 895 1731 iubet]

157 1734 251 1779 Epp.
281 1739 313 1779 1,
341 1739 395 1778 10,
424 1739 465 1770 1:
490 1738 648 1770 Fuscum
672 1737 815 1769 salvere
839 1737 896 1768 iu-

159 1783 292 1816 bemus.
334 1783 410 1817 Cic.
437 1784 482 1818 ad
509 1784 583 1817 Att.
611 1786 718 1826 4,14,
737 1785 775 1816 2:
806 1784 895 1816 Dio-

158 1831 301 1870 nysium
331 1832 414 1864 iube
444 1832 602 1872 salvere3
641 1831 751 1864 etiam
786 1830 895 1863 abso-

158 1876 237 1910 lute
263 1879 381 1911 iubet).
410 1878 560 1911 Terent.
586 1878 703 1910 Andr.
730 1879 762 1919 3,
789 1879 822 1919 3,
851 1880 894 1910 1:

157 1926 271 1957 Iubeo
298 1926 526 1959 Chremetem.
555 1944 597 1948 -
624 1927 812 1959 Eoecusare
842 1925 894 1957 la-

159 1971 295 2015 borem]
320 1971 454 2006 Nobis:
482 1983 682 2015 „excusare
693 1983 732 2006 66
742 1974 895 2016 propter

156 2018 372 2062 laborem;“
413 2020 479 2054 sed
511 2019 607 2053 illud
640 2020 822 2064 frequens
854 2019 892 2052 in

158 2067 434 2101 consuetudine
457 2066 604 2101 Latina.
637 2067 713 2100 Cic.
731 2066 896 2110 Philipp.

158 2116 191 2156 9,
218 2117 250 2156 4,
278 2116 318 2148 8:
347 2123 522 2148 eoecusare
547 2117 723 2148 morbum.
742 2133 789 2137 —
805 2122 898 2147 mer-

158 2163 336 2195 cennaria
360 2161 494 2206 vincla]
523 2162 807 2205 „necessitatem
833 2172 898 2194 au-

159 2209 348 2243 ctionibus
375 2220 526 2254 operam
560 2209 692 2252 dandi,
726 2220 794 2254 pro
822 2220 898 2253 qua

159 2267 273 2300 opera
292 2260 431 2291 certam
457 2257 667 2291 mercedem
690 2257 897 2301 accipiebat

158 2303 203 2337 ab
230 2304 294 2346 iis,
328 2305 394 2349 qui
420 2304 768 2338 auctionabanturst
821 2303 896 2337 Sat.

159 2353 198 2393 1,
226 2353 265 2393 6,
292 2353 347 2385 87.
388 2371 429 2376 ——
468 2351 710 2394 providisset]
761 2351 896 2395 „prius

160 2408 243 2431 611111
264 2398 419 2433 vidisset
445 2410 487 2433 ac
513 2399 746 2434 salutasset.“
773 2398 896 2432 Plaut.

159 2445 264 2479 Asin.
294 2447 332 2488 2,
351 2449 389 2488 4,
409 2449 476 2479 44:
503 2448 586 2481 Νοη
610 2448 729 2480 hercle
755 2449 788 2479 te
811 2455 897 2487 pro-

157 2494 343 2526 videram.-
380 2503 531 2537 quaeso,
566 2503 611 2527 ne
642 2495 731 2527 vitio
761 2496 895 2527 varlas.

159 2540 310 2575 Terent.
334 2540 451 2574 Andr.
480 2544 511 2583 1,
536 2543 568 2583 2,
595 2543 658 2574 12;
684 2543 808 2574 Herus
835 2543 896 2583 est,

158 2597 273 2628 neque
289 2589 533 2629 provideram.
554 2607 595 2611 —
614 2589 687 2631 Sic]
717 2599 782 2631 „ea
809 2598 896 2621 con-

159 2635 343 2670 dicione.“
372 2655 414 2659 —
445 2637 487 2667 Ul
514 2635 622 2677 libet]
656 2635 816 2669 Diversa
847 2636 896 2669 si-

159 2683 250 2728 gnif.
278 2694 299 2716 a
323 2695 357 2716 v.
386 2685 440 2717 19.
479 2683 525 2716 H.
552 2683 575 2715 l.
605 2685 668 2725 „ut
693 2683 896 2716 iubes.“-

159 2733 293 2763 11111161·
320 2730 403 2773 661]
432 2731 557 2773 „Nun
582 2731 662 2771 qeh
687 2732 774 2763 und
798 2739 897 2762 ver-

947 1073 1081 1106 diene
1115 1074 1187 1106 dir
1220 1075 1333 1106 brav
1367 1073 1520 1107 Geld.“
1571 1072 1683 1108 Voss.

948 1139 991 1143 —
1018 1120 1236 1163 rem-auae]
1263 1119 1342 1154 Cic.
1366 1132 1402 1165 p.
1427 1119 1555 1154 Rabir.
1580 1120 1682 1155 Post.

950 1170 1013 1208 14,
1039 1169 1102 1201 38:
1135 1169 1493 1208 qui--rem--bom's
1519 1170 1551 1201 et
1575 1169 1683 1201 hone-

946 1215 1009 1247 stis
1034 1216 1238 1248 rationibus
1264 1216 1438 1249 auxisset.

996 1263 1057 1295 72-
1061 1264 1116 1295 76.
1137 1263 1289 1296 dicenda
1305 1262 1476 1304 tacenda]
1505 1264 1568 1304 „ut
1584 1261 1681 1297 bene

948 1311 1079 1353 potus,
1113 1319 1364 1354 quaecunque
1397 1309 1439 1342 in
1462 1309 1621 1343 buccam
1647 1309 1682 1343 61

946 1359 1137 1390 venerant.
1144 1356 1160 1374 “
1198 1356 1350 1390 Dictum
1376 1359 1433 1390 est
1456 1353 1682 1398 ἀσυνδέτως,

947 1406 989 1436 ut
1025 1405 1141 1445 sanda
1177 1405 1358 1446 nefanda,
1398 1405 1547 1437 honesta
1579 1405 1683 1437 inho-

945 1454 1061 1484 nesta.
1105 1450 1168 1485 Gr.
1195 1448 1293 1496 ῥητὰ
1318 1452 1384 1484 καὶ
1408 1446 1567 1507 ἄρῥητα
1607 1450 1683 1485 De-

945 1496 1500 1552 111061]1.18,122;βοᾴςρητὰ
1524 1499 1590 1531 καὶ
1613 1494 1684 1546 ἅρέ

946 1542 1044 1593 ῥητα
1068 1542 1280 1589 ὀνομάζων.
1318 1511 1438 1580 Voss:
1464 1547 1683 1580 schwatzl

947 1602 994 1626 er
1030 1595 1111 1626 mit
1143 1595 1307 1628 Schick
1346 1595 1438 1627 und
1477 1595 1556 1626 mit
1599 1595 1684 1626 Un-

944 1642 1113 1674 schick.
1141 1660 1183 1664 —
1211 1640 1422 1683 dimittitur]
1459 1640 1682 1684 „Politioris

945 1688 1060 1722 moris
1098 1689 1252 1733 ignarus
1290 1688 1453 1732 benigne
1495 1689 1682 1730 monetur,

946 1738 988 1769 ut
1013 1735 1163 1769 tandem
1189 1735 1358 1768 cubitum
1384 1734 1545 1768 redeam
1582 1733 1683 1768 Neu-

945 1782 1091 1826 tiquam
1128 1783 1188 1816 his
1225 1792 1282 1815 vv.
1318 1781 1511 1816 ebrietatis
1550 1781 1682 1815 vitium

944 1829 984 1862 in
1003 1839 1047 1863 eo
1065 1829 1369 1873 reprehenditur,
1396 1829 1462 1863 sed
1487 1829 1559 1863 hoc
1577 1829 1682 1863 dum-

944 1879 1044 1910 taxat
1068 1876 1219 1918 dicitur,
1244 1878 1399 1920 propter
1425 1876 1544 1910 totius
1563 1887 1680 1911 cenae

943 1923 1171 1958 hilaritatem
1212 1923 1351 1957 bonum
1387 1923 1496 1957 illum
1532 1922 1682 1958 Menam

945 1971 1084 2005 sensim
1100 1971 1257 2005 oblitum
1272 1981 1366 2013 esse,
1390 1981 1465 2015 qua
1478 1971 1573 2005 hora
1590 1981 1681 2005 suae

945 2018 1179 2052 condicionis
1195 2018 1414 2052 hominibus
1431 2017 1478 2052 de
1495 2017 1681 2052 nobilium

947 2066 1052 2100 cenis
1087 2065 1316 2111 surgendum
1347 2067 1457 2099 66661.
1483 2084 1527 2088 -
1555 2066 1682 2106 Occul-

947 2113 1037 2156 tum]
1061 2112 1155 2158 Epp.
1184 2115 1215 2155 1,
1245 2116 1298 2155 16,
1316 2115 1373 2147 51.
1398 2113 1548 2147 hamum
1574 2114 1683 2146 vocat

946 2163 1123 2202 opertum.
1150 2180 1193 2184 —
1218 2159 1352 2203 piscis]
1404 2163 1478 2202 „ut
1512 2159 1679 2204 piscis;“

947 2208 1085 2242 omissa
1102 2211 1144 2242 ut
1161 2219 1272 2252 saepe
1287 2207 1580 2252 comparationis
1596 2217 1680 2251 par-

946 2256 1073 2289 ticula.
1108 2255 1183 2289 Cfr.
1201 2255 1319 2299 Epod.
1339 2257 1371 2297 1,
1389 2256 1446 2288 34.
1461 2273 1503 2277 —
1518 2253 1681 2297 hamum]

947 2302 1110 2347 Opipare
1135 2303 1276 2347 paratis
1303 2301 1484 2336 conviviis
1518 2301 1681 2336 delecta-

945 2351 1056 2384 batur
1087 2350 1287 2394 Philippus
1320 2351 1414 2383 tesie
1439 2348 1610 2383 Varrone
1633 2347 1680 2382 R.

945 2397 990 2431 R.
1017 2400 1049 2440 3,
1076 2399 1108 2440 3,
1135 2400 1167 2431 9.
1192 2397 1264 2430 Η16
1288 2399 1412 2430 autem
1438 2395 1682 2430 inescabatur

946 2456 1065 2479 novus
1092 2445 1222 2478 cliens.
1249 2463 1291 2467 —
1319 2443 1444 2486 cliens]
1479 2442 1680 2486 „Quotidie

944 2495 1145 2536 patronum
1165 2492 1367 2525 salutatum
1385 2490 1571 2532 veniebat,
1592 2499 1678 2523 eum

946 2540 986 2573 in
1018 2539 1141 2573 forum
1167 2538 1393 2580 deducebat,
1426 2540 1464 2571 et
1493 2536 1679 2582 quotidia-

946 2597 1018 2620 nus
1043 2596 1160 2631 prope
1188 2586 1344 2620 conviva
1368 2584 1516 2619 fiebat.“
1566 2583 1679 2617 Bent-

946 2634 1011 2668 leii
1036 2642 1140 2667 serus
1160 2634 1313 2666 conviva
1331 2634 1446 2666 esset:
1474 2631 1562 2676 „qui
1581 2641 1679 2674 sero,

947 2692 1031 2715 cum
1069 2681 1185 2714 ceteri
1222 2679 1363 2714 iamdiu
1404 2678 1679 2720 discubuerint,

947 2729 1082 2763 venit.“
1102 2745 1148 2752 ——
1165 2726 1392 2769 surburbana]
1418 2727 1453 2760 h.
1473 2726 1496 2759 l.
1522 2727 1561 2759 in
1587 2735 1680 2770 agro
