1774 2930
663 147 775 183 11:13.
797 147 829 182 1.
876 146 1029 182 RPIST.
1051 147 1110 182 11..

1560 148 1645 190 269

247 249 364 292 Dum
392 252 442 293 tu
470 247 684 291 declamas
713 247 898 301 Romae,
929 247 1165 290 Praeneste
1195 247 1354 303 relegi;

249 319 353 373 Qui,
385 318 489 376 quid
508 319 566 361 sit
585 318 832 378 pulchrum,
864 317 966 374 quid
986 321 1131 374 turpe,
1154 317 1256 374 quid
1276 318 1399 371 utile,
1422 317 1524 374 quid
1544 332 1644 371 non,

247 390 423 434 Planius
455 403 504 432 ac
532 389 685 432 melius
718 388 958 445 Chrysippo
990 394 1033 431 et
1063 387 1271 432 Crantore
1301 388 1416 431 dicit.

225 519 298 553 ΕΡ.
322 518 371 553 Π.
397 522 430 553 4.
454 519 611 552 Planius
638 529 823 563 superscr.
851 527 868 550 e
893 529 925 559 c,
949 518 1095 551 Plenius
1119 516 1201 562 Edp
1228 520 1265 551 et
1289 517 1461 551 Pottierii
1487 517 1598 562 pleri-

179 577 265 611 que,
293 566 382 600 item
407 565 529 599 Loto.
579 565 645 607 (Ut
668 577 756 608 nos,
781 564 852 605 bs.
877 564 1039 599 Bentleii
1069 564 1246 606 „dimidia
1270 564 1348 598 fere
1373 575 1461 609 pars
1488 563 1597 598 Codi-

177 614 284 648 crun‘
310 616 348 648 et
371 613 542 648 Pettierii
568 613 773 658 quattuor.)

128 715 331 773 μειράκων
381 715 611 752 Θετταλικὸν
652 717 717 750 καὶ
765 714 863 764 ἀνὴρ

129 762 351 808 βασιλικός,
390 762 574 806 Ἀχιλλεὺς
610 765 675 796 καὶ
709 761 864 820 Ἀγαμέ-

129 823 246 856 μνων·
280 810 303 846 ὁ
327 812 399 855 μὲν
425 809 484 845 ὑπ’
518 808 637 857 ὀργῆς
669 813 722 853 εἰς
751 806 864 865 ὕβριν

129 855 863 948 Ξρῗῖἶέμεέοέπολῖἔῇῧίΐζωῇἦῖωἷῗ

130 918 275 995 εἱέόνες
291 918 437 993 {aega
447 918 664 1009 7ζωότητος
661 953 728 985 καὶ
752 950 862 994 ἐξοι-

130 1001 230 1043 σίας.
251 998 412 1042 Αντὶὖες
436 1010 494 1034 τοι
521 999 687 1054 ἑκατέρω
705 996 773 1032 τὸν
788 999 863 1032 Νέ-

130 1057 269 1095 στορα,
307 1044 471 1081 παλαιὸν
502 1047 553 1093 τῷ
586 1043 733 1092 χρόιῳ,
766 1044 863 1090 ἀγα-

131 1091 205 1128 θὸν
231 1097 401 1142 φρονεῖν,
425 1084 552 1128 δεινὸν
577 1095 704 1127 ειπεῖν.

178 1167 214 1199 1·
216 1167 250 1200 3.
274 1165 447 1208 maxim]
483 1158 663 1207 „maxime
689 1167 779 1198 natu
805 1165 862 1197 in-

128 1213 187 1246 ter
211 1212 380 1247 fratres-‘⁴
409 1231 452 1236 -—
478 1211 682 1254 declamas]
718 1212 861 1253 „decla-

128 1259 264 1293 mando
290 1259 336 1293 de
360 1259 457 1294 fictis
483 1259 658 1293 thematis
684 1260 862 1302 (quorum

130 1305 331 1350 benignam
372 1307 516 1359 copiam
564 1306 679 1339 habet
722 1305 863 1339 Seneca

130 1354 168 1386 et
204 1352 462 1391 Quintilianus
503 1353 543 1385 in
580 1352 724 1394 Decll.)
767 1352 862 1386 duce

130 1399 297 1455 rhetore
314 1399 461 1444 aliquo,
501 1399 704 1434 domestico
737 1399 862 1443 potius

131 1456 247 1490 quam
270 1434 436 1491 publico,
460 1448 497 1480 te
523 1457 698 1482 exercere
730 1447 861 1480 soles.“

130 1492 193 1527 Sic
217 1492 296 1528 Cic.
326 1493 431 1526 Brut.
457 1495 521 1535 90,
552 1495 643 1527 31οε
682 1495 863 1527 Commen-

130 1541 241 1574 labar
264 1541 503 1574 declamitans
537 1539 611 1582 (sie
643 1541 737 1573 enim
767 1549 863 1574 nunc

132 1587 346 1630 manantur)
369 1595 480 1629 saepe
505 1595 586 1620 cum
607 1588 660 1622 M.
673 1588 804 1621 Pisone
829 1590 863 1621 et

129 1641 211 1670 oum
244 1635 286 1676 Q.
317 1635 488 1676 lvmpeio
520 1636 584 1667 aut
618 1643 699 1667 cum
737 1635 862 1676 aliquo

128 1681 297 1723 quotidie.
337 1680 413 1715 Οἱς.
440 1680 594 1715 Sueten.
620 1680 667 1715 de
692 1681 800 1715 Rhet.
829 1685 859 1715 1.

128 1725 273 1762 Seneca
289 1727 466 1764 Oontrov.
482 1727 605 1762 Praef.
627 1739 664 1772 p.
683 1731 738 1762 63.
757 1728 861 1772 Bip:

127 1775 347 1808 Declamare
371 1778 420 1808 est
445 1777 661 1809 domesticae
686 1778 863 1809 exercita-

128 1822 247 1855 tionis.
295 1823 523 1856 Iudicium-um
558 1823 758 1863 imaqinem
793 1823 861 1857 has

129 1869 418 1903 exercitationes
442 1871 550 1903 vocat
567 1869 725 1909 Quintil.
745 1872 778 1912 2,
806 1871 862 1913 10,

132 1916 201 1958 12„
226 1916 317 1960 quia
330 1916 438 1950 fictae
463 1927 599 1951 causae
624 1918 776 1951 tractari
804 1927 863 1951 so-

128 1961 269 1996 lebant.
295 1981 339 1986 —
364 1964 583 2006 Praeneste]
609 1963 694 1997 vid.
732 1963 801 1997 Od.
828 1965 861 2006 3,

130 2009 164 2050 4,
189 2010 254 2042 22:
278 2010 454 2050 [fluidum
478 2011 687 2044 Prueneste.
710 2010 810 2044 Flor.
830 2013 862 2053 1,

133 2056 188 2097 11,
214 2057 254 2088 ’τε
287 2057 446 2090 aestivae
470 2058 665 2090 Praeneste
698 2058 862 2091 deliciae.

129 2099 214 2135 Non
261 2105 386 2136 autem
433 2102 487 2135 ibi
536 2103 662 2136 villam
702 2103 864 2138 habebat

131 2149 261 2191 poeta,
299 2147 366 2182 sed
389 2148 491 2192 apud
515 2150 674 2183 amicum
699 2151 863 2194 aliquem

131 2193 293 2239 degebat
327 2195 386 2228 vel
429 2195 579 2228 domum
621 2196 862 2231 conduxerat.

133 2259 177 2265 —
205 2242 277 2283 Qui
300 2244 371 2275 cet.
381 2241 395 2284 ]
419 2241 500 2276 Hoc
524 2241 676 2276 Homeri
702 2243 864 2297 elogium

130 2288 171 2322 in
185 2290 348 2323 mentem
365 2288 475 2322 nobis
493 2292 644 2323 revocat
661 2289 743 2323 eius
758 2287 865 2323 Απο-

129 2334 288 2389 θέωσιν,
311 2335 401 2369 satis
426 2335 665 2381 ingeniosum
686 2335 863 2371 Archelai

130 2390 246 2426 opus,
277 2381 319 2415 in
345 2393 420 2427 quo
447 2383 664 2427 Οικουμένη
690 2394 775 2417 eum
801 2395 862 2418 co-

129 2432 240 2462 ronat
277 2431 314 2463 et
348 2426 503 2476 Χρόνος
543 2431 626 2464 eius
667 2434 864 2465 conservat

130 2475 340 2518 volumina,
366 2487 527 2521 eumque
552 2476 710 2511 adorant
736 2474 862 2519 Φύσις,

127 2518 272 2568 Ἀρετή,
295 2522 445 2565 Πίστις,
469 2525 610 2565 Σοφία.
657 2524 862 2569 Inghirami

132 2568 399 2604 Gall.0m.1.
433 2570 475 2604 Τ.
509 2573 542 2605 2.
579 2590 622 2595 -
653 2571 861 2615 pulchrum]

129 2613 208 2649 Iam
241 2617 288 2652 ab
320 2616 523 2652 Aristotele
554 2617 690 2660 (Ethie.
719 2617 860 2652 Nicom.

132 2662 174 2704 2,
198 2663 268 2705 2.‚)
308 2663 445 2698 deinde
483 2665 594 2699 etiam
626 2676 650 2699 a
679 2664 860 2700 Panaetio

131 2706 185 2742 ita
216 2688 452 2745 diridebatur
485 2711 707 2747 deliberatio
733 2712 779 2746 de
806 2712 859 2747 of·

911 715 1014 750 ficio:
1063 719 1313 751 Honestumne
1359 718 1462 759 factu
1507 719 1553 750 sit
1595 726 1646 751 an

912 766 1016 805 turpe
1041 765 1208 797 dubitant
1240 765 1296 807 id,
1331 766 1427 806 quod
1452 766 1490 796 in
1513 765 1645 798 delibe-

910 811 1090 844 rationem
1124 812 1394 844 cadit.--Tum
1425 814 1550 845 autem
1581 815 1645 845 aut

912 859 1113 898 anquirunt
1139 861 1205 891 aut
1231 859 1449 900 consultant,
1475 860 1524 892 ad
1547 860 1645 892 vitae

911 906 1198 938 commoditatem
1222 906 1565 947 iucunditatemque,
1596 907 1647 939 ad

911 952 1107 993 facultates
1130 960 1255 986 rerum
1289 955 1399 993 atque
1424 953 1564 995 copias,
1596 954 1646 986 ad

911 1007 1013 1040 opes,
1047 1000 1097 1032 ad
1125 1000 1342 1041 potentiam,
1379 1001 1510 1040 quibus
1544 1002 1577 1033 et
1607 1009 1645 1034 se

907 1047 1048 1086 possint
1086 1048 1213 1080 iuvare
1252 1050 1284 1080 et
1320 1055 1422 1088 suos,
1466 1048 1645 1080 conducat

910 1093 949 1126 id
973 1102 1093 1135 necne,
1120 1094 1163 1127 tle
1190 1102 1259 1134 quo
1284 1094 1645 1128 deliberant-Jer-

911 1140 1001 1172 tium
1026 1141 1217 1174 dubitandi
1242 1149 1354 1182 oenus
1380 1143 1447 1182 est,
1474 1149 1555 1174 cum
1578 1150 1646 1182 pu·

912 1195 1026 1227 qnare
1048 1189 1191 1221 videtur
1208 1196 1289 1220 cum
1306 1189 1451 1221 honeste
1477 1190 1525 1229 id,
1550 1189 1646 1228 quod

911 1235 1054 1267 videtur
1091 1243 1164 1267 esse
1201 1236 1302 1268 utile.
1353 1234 1431 1268 Cic.
1465 1235 1511 1269 de
1537 1234 1645 1269 offic.

915 1283 946 1318 1,
965 1283 997 1322 3,
1016 1284 1047 1314 9.
1090 1281 1269 1315 Horatius
1295 1282 1410 1326 igitur
1427 1282 1501 1316 duo
1518 1282 1647 1326 priora

913 1328 1034 1371 capita
1071 1327 1265 1362 doctrinae
1303 1330 1385 1375 περὶ
1419 1329 1487 1362 τοῦ
1520 1326 1647 1372 καθή-

911 1385 1049 1416 κοντος
1072 1378 1266 1409 memorat.

931 1447 992 1479 4.
1030 1445 1207 1489 Planius]
1244 1445 1337 1478 Κατ’
1363 1447 1559 1492 εἰρωνείαν
1582 1446 1644 1481 hic

912 1502 1065 1536 quoque
1079 1491 1291 1526 Stoicorum
1304 1493 1443 1527 fastum
1456 1492 1644 1538 deprimit.

910 1537 1127 1573 Lectionem
1157 1540 1307 1581 planius
1345 1543 1496 1584 praeter
1531 1540 1645 1575 Codd.

911 1589 1060 1620 nostros
1069 1586 1355 1631 antiquissimos
1364 1587 1645 1622 firmautAcron

913 1635 1137 1677 „apertius“,
1162 1637 1200 1667 et
1223 1633 1434 1679 Porphyrio
1468 1635 1647 1677 „manife-

911 1679 1028 1714 stius“
1072 1681 1321 1725 explicantes3
1360 1682 1506 1723 plenius
1547 1686 1646 1716 esset

913 1727 1111 1770 „uberius,
1137 1728 1362 1772 copiosius.‘⁴
1413 1728 1515 1763 Illud
1538 1740 1646 1774 prae-

910 1773 1109 1808 ferendum
1151 1778 1208 1809 est
1248 1778 1403 1820 propter
1450 1777 1645 1820 spinosum

910 1823 1023 1865 atque
1049 1822 1265 1856 abstrusum
1299 1823 1491 1857 scribendi
1525 1834 1645 1868 genus

913 1867 1048 1902 Stoicis
1083 1870 1363 1914 complacitum,
1398 1881 1483 1904 cum
1515 1873 1646 1905 contra

910 1914 1098 1951 Homerus
1128 1917 1297 1958 planius,
1337 1920 1379 1950 ut
1410 1919 1541 1961 poeta,
1578 1918 1645 1962 qui

911 1964 1091 2007 exemplis
1115 1964 1320 2008 propositis
1353 1965 1472 1999 multo
1503 1964 1645 1999 maiore

911 2008 1088 2056 ἐναργείᾳ
1120 2011 1229 2044 docet
1261 2021 1372 2055 quam
1407 2012 1531 2056 quivis
1563 2012 1645 2055 phi-

911 2055 1111 2100 losophus,
1154 2058 1239 2101 qui,
1280 2068 1364 2091 cum
1401 2058 1561 2092 Ethicen
1600 2069 1646 2092 ex

911 2103 1081 2146 professo
1107 2106 1253 2146 tractet,
1274 2105 1421 2145 plenius
1445 2108 1646 2148 praecepta

913 2149 1039 2182 tradit.
1086 2149 1132 2182 In
1162 2151 1267 2184 nullo
1301 2154 1426 2184 autem
1459 2152 1645 2195 scriptore

912 2196 1091 2229 maiorem
1109 2207 1191 2231 esse
1209 2198 1283 2230 vim
1301 2199 1500 2244 ε’ναργείας
1520 2201 1559 2232 et
1574 2209 1645 2231 σα·

913 2244 1076 2285 φηνείας
1101 2254 1213 2287 quam
1238 2244 1279 2277 in
1303 2244 1483 2288 Homero,
1515 2256 1645 2280 omnes

913 2300 989 2323 uno
1022 2301 1086 2324 ore
1120 2290 1317 2325 affirmant.
1366 2292 1530 2326 Prorsus
1555 2303 1643 2327 vero

913 2336 1084 2371 diversus
1109 2337 1184 2371 fuit
1196 2337 1440 2383 Chrysippus,
1465 2339 1643 2384 saepissi-

910 2394 970 2417 me
988 2384 1171 2419 obscurus
1187 2387 1302 2429 atque
1320 2385 1564 2420 difficillimus
1587 2387 1645 2420 in-

912 2430 1077 2465 tellectu.
1124 2431 1247 2476 Epict.
1269 2432 1424 2467 Euchir.
1450 2435 1515 2467 49:
1527 2430 1644 2466 ‘'Otav

912 2487 967 2519 τις
1000 2478 1063 2511 ἐτὶ
1096 2479 1147 2525 τῷ
1180 2483 1283 2512 νοεῖν
1318 2481 1382 2512 καὶ
1422 2479 1644 2524 ἐξηγεῖσθαι

910 2521 1100 2558 δύνασθαι
1139 2523 1186 2559 τὰ
1226 2527 1459 2582 Χρυσίππου
1512 2526 1645 2567 βιβλία

910 2569 1154 2627 σεμνύνηται,
1183 2572 1267 2617 λέγε
1292 2571 1410 2615 αὐτὸς
1436 2571 1531 2620 πρὸς
1555 2574 1646 2606 ἑαυ-

909 2615 996 2659 τόν,
1033 2615 1095 2653 ὅτι
1118 2621 1168 2653 Ει
1196 2618 1252 2664 μή
1283 2617 1515 2675 Χρύσιππος
1545 2631 1644 2653 ασα-

910 2677 994 2713 φως
1033 2665 1257 2724 ἐγεγράφει,
1299 2665 1410 2700 οὐδὲν
1451 2662 1501 2700 ἂν
1541 2665 1644 2708 εἶχεν

910 2714 1042 2754 οὗτος,
1075 2714 1139 2755 ἐφ’
1171 2726 1202 2760 ῳ
1235 2711 1474 2757 ἐσεμνύνετο.
1524 2713 1643 2749 Etiam
