1786 2912
236 250 344 304 Aut,
376 250 413 292 si
442 253 587 292 tantus
617 262 735 291 amor
765 247 977 290 scribendi
1006 250 1052 288 te
1081 246 1213 302 rapit,
1245 245 1354 288 aude

238 320 436 364 Caesaris
466 320 614 362 invicti
643 333 712 361 res
744 318 904 371 dicere,
936 317 1071 359 multa
1099 316 1294 359 laborum

236 391 436 434 Praemia
463 391 640 433 laturus.

236 461 474 504 Deficiunt:
506 475 646 516 neque
678 460 794 502 enim
823 459 962 515 quivis
992 458 1211 500 horrentia
1240 457 1339 513 pilis

236 531 424 588 Agmina
453 545 532 574 nec
562 531 696 573 fracta
725 533 954 586 pereuntes
986 528 1163 584 cuspide
1195 527 1341 569 Gallos

693 147 786 182 Lm.
810 147 859 182 11.
909 145 1012 182 sAT.
1035 146 1065 180 1.
1547 147 1630 188 129

847 217 849 219 ·
1573 247 1628 288 10

688 388 922 445 Cupidum,
953 392 1075 444 pater
1105 387 1284 443 optime,
1315 387 1430 429 vires

1576 597 1630 639 15

236 602 325 644 Aut
354 602 536 645 labentis
569 615 678 657 equo
710 600 922 643 describat
952 599 1127 641 volnera
1156 598 1320 640 Parthi.

216 727 272 759 10.
305 726 402 767 capit
434 735 480 759 ex
505 724 595 759 Cod.
620 723 781 758 colbert.
805 722 1014 757 Bentleius.
1038 739 1086 745 -
1112 724 1168 755 15.
1201 721 1379 754 describat
1411 719 1582 754 Pottierii

169 782 309 814 omnes,
335 771 381 806 Sc
406 774 444 806 et
468 782 563 806 corr.
588 771 625 813 b,
648 770 759 804 LCF.
793 770 960 803 describit
984 779 1020 813 p,
1045 779 1101 813 pr.
1127 768 1151 802 b
1177 770 1214 802 et
1239 779 1284 802 ex
1310 768 1479 812 quinque
1504 768 1583 801 suis

167 818 375 861 Bentleius,
399 820 574 853 describet
598 796 662 852 t'M.

122 929 188 960 νος
212 917 324 964 οἴνῳ,
353 918 478 952 Latini
503 919 669 959 madere,
702 918 851 951 uvidum

126 974 199 999 esse
222 967 319 999 vino.
366 965 446 1000 Iam
469 964 591 999 Plaut.
616 964 732 998 Poen.
757 965 791 1005 3,
817 966 850 1006 3,

122 1013 186 1046 86:
227 1013 291 1046 Ubi
315 1015 355 1046 tu
378 1013 570 1053 Leucadio,
595 1012 731 1053 Lesbio,
757 1012 850 1044 Tha-

120 1060 192 1102 sio,
235 1061 304 1093 coo
344 1061 524 1100 Vetustate
560 1060 643 1092 vino
682 1059 849 1092 edentulo

121 1108 279 1140 aetatem
302 1107 443 1148 ivr-taes.
492 1105 579 1150 Ipse
608 1108 731 1139 autem
759 1105 849 1139 Tre-

123 1152 248 1187 batius
285 1153 347 1195 (in
381 1163 455 1197 quo
489 1152 588 1186 inest
623 1151 850 1196 praecipuus

120 1200 194 1234 loci
219 1201 347 1244 lepos)
382 1200 487 1234 valde
512 1199 659 1234 amabat
684 1203 721 1233 et
744 1202 851 1233 nata-

121 1247 262 1281 tionem
287 1250 325 1282 et
354 1247 525 1292 scyphos.
575 1246 651 1280 Cic.
677 1246 723 1280 ad
748 1246 850 1280 Fam.

123 1295 157 1335 7,
175 1296 232 1336 10,
250 1296 290 1328 2:
322 1295 385 1335 qui
409 1302 522 1335 neque
547 1295 587 1326 in
613 1294 758 1326 Oceano
784 1302 850 1326 πα-

123 1343 203 1374 tare
238 1342 397 1374 volueris
433 1341 711 1374 studiosissimus
747 1341 850 1372 homo

124 1389 298 1430 natandi3
332 1390 369 1422 et
393 1390 434 1429 7,
460 1389 524 1420 22:
566 1388 742 1419 Illuseras
772 1388 853 1420 heri

123 1435 220 1467 inter
243 1435 410 1476 scyphos,
443 1435 539 1474 quod
570 1435 737 1467 dixeram
761 1436 851 1467 cet.:

123 1481 251 1521 itaque
276 1482 340 1514 etsi
356 1482 503 1515 domum
528 1482 615 1514 bene
629 1483 738 1521 potus
754 1488 852 1513 sero-

125 1536 192 1568 que
216 1529 399 1562 redieram
423 1531 492 1562 cet.

171 1576 292 1608 10-13.
317 1577 351 1608 te
367 1575 481 1617 rapit-l
509 1573 572 1616 ,si
595 1574 746 1608 omnino
763 1574 852 1608 huic

123 1621 312 1656 scribendi
325 1621 495 1666 cupidini
507 1621 682 1655 resistere
696 1631 774 1654 non
786 1632 852 1665 po-

123 1670 180 1702 tes
193 1669 224 1711 “,
265 1670 336 1703 cet.
386 1668 525 1703 Contra
563 1668 725 1702 Bentleii
766 1669 852 1702 lect.

123 1717 220 1757 capit
245 1716 368 1760 (quae
393 1715 605 1750 sufficiente
631 1716 851 1749 auctoritate

122 1761 301 1797 destituta
334 1764 411 1806 est)
444 1764 547 1797 recte
577 1765 706 1796 monet
736 1762 853 1795 Hein-

123 1808 284 1852 dorfius,
322 1811 437 1844 huius
473 1821 507 1843 v.
544 1819 621 1842 non
658 1820 852 1853 praesens,

123 1856 188 1890 sed
204 1857 413 1901 perfectum
426 1857 486 1891 hic
498 1857 622 1890 locum
635 1856 852 1890 habiturum

123 1902 251 1938 fuisse.
300 1903 461 1938 Omnino
487 1904 552 1937 ille
578 1914 655 1937 non
681 1904 770 1937 satis
795 1914 853 1936 re-

124 1950 349 1985 cordabatur
380 1951 509 1985 crebro
541 1950 652 1984 etiam
677 1951 717 1983 in
742 1961 853 1994 prosa

125 2007 178 2030 or.
195 1997 358 2032 inveniri
382 1999 576 2041 „studium
601 1998 780 2038 cupiditas
795 2006 852 2030 me

124 2045 222 2085 rapit
246 2046 372 2085 aliquo
396 2045 458 2078 vel
482 2046 531 2077 ad
556 2045 696 2084 aliquid
713 2045 852 2084 sacien-

125 2090 244 2123 dum.“
282 2091 363 2124 Liv.
388 2094 422 2133 5,
446 2094 479 2125 6.
519 2090 594 2124 Cic.
619 2090 667 2123 ad
691 2090 792 2123 Fam.
818 2093 852 2132 5,

127 2138 183 2178 12,
202 2138 243 2170 1:
267 2139 392 2178 Neque
418 2139 513 2170 enim
535 2145 592 2169 me
615 2138 733 2169 sotum
759 2145 852 2169 com-

126 2185 340 2217 memoratio
386 2184 611 2225 postel-itatis
659 2184 708 2215 ad
755 2192 854 2224 spem

126 2231 314 2270 quandam
336 2230 620 2263 immortalitatis
644 2230 761 2271 rapit,
791 2231 854 2263 sed

127 2278 237 2310 etiam
270 2278 337 2310 illa
369 2278 565 2319 cupiditas,
600 2279 669 2310 cet.
696 2294 739 2299 —
766 2277 853 2309 Cae-

124 2323 235 2367 saris]
266 2324 427 2369 Augusti
465 2333 671 2369 cognomen
704 2322 854 2356 demum

126 2382 159 2405 a.
184 2382 223 2404 u.
247 2381 280 2405 c.
300 2373 386 2418 727.
412 2371 625 2414 assumpsit.
661 2369 733 2403 Dio
752 2369 853 2403 Cass.

126 2419 327 2459 53‚16.—
345 2418 530 2461 Raemia]
548 2416 745 2451 Caesaris
736 2417 853 2459 ipsius

126 2464 432 2508 approbationem
450 2468 488 2498 et
504 2465 659 2510 gloriam
673 2463 773 2507 apud
789 2473 854 2507 po-

126 2512 296 2556 pulares.
334 2511 379 2545 de
413 2512 521 2546 donis
552 2511 763 2555 intelligere
788 2511 855 2544 mi-

127 2558 227 2592 nime
252 2559 471 2592 conveniret
494 2560 627 2602 poetae
653 2557 854 2591 urbanitati

128 2614 171 2639 ac
184 2605 399 2639 modestiae.
414 2624 456 2629 —
469 2605 590 2647 pater]
609 2605 669 2638 Sic
687 2604 854 2638 seniores

127 2652 228 2685 viros
254 2652 425 2686 solebant
448 2652 592 2696 alloqui
616 2651 796 2684 iuniores.

178 2700 295 2732 13-15.
332 2708 447 2740 neque
479 2701 573 2732 enim
605 2698 696 2741 cet.]
736 2696 855 2731 Simili

235 2767 337 2794 Horat.
354 2768 419 2794 Vol.
436 2767 476 2793 11.
512 2768 566 2793 nd.
582 2768 679 2793 minor
695 2767 731 2793 V.

898 916 1007 950 modo
1033 916 1162 950 eadem
1186 915 1234 949 de
1260 925 1301 948 re
1328 925 1367 948 se
1389 916 1543 948 excusat
1560 912 1630 947 od.

900 966 931 1005 1,
958 965 991 1005 6,
1017 966 1048 997 9.
1077 965 1184 1005 1,19,
1203 965 1236 996 9.
1255 963 1289 1004 2,
1316 963 1371 1003 12,
1397 964 1430 995 9.
1454 964 1488 1003 4,
1514 962 1548 1003 2,
1574 962 1630 995 27.

900 1029 942 1034 -
960 1011 1150 1043 horrentia
1170 1010 1256 1051 pitis
1274 1008 1438 1051 aomina]
1462 1008 1530 1041 His
1548 1018 1631 1041 ver-

898 1057 957 1091 bis
997 1056 1187 1102 designari
1235 1056 1411 1090 videntur
1457 1055 1631 1089 victrices

898 1104 1152 1138 Romanorum
1169 1103 1351 1148 legiones,
1369 1112 1531 1147 quorum
1543 1112 1631 1146 pro·

897 1153 981 1195 pria
1005 1162 1110 1185 arma
1134 1153 1241 1185 erant
1265 1150 1353 1194 pila.
1403 1149 1483 1182 Liv.
1509 1152 1549 1190 9,
1574 1151 1631 1183 19.

900 1198 974 1232 cfr.
1011 1197 1143 1243 Vegct.
1168 1197 1215 1231 de
1241 1208 1281 1230 re
1306 1197 1414 1230 milit.
1441 1198 1474 1235 2,
1502 1198 1558 1229 15.
1584 1214 1629 1219 ——-

898 1247 1053 1286 fracta·
1071 1244 1238 1286 cuspide]
1278 1243 1362 1286 „Ex
1394 1243 1552 1277 historia
1584 1242 1631 1277 de

898 1292 1017 1326 Mario
1043 1292 1114 1325 hoc
1140 1294 1327 1334 sumptum
1351 1293 1428 1332 est3
1453 1300 1539 1324 nam
1555 1289 1633 1324 Ma-

899 1340 979 1372 rius
1012 1339 1191 1372 adversus
1219 1338 1404 1371 Santonas
1437 1336 1526 1370 talia
1557 1337 1633 1370 tela

901 1389 1134 1419 commentus
1151 1387 1219 1426 est,
1244 1388 1286 1417 ut
1302 1384 1422 1418 fracta
1437 1383 1633 1417 mitteren-

899 1435 983 1474 tur,
1017 1443 1065 1466 ne
1098 1431 1237 1465 remitti
1262 1431 1308 1465 ab
1341 1430 1516 1464 hostibus
1546 1440 1632 1474 pos-

901 1480 1019 1513 sent-‘⁴
1071 1478 1199 1512 Coun.
1238 1477 1359 1516 CBUQ.
1406 1477 1632 1511 Plutarchus

899 1526 941 1559 in
966 1526 1084 1560 Mario
1112 1536 1192 1569 cap.
1218 1526 1274 1559 25.
1307 1535 1386 1558 rem
1411 1523 1552 1558 clarius
1578 1525 1633 1558 sic

901 1573 1073 1616 exponit:
1117 1572 1193 1614 „Ea
1216 1582 1304 1616 pars
1330 1571 1443 1616 ligni,
1463 1578 1565 1614 quae
1590 1571 1631 1604 in

900 1620 1042 1654 ferrum
1068 1619 1261 1660 inseritur,
1285 1621 1396 1652 antea
1417 1617 1565 1651 duabus
1590 1617 1632 1651 fi-

900 1667 999 1701 bulis
1024 1666 1159 1700 ferreis
1179 1665 1462 1700 continebatur:
1487 1664 1630 1698 Marius

899 1718 1022 1748 autem
1038 1715 1193 1747 alteram
1208 1712 1372 1757 quidem,
1391 1711 1632 1755 quemadmo-

900 1761 989 1794 dum
1031 1764 1129 1801 erat,
1171 1760 1346 1804 reliquit3
1387 1759 1505 1792 altera
1541 1769 1630 1792 vero

902 1811 1072 1862 exempta
1097 1808 1243 1840 clavum
1268 1807 1435 1851 ligneum
1460 1805 1633 1850 fragilem

900 1855 939 1888 in
966 1855 1048 1888 eius
1066 1855 1190 1888 locum
1207 1854 1372 1893 immisit,
1397 1863 1440 1886 eo
1458 1852 1632 1895 consilio,

900 1906 942 1935 ut
965 1903 1084 1946 pilum
1110 1901 1156 1935 ad
1182 1901 1345 1944 clipeum
1362 1900 1483 1933 hostis
1506 1900 1633 1933 conie-

901 1953 1002 1982 ctum
1041 1959 1118 1982 non
1154 1951 1322 1981 maneret
1360 1950 1523 1988 rectum,
1564 1945 1632 1979 sed

902 1996 1006 2029 clavo
1033 1996 1158 2040 ligneo
1176 1995 1295 2028 fracto
1320 1972 1540 2028 curvaretur
1558 1993 1633 2026 fer-

901 2054 986 2075 rum
1012 2046 1049 2076 et
1073 2042 1217 2087 lignum
1234 2045 1448 2075 transversa
1474 2039 1631 2104 cuuspide

900 2090 1061 2123 haerens
1087 2089 1262 2122 deorsum
1287 2087 1502 2132 penderet.⁴⁴
1546 2086 1632 2119 Vid.

900 2136 1119 2169 Excursum.
1138 2154 1181 2158 —
1208 2134 1348 2176 Gallos]
1375 2134 1633 2176 Quaecunque
1684 2146 1690 2153 ·

901 2182 947 2216 de
981 2182 1153 2216 Caesaris
1186 2181 1382 2214 Octaviani
1415 2181 1454 2212 in
1489 2179 1633 2213 Gallias

902 2228 1205 2273 expeditionibus
1213 2238 1316 2261 nunc
1325 2230 1414 2260 nota
1423 2229 1521 2268 sunt,
1531 2227 1634 2269 (cum

901 2287 933 2309 a.
951 2287 989 2308 u.
1009 2286 1040 2309 c.
1066 2277 1146 2308 715.
1165 2276 1245 2308 717.
1264 2276 1344 2308 719.
1369 2273 1545 2319 gentibus
1567 2274 1632 2306 Al-

901 2323 1001 2365 pinis
1037 2322 1179 2356 bellum
1211 2322 1360 2362 intulit,
1394 2320 1560 2354 colonias
1591 2320 1634 2353 in

902 2368 1063 2403 Galliam
1096 2368 1250 2403 deduxit
1281 2371 1318 2402 et
1341 2368 1538 2401 Pannonia
1570 2377 1635 2410 pa-

903 2419 985 2449 cata
1001 2427 1035 2450 a.
1053 2417 1134 2449 720.
1150 2426 1285 2449 rursus
1302 2415 1342 2448 in
1361 2414 1523 2448 Galliam
1546 2424 1633 2457 pro-

902 2473 1054 2507 gressus
1079 2465 1147 2504 est,
1171 2465 1284 2507 atque
1307 2463 1429 2506 primo
1454 2461 1634 2503 triumphi

902 2510 962 2543 die
997 2520 1029 2543 a.
1063 2510 1099 2543 d.
1131 2509 1232 2542 vm.
1265 2509 1320 2542 Id.
1355 2508 1453 2542 Sext.
1486 2519 1518 2541 a.
1553 2509 1633 2540 725.

903 2557 1015 2590 etiam
1047 2556 1093 2590 de
1126 2555 1323 2590 nonnullis
1349 2555 1572 2589 Germaniae
1598 2555 1637 2586 et

904 2603 1048 2637 Galliae
1081 2603 1234 2647 populis
1267 2601 1531 2646 triumphavit,
1540 2601 1554 2641 )
1589 2610 1635 2633 ex

902 2650 1024 2684 Dione
1062 2650 1264 2695 diligenter
1302 2648 1452 2692 collegit
1483 2646 1633 2680 Franke

902 2697 943 2731 F.
968 2697 1015 2731 H.
1042 2708 1078 2741 p.
1106 2699 1173 2730 110
1199 2707 1254 2740 sq.
1278 2714 1321 2719 ——
1351 2695 1503 2727 labentis
1529 2692 1635 2735 equo]

1407 2765 1424 2788 9
