1774 2930
161 132 250 173 442

666 132 876 168 HORATH
898 133 1246 169 EPISTOLARUM

279 233 524 290 Insequeris
556 239 702 276 tamen
731 234 846 276 huuc
877 237 920 276 et
950 234 1027 277 lite
1058 235 1238 278 moraris
1270 236 1451 293 iniqua?

281 304 385 346 Dixi
415 319 484 348 me
514 305 686 361 pigrum
717 305 1004 361 proficiscenti
1034 305 1133 359 tibi,
1165 306 1256 349 dixi

1630 308 1728 349 20-

283 375 461 418 Talibus
493 375 644 417 officiis
676 390 811 432 prope
841 390 1057 430 mancum,
1090 391 1145 420 ne
1176 391 1273 420 mea
1302 392 1456 422 saevus

280 446 479 502 Iurgares
512 446 567 488 ad
598 450 641 489 te
673 447 787 503 quod
819 448 1001 503 epistola
1031 449 1150 491 nulla
1179 448 1352 491 rediret.

283 517 397 565 Quid
426 522 518 559 tum
549 517 732 574 profeci,
764 533 932 561 mecum
963 518 1166 562 facientia
1194 519 1292 562 iura

284 588 330 629 Si
362 593 507 631 tamen
540 580 760 631 attenta's?
793 588 995 636 Quereris
1028 604 1157 646 super
1188 590 1270 633 hoc
1301 591 1448 644 etiam,
1482 591 1595 648 quod

282 659 549 716 Exspectata
577 660 656 702 tibi
687 674 774 702 non
805 660 973 702 mittam
1004 662 1193 704 carmina
1223 661 1422 704 mendax.
1466 678 1469 681 ·

1633 663 1688 705 25

282 730 453 773 Luculli
485 731 608 773 miles
641 732 819 774 collecta
847 732 1005 774 viatica
1032 733 1177 774 multis

282 802 534 855 Aerumnis,
567 802 706 844 lassus
739 803 840 844 dum
872 807 1001 845 noctu
1033 804 1193 857 stertit,
1226 804 1281 846 ad
1312 818 1453 847 assem

281 872 557 926 Perdiderat,
590 878 688 929 post
719 874 800 916 hoc
830 874 1063 916 vehemens
1094 875 1222 931 lupus
1255 880 1298 918 et
1329 875 1412 917 sibi
1443 879 1486 918 et
1515 875 1630 918 hosti

282 943 421 986 Iratus
453 945 626 1000 pariter,
658 946 815 987 ieiunis
847 945 1046 988 dentibus
1079 960 1190 999 acer,

260 1082 316 1113 22.
350 1081 487 1114 rediret
513 1080 622 1114 bSEd
649 1083 686 1114 et
712 1080 802 1115 Cod.
828 1080 1009 1126 Franeq.‚
1044 1081 1134 1115 item
1161 1091 1245 1115 cum
1271 1081 1397 1116 tribus
1425 1092 1580 1116 suorum
1606 1092 1642 1116 s:

210 1129 351 1161 veniret
378 1127 514 1162 Glossa
539 1127 689 1162 Codicis
715 1128 765 1171 Ε,
800 1128 889 1162 item
917 1138 956 1170 c,
990 1127 1171 1163 Schmidii
1197 1128 1407 1171 secundus,
1431 1128 1581 1162 LCtFM
1605 1131 1644 1163 et

212 1175 421 1210 Bentleius.

163 1293 395 1337 mancipium
428 1293 626 1336 vitiosum,
663 1293 904 1338 praefinitum

166 1343 223 1374 est
260 1340 330 1374 tibi
367 1341 447 1383 ius,
489 1352 534 1375 ex
573 1352 647 1386 quo
686 1341 903 1375 necessario

164 1388 288 1431 litem,
340 1399 451 1433 quam
499 1389 677 1434 mangoni
725 1389 903 1431 intendis,

165 1446 241 1470 non
285 1435 494 1478 obtinebis,
533 1436 599 1470 sed
638 1436 822 1470 mittes!
859 1455 902 1460 —

164 1484 372 1524 Ivi-sequeris
386 1484 473 1525 cet.]
504 1482 783 1525 „Nihilominus
800 1484 904 1517 hunc

163 1531 364 1564 insectaris
391 1534 428 1565 et
451 1533 611 1564 moraris
638 1531 840 1573 (molestus
867 1531 902 1565 ei

163 1577 230 1620 fis)
270 1578 336 1612 lite
369 1578 570 1612 manifesto
604 1579 763 1623 iniqua?
799 1577 903 1612 Nun-

164 1635 276 1669 quam
306 1636 375 1670 pro
410 1629 532 1668 certo,
568 1637 643 1670 qua
669 1637 709 1660 es
734 1626 902 1670 pruden-

164 1672 235 1715 tia,
276 1673 349 1707 hoc
390 1673 519 1708 facies.
568 1674 744 1707 Attamen
783 1684 901 1718 prope

164 1720 298 1754 similis
333 1723 390 1755 est
422 1721 539 1762 ratio,
579 1731 654 1765 qua
689 1731 835 1755 mecum
862 1724 902 1754 tu

163 1770 283 1801 utere.
310 1787 354 1791 —
381 1769 530 1801 Talibus
556 1768 697 1811 officiis]
725 1779 822 1812 quae
849 1770 902 1802 ta-

162 1825 249 1848 men
285 1817 387 1848 certo
422 1815 496 1849 fine
531 1817 662 1849 carent
695 1815 900 1858 neutrique

163 1861 274 1895 utilia
306 1865 413 1904 sunt,
448 1863 628 1907 quocirca
653 1862 698 1895 ab
732 1862 800 1903 iis,
835 1862 900 1906 qui

162 1909 399 1953 gravioribus
438 1910 552 1943 rebus
588 1909 759 1952 occupati
800 1911 900 1951 sunt,

162 1955 328 1990 libenter
354 1956 610 1990 omittuntur.“
656 1955 795 1990 Confer
823 1956 899 1990 Sat.

164 2004 196 2045 2,
215 2005 248 2046 6,
273 2005 329 2037 24.
347 2023 390 2027 -—
408 2004 594 2047 mancum]
621 2003 775 2048 proprie
804 2014 902 2045 „ma-

162 2061 216 2084 nu
234 2050 418 2094 debilem3
445 2052 510 2096 qui
529 2051 638 2096 quasi
655 2062 769 2085 manu
791 2052 899 2084 trun-

163 2107 229 2132 cus
281 2102 381 2133 esset
422 2102 488 2132 aut
527 2099 709 2132 resolutis
760 2099 899 2140 nervis,

163 2145 329 2180 scribere
355 2157 430 2180 non
456 2147 612 2191 potest.“
651 2145 900 2180 Aversionem

162 2196 288 2227 autem
325 2204 428 2228 suam
455 2194 501 2228 ab
529 2193 698 2238 epistolis
734 2194 900 2227 conscri-

162 2240 297 2275 bendis
323 2241 471 2286 mitigat
494 2241 689 2285 aliquanto
716 2240 843 2275 addito
866 2251 899 2273 v.

159 2296 286 2329 prope.
314 2307 357 2311 —
386 2288 585 2331 Iurqares]
629 2287 705 2321 Cic.
733 2288 779 2322 de
804 2287 898 2332 Rep.

162 2337 203 2377 4,
240 2338 279 2368 8:
321 2337 370 2370 Sl
393 2337 627 2377 1URGANT,
661 2336 780 2376 inquit
807 2335 900 2378 (Lex

164 2384 219 2415 12.
255 2381 400 2426 Tabb.).
450 2384 717 2417 Benevolorum
755 2391 898 2416 concer-

162 2431 265 2472 tatio,
291 2439 364 2463 non
393 2431 436 2463 lis
462 2431 711 2472 inimicorum,
737 2431 900 2471 iurqium

162 2477 307 2510 dicitur.
335 2496 379 2501 ——-
405 2478 562 2520 rediret]
607 2476 669 2511 Sic
703 2477 898 2521 aliquanto

161 2524 302 2558 maiore
328 2524 411 2558 iure
437 2524 646 2558 iracundus
674 2535 759 2558 cum
778 2524 898 2558 Hora-

161 2571 215 2605 tio
243 2572 394 2617 iurgare
420 2574 568 2616 poterat
591 2572 739 2613 Florus,
771 2582 899 2616 quam-

164 2629 275 2663 quam
293 2619 347 2653 ita
364 2629 515 2663 quoque
541 2629 655 2653 causa
680 2619 814 2653 cadere
837 2619 900 2653 de-

163 2666 286 2700 bebat.
335 2666 538 2701 Praeterea
579 2667 690 2700 etiam
733 2677 778 2699 ex
820 2676 897 2710 seq.

163 2715 325 2754 quereris
367 2717 522 2759 apparet
563 2713 610 2748 de
651 2713 798 2748 Horatii
840 2724 898 2748 re-

954 1304 1093 1338 sponso
1111 1293 1256 1327 frustra
1281 1295 1495 1338 exspectato
1521 1293 1584 1328 hic
1609 1293 1692 1339 agi;

954 1341 1137 1385 quocirca
1161 1340 1278 1376 reieci
1303 1341 1460 1376 alteram
1488 1340 1712 1376 lectionem·

952 1390 1103 1422 veniret.

1001 1484 1153 1517 23—40.
1185 1482 1282 1526 tum}
1326 1493 1443 1526 „cum
1475 1482 1547 1517 tibi
1578 1482 1688 1517 dixi²

953 1532 1040 1573 cet,
1091 1531 1152 1573 „si
1194 1532 1318 1565 tamen
1359 1531 1441 1574 ius,
1489 1530 1589 1575 quod
1628 1540 1689 1565 me

951 1577 1124 1621 adiuvat,
1156 1578 1384 1612 labefactare
1410 1577 1616 1613 conaris?“
1643 1597 1688 1602 —

951 1634 1091 1659 mecum
1115 1625 1308 1668 facientia]
1339 1624 1447 1659 Oonf.
1473 1624 1567 1670 Epp.
1595 1626 1628 1668 2,
1656 1628 1688 1668 1,

953 1675 1009 1706 68.
1037 1692 1079 1696 —-
1108 1671 1283 1715 attentas]
1308 1672 1410 1706 Huic
1434 1672 1548 1708 verbo
1574 1672 1687 1716 plane

951 1720 1156 1764 respondet
1181 1721 1354 1753 nostrum
1383 1720 1685 1762 ansechten,

951 1770 994 1800 ut
1011 1767 1152 1800 dicitur
1170 1766 1310 1810 aliquis
1336 1767 1484 1808 tentari,
1510 1767 1690 1800 attentari

951 1815 1054 1846 bello.
1082 1832 1124 1837 —
1151 1822 1262 1854 super
1287 1813 1367 1856 hoc]
1403 1814 1576 1857 „praeter
1602 1813 1686 1857 hoc,

950 1860 996 1894 ad
1022 1861 1134 1903 hoc;“
1169 1870 1265 1902 non,
1303 1862 1346 1893 ut
1369 1859 1435 1894 alii
1463 1860 1548 1893 coll.
1573 1860 1618 1893 A.
1643 1860 1685 1894 P.

949 1909 1031 1942 429.
1074 1909 1286 1952 exponunt:
1338 1907 1413 1949 „de
1450 1906 1556 1942 hoc.“
1608 1907 1685 1941 Cfr.

951 1954 1026 1989 Sat.
1053 1957 1085 1997 2,
1111 1958 1145 1996 6,
1171 1957 1204 1988 3.
1231 1963 1281 1978 -’
1301 1955 1446 1988 Luculli
1469 1955 1574 1988 mim
1599 1954 1686 1998 cet]

952 2001 1102 2045 muno,
1140 2012 1225 2036 cum
1263 2002 1353 2036 satis
1386 2001 1561 2046 locuples
1593 2001 1686 2036 mihi

948 2049 1098 2092 videor,
1134 2049 1243 2083 nulla
1275 2049 1351 2096 iam
1385 2049 1554 2083 carmina
1587 2058 1687 2083 com-

947 2108 1069 2142 pono,
1105 2107 1263 2141 prorsus
1297 2100 1340 2130 ut
1372 2096 1481 2130 miles
1514 2095 1580 2130 ille
1611 2095 1686 2129 Lu-

940 2145 1054 2187 culli,
1080 2155 1163 2178 cum
1189 2145 1389 2189 pecuniam
1414 2145 1549 2178 nactus
1573 2145 1685 2187 esset,

949 2192 1072 2227 noluit
1088 2202 1222 2226 rursus
1240 2191 1460 2225 discrimina
1478 2189 1572 2226 belli
1597 2189 1686 2225 sub-

948 2239 1039 2273 ire.“
1091 2259 1137 2264 -
1189 2238 1347 2282 m'atica]
1392 2239 1572 2272 Viatioum
1611 2247 1683 2282 pro

947 2287 1099 2331 peculio
1126 2289 1162 2321 et
1187 2285 1430 2320 facultatibus
1463 2284 1595 2319 militis
1629 2285 1685 2319 di-

947 2335 1002 2368 xit
1026 2334 1138 2368 etiam
1165 2333 1252 2367 Tac.
1284 2332 1386 2366 Ann.
1414 2334 1452 2375 1,
1486 2333 1542 2366 37.
1581 2331 1683 2366 Suet.

949 2381 1054 2415 Caes.
1105 2382 1161 2414 68.
1202 2400 1244 2404 -
1282 2379 1499 2423 Aerumnis]
1549 2379 1683 2414 Cicero

949 2429 1060 2463 Tusc.
1086 2430 1119 2471 4,
1146 2430 1178 2470 8,
1206 2429 1269 2461 18:
1307 2435 1536 2461 aerumna
1560 2427 1683 2468 aeori-

948 2478 1035 2510 tudo
1072 2476 1265 2508 laboriosa.
1293 2494 1336 2498 —
1364 2475 1414 2508 aa
1438 2473 1578 2517 assem]
1613 2472 1683 2516 „ad

948 2534 1069 2558 assem
1096 2522 1308 2564 ultimum,“
1343 2524 1386 2555 ut
1411 2531 1495 2555 cum
1522 2520 1682 2554 dicimus

948 2573 998 2604 aa
1028 2579 1144 2604 unum
1177 2578 1308 2602 omnes.
1336 2588 1381 2593 —-
1405 2567 1495 2611 sibi]
1527 2569 1683 2612 propter

948 2617 1227 2663 negligentiam,
1254 2627 1330 2661 qua
1353 2624 1482 2649 zonam
1499 2610 1682 2656 (βαλλάν-

949 2676 1043 2704 τιον,
1069 2664 1348 2706 Geldkatze)
1381 2662 1608 2707 perdiderat.
1635 2680 1680 2685 —

947 2714 1079 2747 ieiunis
1113 2712 1278 2745 dentibus
1312 2709 1419 2752 acer]
1459 2709 1683 2744 Perseverat
