1774 2930
158 149 246 190 410

275 249 523 306 Ambigitur
554 250 751 306 quotiens
784 253 881 291 uter
910 253 1006 292 utro
1042 250 1098 292 sit
1127 251 1257 306 prior,
1291 250 1429 294 aufert

649 149 858 183 HORATII
880 148 1227 184 EPISTOLARUM

1626 251 1706 292 55·

275 320 489 363 Pacuvius
522 321 634 362 docti
666 320 822 362 famam
855 321 984 374 senis,
1018 320 1175 363 Accius
1208 322 1304 375 alti,

274 391 446 433 Dicitur
476 391 630 434 Afrani
662 395 764 447 toga
795 392 1047 434 convenisse
1078 392 1330 442 Menandro,

251 522 307 554 56.
348 522 479 554 Accius
511 519 675 565 bSEcp.,
708 524 741 564 t,
774 521 992 564 Bentleius,
1026 522 1078 555 F:
1112 522 1233 556 Allius
1264 520 1374 568 LMs,
1409 522 1534 555 Actius
1559 521 1633 556 duo

204 567 382 602 Schmidii
411 571 448 602 et
475 568 514 603 G.

157 664 270 695 Cassii
300 664 424 697 Severi
457 664 595 704 scripta
626 665 775 696 senalus
809 671 892 696 con-

153 711 258 742 sulcis
301 711 440 743 abolita
481 711 621 750 requiri
664 712 696 743 el
739 719 813 743 esse
855 711 894 743 in

153 759 321 791 manibus
371 758 597 798 lectitarique
642 759 820 799 permisit.
848 776 891 780 ——

152 804 293 847 haeret]
336 804 412 838 Cic.
451 805 562 838 Tusc.
595 807 635 847 3,
662 807 702 847 2,
729 807 772 838 3:
803 807 892 845 poe·-

152 854 211 885 lae
225 869 240 876 -
255 870 269 876 -
284 853 499 894 audiuntur,
521 853 703 894 lequnlur,
730 853 892 885 ediscun-

153 901 214 932 tur
241 902 274 932 et
298 901 552 933 inhaerescunt
574 901 720 941 penitus
738 901 777 931 in
793 908 892 932 men-

153 947 258 979 cibus.
283 966 326 970 —
351 948 474 980 Paene
499 947 634 989 recens]
664 946 891 990 „Tamquam

150 1003 268 1038 prope
295 996 423 1028 noster
449 994 619 1038 aequalis
646 995 777 1027 esset.“

199 1066 256 1098 55.
295 1066 352 1099 56.
402 1066 607 1106 Ambiqilur
650 1064 734 1107 cet.]
787 1063 890 1098 Salse

150 1112 394 1156 persequitur
429 1112 558 1146 solitas
593 1115 629 1145 et
666 1111 890 1156 plerumque

150 1159 298 1203 ineptas
341 1159 562 1193 criticorum
605 1159 663 1193 sui
711 1159 890 1203 temporis

150 1205 426 1250 disputationes
445 1207 490 1240 de
505 1206 785 1250 antiquioribus
803 1208 891 1250 poe-

150 1253 199 1287 tis
225 1253 325 1288 inter
351 1265 391 1288 se
410 1253 672 1299 comparandis
695 1256 807 1297 atque
834 1253 891 1286 in-

149 1299 196 1334 de
234 1301 497 1343 aestimandis,
534 1301 588 1335 ita
625 1303 669 1334 ut
706 1301 889 1345 cuiusque

150 1348 344 1382 character
394 1359 471 1382 uno
517 1349 682 1383 alterove
725 1348 889 1392 epitheto

149 1394 363 1429 definiatur.
390 1396 508 1430 Totus
534 1396 650 1441 igitur
676 1395 782 1429 locus
801 1406 889 1429 con-

148 1442 245 1476 tinet
277 1443 429 1486 laudes,
464 1454 557 1487 quas
589 1442 821 1488 grammatici
855 1446 891 1476 et

147 1490 234 1523 mali
261 1492 394 1534 poetae
420 1491 522 1525 illius
541 1490 687 1532 aetatis,
711 1490 890 1532 Anseres,

147 1536 265 1579 Bavii,
291 1537 438 1579 Maevii,
464 1538 586 1583 poetis
604 1537 797 1571 veteribus
823 1537 889 1571 tri-

146 1583 264 1618 buere
303 1585 494 1627 solebant,
542 1595 616 1629 quo
655 1584 889 1619 recentiores

148 1631 373 1675 (Horatium,
396 1633 610 1678 Virgilium,
632 1631 804 1673 Varium)
824 1631 888 1666 de-

146 1679 354 1722 primerent
379 1690 422 1713 ac
447 1680 654 1714 laederent.
679 1677 723 1702 ——'
751 1679 888 1722 aufert]

148 1727 287 1770 „quasi
320 1727 419 1761 dono
446 1728 506 1761 vel
538 1727 706 1771 praemio
741 1726 888 1770 accipit,

148 1776 184 1806 et
221 1775 317 1807 docti
353 1775 669 1808 existimationem
708 1773 886 1807 obtinet.“

148 1839 190 1843 —
218 1822 422 1864 Pacuvius]
456 1821 504 1854 Μ.
530 1821 737 1862 Pacuvius,
763 1820 887 1853 Brun-

146 1867 306 1910 disinus,
332 1867 448 1901 Ennii
469 1868 610 1902 sororis
636 1867 749 1909 filius,
776 1869 887 1901 natus

146 1925 179 1948 a.
211 1926 247 1948 u.
281 1925 311 1948 c.
347 1917 448 1957 534„
491 1915 634 1949 amicus
678 1914 717 1947 C.
755 1914 887 1955 Laelii,

147 1971 231 1995 cum
265 1961 417 1995 LXXX.
451 1973 570 1996 annos
605 1964 716 1995 natus
752 1972 886 1995 novam

146 2008 339 2043 docuisset
371 2010 556 2051 fabulam,
591 2009 795 2042 Tarentum
819 2008 888 2041 mi-

144 2057 266 2102 gravit
295 2057 425 2101 ibique
456 2059 615 2090 mortem
642 2056 736 2090 obiit
768 2066 886 2100 prope

146 2106 437 2149 nonagenarius.
479 2104 537 2137 Ex
562 2103 645 2138 eius
671 2103 886 2148 tragoediis,

146 2162 240 2195 quas
274 2151 473 2186 duodecim
507 2151 705 2184 minimum
739 2161 888 2194 compo-

146 2199 239 2240 suit,
277 2199 510 2233 clarissimae
544 2199 702 2232 fuerunt
726 2199 888 2239 Antiopa

145 2249 182 2279 et
218 2247 440 2280 Duloresles.
478 2265 520 2270 --
560 2246 681 2287 dccli]
735 2245 886 2289 „probe

143 2294 283 2327 versati
317 2294 476 2327 maxime
510 2293 550 2326 in
578 2292 733 2326 Graecis
765 2293 887 2336 poetis

145 2342 182 2373 et
220 2341 336 2384 epicis
375 2343 412 2374 et
449 2340 620 2386 tragicis,
665 2351 711 2374 ex
748 2340 888 2384 quibus

144 2397 299 2421 suarum
343 2388 622 2433 tragoediarum
667 2390 888 2431 argumenta

143 2433 354 2478 desumpsit
366 2438 631 2479 praeterquam
647 2434 762 2468 unius
779 2445 887 2478 prae-

143 2483 266 2515 textae
292 2482 439 2515 Pauli.“
482 2482 519 2515 Is
545 2493 567 2515 a
591 2481 763 2515 Varrone
788 2481 887 2525 apud

145 2528 241 2562 Gell.
270 2530 310 2571 7,
337 2530 399 2571 14,
425 2531 458 2562 6.
484 2530 662 2562 ubertatis
688 2529 805 2562 fuisse
833 2528 888 2562 di-

145 2577 244 2610 citur
270 2577 471 2617 exemplar.
500 2595 543 2599 —
573 2575 715 2618 Accius]
748 2575 790 2608 L.
816 2575 888 2609 Ac-

145 2624 228 2657 cius
256 2623 298 2665 (s.
325 2623 467 2665 Attius)
500 2626 612 2656 natus
638 2633 671 2656 a.
690 2634 726 2655 u.
746 2633 776 2656 c.
804 2623 885 2656 584.

143 2671 255 2704 vitam
283 2681 326 2704 eo
354 2681 476 2714 usque
501 2669 691 2714 produxit,
717 2673 759 2703 ut
781 2669 884 2703 vide-

144 2717 193 2752 rit
236 2717 275 2751 C.
311 2717 450 2751 Iulium
491 2718 690 2752 Caesarem
735 2716 885 2751 Strabo-

943 674 1029 697 nem
1054 663 1278 708 Vopiscum,
1311 665 1497 697 oratorem
1524 666 1561 697 et
1592 664 1682 707 poe-

943 713 1017 744 tam
1055 711 1260 756 tragicum,
1302 711 1367 755 qui
1405 721 1438 744 a.
1471 721 1508 744 u.
1543 720 1573 743 c.
1601 712 1681 744 667.

942 757 1135 792 aedilitius
1171 758 1296 802 periit.
1344 757 1499 792 Praeter
1537 760 1682 802 tragoe-

943 805 1023 839 dias
1065 806 1217 849 scripsit
1261 805 1373 839 etiam
1413 804 1680 839 Didascalicon

942 852 1070 886 libros.
1122 852 1229 886 Conf.
1265 852 1340 886 Sat.
1376 855 1415 895 1,
1450 854 1512 893 10,
1547 853 1604 885 53.
1636 852 1681 886 Α.

941 899 982 933 Ρ.
1021 902 1089 933 258
1128 911 1181 944 sq.
1214 917 1262 924 —
1294 899 1383 942 alli]
1433 898 1681 942 „sublimis.“

940 947 1082 991 Repete
1126 949 1251 981 autem
1291 948 1406 990 seni33
1449 957 1524 980 non
1568 945 1681 989 enim,

942 997 984 1028 ut
1016 994 1102 1028 aliis
1135 995 1299 1038 placuit,
1337 994 1516 1038 supplere
1547 1003 1684 1038 possu-

942 1052 1025 1075 mus
1050 1044 1191 1083 poe'lae.
1230 1041 1394 1075 Omnino
1421 1043 1568 1075 veteres
1593 1043 1683 1084 poe-

940 1091 997 1122 tas
1022 1097 1123 1122 senes
1149 1088 1402 1132 appellabant,
1427 1090 1470 1121 ut
1490 1087 1680 1121 Lucilium

941 1134 1014 1169 Sat.
1042 1138 1081 1175 2,
1110 1138 1147 1178 1,
1175 1137 1232 1169 34.
1284 1134 1422 1169 Statius
1455 1134 1544 1168 silv.
1582 1137 1620 1175 1,
1647 1136 1680 1177 2,

941 1184 1028 1216 253:
1056 1184 1371 1223 Callimachusque
1393 1191 1514 1215 senex.
1530 1200 1573 1205 —-
1588 1182 1679 1215 Per-

940 1240 1048 1264 verse
1099 1230 1378 1264 Commentator
1428 1228 1587 1273 Gruquii
1642 1231 1682 1263 et

941 1276 1135 1311 Glossator
1163 1276 1310 1311 Codicis
1335 1276 1392 1309 E:
1433 1277 1548 1318 senis,
1583 1274 1681 1318 „So-

939 1325 1129 1368 phoclis“;
1155 1325 1243 1366 alli,
1272 1322 1495 1367 „Euripidis
1506 1322 1537 1356 “.
1561 1321 1680 1357 Immo

939 1371 1158 1416 interpretis
1192 1372 1274 1416 loco
1307 1370 1488 1416 fungatur
1520 1369 1679 1409 Quintil.

942 1421 1005 1461 10,
1039 1422 1077 1461 1,
1111 1421 1182 1453 97:
1222 1419 1447 1460 Traaoediae
1482 1419 1679 1458 scriptores

938 1469 1103 1500 velerum
1151 1467 1280 1499 Accius
1337 1468 1444 1506 alque
1492 1465 1678 1498 Pacuvius

939 1515 1135 1547 clar-issimi
1176 1514 1356 1554 oravilale
1402 1513 1679 1554 sententiarum,

939 1562 1133 1594 verborum
1153 1562 1328 1603 pondere,
1353 1560 1571 1593 auctoritaie
1594 1566 1679 1600 per-

937 1617 1125 1642 sonarum.
1169 1610 1332 1642 Celerum
1356 1608 1454 1640 nitor
1479 1608 1512 1640 el
1535 1614 1680 1639 summa

938 1657 978 1688 in
1003 1657 1210 1690 excolendis
1241 1655 1408 1696 operibus
1440 1661 1571 1686 manus
1602 1661 1678 1686 ma-

939 1704 991 1744 qis
1015 1704 1134 1736 videri
1164 1704 1279 1743 potest
1313 1702 1533 1742 temporibus
1566 1707 1679 1739 quam

937 1751 1024 1791 ipsis
1062 1751 1228 1791 defuisse.
1281 1749 1422 1782 Virium
1454 1749 1577 1779 lamen
1608 1746 1678 1779 Ac-

938 1798 992 1829 cio
1027 1798 1112 1838 plus
1150 1796 1351 1829 tribuitur.-
1384 1795 1589 1827 Pacuvium
1625 1795 1678 1827 vi-

937 1845 1018 1877 deri
1053 1844 1327 1884 doctiorem,
1370 1842 1433 1882 qui
1470 1850 1544 1874 esse
1582 1841 1679 1874 dccli

937 1892 1120 1931 affectant,
1145 1890 1286 1923 volunt.

985 1962 1041 1994 57.
1074 1960 1233 2003 Afrani]
1271 1960 1313 1993 L.
1338 1958 1519 1993 Afranius
1549 1958 1678 1992 floruit

938 2008 1088 2042 circiter
1121 2019 1154 2042 a.
1180 2019 1216 2041 u.
1244 2017 1275 2041 c.
1301 2009 1381 2041 660.
1433 2005 1592 2045 Quintil.
1620 2006 1676 2048 10,

940 2058 978 2096 1,
1014 2057 1104 2089 100:
1142 2056 1286 2096 Toqalis
1321 2054 1464 2088 excellit
1489 2053 1676 2094 Afranius,

936 2104 1150 2144 utinamque
1188 2111 1261 2135 non
1301 2102 1527 2142 inquinasset
1565 2107 1678 2141 arqu-

936 2153 1059 2184 menta
1092 2158 1294 2192 puerorum
1331 2149 1446 2190 foedis
1480 2148 1676 2189 amoribus,

936 2206 1056 2231 mores
1086 2206 1171 2230 suos
1201 2198 1343 2238 fassus!
1385 2195 1460 2229 Cic.
1486 2194 1593 2228 Brut.
1618 2195 1677 2236 45,

940 2246 1028 2278 167:
1054 2246 1093 2278 L.
1119 2245 1295 2286 Afranius
1318 2244 1439 2285 poeta,
1465 2243 1569 2275 homo
1590 2249 1677 2282 per-

937 2295 1110 2334 arqulus,
1143 2293 1184 2324 in
1215 2291 1352 2333 sabulis
1386 2289 1532 2330 quidem
1556 2289 1676 2330 eliam,

936 2342 977 2372 ul
1001 2341 1116 2381 scitis,
1151 2339 1317 2372 disertus.
1367 2336 1579 2380 Supersunt
1609 2334 1678 2369 ad-

935 2387 1010 2419 huc
1035 2387 1122 2430 plus
1148 2384 1226 2419 XL.
1253 2384 1466 2419 fabularum
1499 2383 1582 2416 eius
1607 2392 1676 2415 no-

937 2434 1040 2467 mina
1064 2436 1101 2467 et
1125 2432 1324 2476 reliquiae.
1373 2430 1455 2465 Hoc
1479 2430 1596 2475 igitur
1621 2428 1676 2462 di-

938 2481 1074 2514 cebant
1111 2479 1270 2513 Critici:
1313 2477 1491 2521 „Afranii
1528 2475 1674 2511 fabulas

937 2530 1100 2572 togatas,
1150 2530 1187 2560 et
1228 2526 1381 2570 quidem
1429 2522 1674 2564 tabernarias,

936 2585 1054 2619 prope
1089 2573 1268 2607 accedere
1302 2573 1349 2607 ad
1380 2569 1578 2605 Menandri
1622 2569 1676 2603 fa-

936 2621 1044 2656 bulas
1071 2620 1299 2665 (palliatas):
1326 2619 1433 2653 illum
1458 2618 1570 2651 vitam
1597 2626 1676 2650 mo-

934 2678 1071 2713 resque
1103 2668 1358 2701 Romanorum
1391 2664 1522 2699 eadem
1553 2663 1674 2697 felici-

934 2718 1010 2750 tate
1050 2715 1235 2749 imitatum
1273 2724 1356 2748 esse
1392 2722 1436 2747 ao
1466 2710 1674 2746 Menander
