<?xml version="1.0" encoding="UTF-8"?>
<!DOCTYPE html PUBLIC "-//W3C//DTD XHTML 1.0 Transitional//EN"
    "http://www.w3.org/TR/xhtml1/DTD/xhtml1-transitional.dtd">
<html xmlns="http://www.w3.org/1999/xhtml" xml:lang="en" lang="en">
 <head>
  <title>
</title>
<meta http-equiv="Content-Type" content="text/html;charset=utf-8" />
  <meta name='ocr-system' content='tesseract 3.04.00' />
  <meta name='ocr-capabilities' content='ocr_page ocr_carea ocr_par ocr_line ocrx_word'/>
</head>
<body>
  <div class='ocr_page' id='page_1' title='image "./qhoratiusflaccus00horauoft_0460.png"; bbox 0 0 1774 2930; ppageno 0'>
   <div class='ocr_carea' id='block_1_1' title="bbox 158 135 246 177">
    <p class='ocr_par' dir='ltr' id='par_1_1' title="bbox 158 135 246 177">
     <span class='ocr_line' id='line_1_1' title="bbox 158 135 246 177; baseline 0 -1"><span class='ocrx_word' id='word_1_1' title='bbox 158 135 246 177; x_wconf 84' lang='lat'><strong>452</strong></span> 
     </span>
    </p>
   </div>
   <div class='ocr_carea' id='block_1_2' title="bbox 279 234 1345 293">
    <p class='ocr_par' dir='ltr' id='par_1_2' title="bbox 279 234 1345 293">
     <span class='ocr_line' id='line_1_2' title="bbox 279 234 1345 293; baseline 0.003 -15"><span class='ocrx_word' id='word_1_2' title='bbox 279 234 488 279; x_wconf 88' lang='lat' dir='ltr'><strong>Obturem</strong></span> <span class='ocrx_word' id='word_1_3' title='bbox 518 236 689 293; x_wconf 86' lang='lat' dir='ltr'><strong>patulas</strong></span> <span class='ocrx_word' id='word_1_4' title='bbox 720 236 897 292; x_wconf 90' lang='lat' dir='ltr'><strong>impune</strong></span> <span class='ocrx_word' id='word_1_5' title='bbox 927 237 1173 293; x_wconf 86' lang='lat' dir='ltr'><strong>legentibus</strong></span> <span class='ocrx_word' id='word_1_6' title='bbox 1205 252 1345 282; x_wconf 86' lang='lat' dir='ltr'><strong>aures.</strong></span> 
     </span>
    </p>
   </div>
   <div class='ocr_carea' id='block_1_3' title="bbox 639 134 1221 181">
    <p class='ocr_par' dir='ltr' id='par_1_3' title="bbox 639 134 1221 181">
     <span class='ocr_line' id='line_1_3' title="bbox 639 134 1221 181; baseline 0.003 -12"><span class='ocrx_word' id='word_1_7' title='bbox 639 134 849 170; x_wconf 76' lang='lat' dir='ltr'>HORATH</span> <span class='ocrx_word' id='word_1_8' title='bbox 871 135 1221 181; x_wconf 65' lang='lat' dir='ltr'><strong>nmsromatm</strong></span> 
     </span>
    </p>
   </div>
   <div class='ocr_carea' id='block_1_4' title="bbox 277 306 1462 578">
    <p class='ocr_par' dir='ltr' id='par_1_4' title="bbox 277 306 1462 578">
     <span class='ocr_line' id='line_1_4' title="bbox 277 306 1462 364; baseline 0.003 -15"><span class='ocrx_word' id='word_1_9' title='bbox 277 306 490 349; x_wconf 79' lang='lat' dir='ltr'><strong>Ridentur</strong></span> <span class='ocrx_word' id='word_1_10' title='bbox 521 308 636 350; x_wconf 85' lang='lat' dir='ltr'><strong>mala</strong></span> <span class='ocrx_word' id='word_1_11' title='bbox 667 308 743 363; x_wconf 90' lang='lat' dir='ltr'><strong>qui</strong></span> <span class='ocrx_word' id='word_1_12' title='bbox 775 311 1037 364; x_wconf 88' lang='lat' dir='ltr'><strong>componunt</strong></span> <span class='ocrx_word' id='word_1_13' title='bbox 1069 309 1280 364; x_wconf 83' lang='lat' dir='ltr'><strong>carmina3</strong></span> <span class='ocrx_word' id='word_1_14' title='bbox 1311 316 1462 353; x_wconf 83' lang='lat' dir='ltr'><strong>verum</strong></span> 
     </span>
     <span class='ocr_line' id='line_1_5' title="bbox 280 377 1433 436; baseline 0.003 -16"><span class='ocrx_word' id='word_1_15' title='bbox 280 377 480 421; x_wconf 81' lang='lat' dir='ltr'><strong>Gaudent</strong></span> <span class='ocrx_word' id='word_1_16' title='bbox 511 378 750 421; x_wconf 79' lang='lat' dir='ltr'>scribentes</span> <span class='ocrx_word' id='word_1_17' title='bbox 783 382 826 421; x_wconf 89' lang='lat' dir='ltr'><strong>et</strong></span> <span class='ocrx_word' id='word_1_18' title='bbox 857 393 905 421; x_wconf 90' lang='lat' dir='ltr'><strong>se</strong></span> <span class='ocrx_word' id='word_1_19' title='bbox 935 384 1196 422; x_wconf 79' lang='lat' dir='ltr'><strong>venerantur</strong></span> <span class='ocrx_word' id='word_1_20' title='bbox 1227 384 1272 423; x_wconf 90' lang='lat' dir='ltr'><strong>et</strong></span> <span class='ocrx_word' id='word_1_21' title='bbox 1300 381 1433 436; x_wconf 88' lang='lat' dir='ltr'><strong>ultro,</strong></span> 
     </span>
     <span class='ocr_line' id='line_1_6' title="bbox 279 448 1379 507; baseline 0.003 -16"><span class='ocrx_word' id='word_1_22' title='bbox 279 448 326 491; x_wconf 84' lang='lat' dir='ltr'><strong>Si</strong></span> <span class='ocrx_word' id='word_1_23' title='bbox 357 453 525 503; x_wconf 84' lang='lat' dir='ltr'><strong>taceas,</strong></span> <span class='ocrx_word' id='word_1_24' title='bbox 556 449 735 492; x_wconf 85' lang='lat' dir='ltr'><strong>laudant</strong></span> <span class='ocrx_word' id='word_1_25' title='bbox 765 449 974 506; x_wconf 92' lang='lat' dir='ltr'><strong>quidquid</strong></span> <span class='ocrx_word' id='word_1_26' title='bbox 1005 450 1217 507; x_wconf 83' lang='lat' dir='ltr'><strong>scripsere</strong></span> <span class='ocrx_word' id='word_1_27' title='bbox 1247 451 1379 494; x_wconf 86' lang='lat' dir='ltr'><strong>beati.</strong></span> 
     </span>
     <span class='ocr_line' id='line_1_7' title="bbox 279 519 1284 578; baseline 0.003 -17"><span class='ocrx_word' id='word_1_28' title='bbox 279 519 338 562; x_wconf 90' lang='lat' dir='ltr'><strong>At</strong></span> <span class='ocrx_word' id='word_1_29' title='bbox 370 521 444 576; x_wconf 90' lang='lat' dir='ltr'><strong>qui</strong></span> <span class='ocrx_word' id='word_1_30' title='bbox 473 520 715 576; x_wconf 87' lang='lat' dir='ltr'><strong>legitimum</strong></span> <span class='ocrx_word' id='word_1_31' title='bbox 749 521 894 577; x_wconf 88' lang='lat' dir='ltr'><strong>cupiet</strong></span> <span class='ocrx_word' id='word_1_32' title='bbox 925 520 1080 564; x_wconf 87' lang='lat' dir='ltr'><strong>fecisse</strong></span> <span class='ocrx_word' id='word_1_33' title='bbox 1109 525 1284 578; x_wconf 72' lang='lat' dir='ltr'><strong>poema,</strong></span> 
     </span>
    </p>
   </div>
   <div class='ocr_carea' id='block_1_5' title="bbox 279 590 1417 649">
    <p class='ocr_par' dir='ltr' id='par_1_5' title="bbox 279 590 1417 649">
     <span class='ocr_line' id='line_1_8' title="bbox 279 590 1417 649; baseline 0.002 -16"><span class='ocrx_word' id='word_1_34' title='bbox 279 590 390 633; x_wconf 81' lang='lat' dir='ltr'><strong>Cum</strong></span> <span class='ocrx_word' id='word_1_35' title='bbox 419 591 578 634; x_wconf 88' lang='lat' dir='ltr'><strong>tabulis</strong></span> <span class='ocrx_word' id='word_1_36' title='bbox 610 592 801 634; x_wconf 90' lang='lat' dir='ltr'><strong>animum</strong></span> <span class='ocrx_word' id='word_1_37' title='bbox 831 592 1021 635; x_wconf 89' lang='lat' dir='ltr'><strong>censoris</strong></span> <span class='ocrx_word' id='word_1_38' title='bbox 1053 597 1194 635; x_wconf 90' lang='lat' dir='ltr'><strong>sumet</strong></span> <span class='ocrx_word' id='word_1_39' title='bbox 1223 593 1417 649; x_wconf 80' lang='lat' dir='ltr'><strong>honest-13</strong></span> 
     </span>
    </p>
   </div>
   <div class='ocr_carea' id='block_1_6' title="bbox 278 662 1509 720">
    <p class='ocr_par' dir='ltr' id='par_1_6' title="bbox 278 662 1509 720">
     <span class='ocr_line' id='line_1_9' title="bbox 278 662 1509 720; baseline 0.003 -16"><span class='ocrx_word' id='word_1_40' title='bbox 278 662 488 717; x_wconf 80' lang='lat' dir='ltr'><strong>Audebit,</strong></span> <span class='ocrx_word' id='word_1_41' title='bbox 522 677 803 719; x_wconf 87' lang='lat' dir='ltr'><strong>quaecunque</strong></span> <span class='ocrx_word' id='word_1_42' title='bbox 833 676 987 719; x_wconf 83' lang='lat' dir='ltr'><strong>parum</strong></span> <span class='ocrx_word' id='word_1_43' title='bbox 1018 663 1257 720; x_wconf 84' lang='lat' dir='ltr'><strong>splendoris</strong></span> <span class='ocrx_word' id='word_1_44' title='bbox 1288 664 1509 707; x_wconf 85' lang='lat' dir='ltr'><strong>habebunt</strong></span> 
     </span>
    </p>
   </div>
   <div class='ocr_carea' id='block_1_7' title="bbox 156 816 902 2615">
    <p class='ocr_par' dir='ltr' id='par_1_7' title="bbox 156 816 902 2615">
     <span class='ocr_line' id='line_1_10' title="bbox 160 816 901 860; baseline -0.003 -8"><span class='ocrx_word' id='word_1_45' title='bbox 160 827 291 852; x_wconf 79' lang='lat' dir='ltr'><strong>sanam</strong></span> <span class='ocrx_word' id='word_1_46' title='bbox 347 819 511 851; x_wconf 87' lang='lat' dir='ltr'><strong>mentem</strong></span> <span class='ocrx_word' id='word_1_47' title='bbox 566 817 738 860; x_wconf 87' lang='lat' dir='ltr'><strong>rediero,</strong></span> <span class='ocrx_word' id='word_1_48' title='bbox 796 816 901 851; x_wconf 87' lang='lat' dir='ltr'><strong>facili</strong></span> 
     </span>
     <span class='ocr_line' id='line_1_11' title="bbox 160 864 902 909; baseline 0 -10"><span class='ocrx_word' id='word_1_49' title='bbox 160 874 278 909; x_wconf 87' lang='lat' dir='ltr'><strong>opera</strong></span> <span class='ocrx_word' id='word_1_50' title='bbox 308 874 367 897; x_wconf 90' lang='lat' dir='ltr'><strong>me</strong></span> <span class='ocrx_word' id='word_1_51' title='bbox 401 864 449 898; x_wconf 89' lang='lat' dir='ltr'><strong>ab</strong></span> <span class='ocrx_word' id='word_1_52' title='bbox 482 864 543 898; x_wconf 83' lang='lat' dir='ltr'><strong>his</strong></span> <span class='ocrx_word' id='word_1_53' title='bbox 577 864 773 899; x_wconf 89' lang='lat' dir='ltr'><strong>aerumnis</strong></span> <span class='ocrx_word' id='word_1_54' title='bbox 807 864 902 899; x_wconf 89' lang='lat' dir='ltr'><strong>libe-</strong></span> 
     </span>
     <span class='ocr_line' id='line_1_12' title="bbox 159 911 900 953; baseline 0 -7"><span class='ocrx_word' id='word_1_55' title='bbox 159 911 288 946; x_wconf 83' lang='lat' dir='ltr'><strong>rabo.⁴‘·</strong></span> <span class='ocrx_word' id='word_1_56' title='bbox 309 930 352 935; x_wconf 87' lang='lat'><strong>——</strong></span> <span class='ocrx_word' id='word_1_57' title='bbox 374 912 549 945; x_wconf 74' lang='lat' dir='ltr'><strong>obturem</strong></span> <span class='ocrx_word' id='word_1_58' title='bbox 569 913 725 953; x_wconf 81' lang='lat' dir='ltr'><strong>patulas</strong></span> <span class='ocrx_word' id='word_1_59' title='bbox 751 913 900 953; x_wconf 81' lang='lat' dir='ltr'><strong>impune</strong></span> 
     </span>
     <span class='ocr_line' id='line_1_13' title="bbox 162 958 901 1004; baseline 0 -11"><span class='ocrx_word' id='word_1_60' title='bbox 162 960 361 1001; x_wconf 63' lang='lat' dir='ltr'><strong>tenentibus</strong></span> <span class='ocrx_word' id='word_1_61' title='bbox 387 959 518 1002; x_wconf 78' lang='lat' dir='ltr'><strong>aures]</strong></span> <span class='ocrx_word' id='word_1_62' title='bbox 543 958 633 1004; x_wconf 86' lang='lat' dir='ltr'><strong>Ipsa</strong></span> <span class='ocrx_word' id='word_1_63' title='bbox 656 970 790 993; x_wconf 86' lang='lat' dir='ltr'><strong>versus</strong></span> <span class='ocrx_word' id='word_1_64' title='bbox 818 970 901 993; x_wconf 84' lang='lat' dir='ltr'><strong>cae-</strong></span> 
     </span>
     <span class='ocr_line' id='line_1_14' title="bbox 160 1006 899 1041; baseline -0.001 0"><span class='ocrx_word' id='word_1_65' title='bbox 160 1017 250 1041; x_wconf 83' lang='lat' dir='ltr'><strong>sura</strong></span> <span class='ocrx_word' id='word_1_66' title='bbox 274 1006 381 1040; x_wconf 90' lang='lat' dir='ltr'><strong>iubet</strong></span> <span class='ocrx_word' id='word_1_67' title='bbox 398 1017 468 1040; x_wconf 89' lang='lat' dir='ltr'><strong>nos</strong></span> <span class='ocrx_word' id='word_1_68' title='bbox 487 1017 571 1040; x_wconf 90' lang='grc'><strong>011111</strong></span> <span class='ocrx_word' id='word_1_69' title='bbox 588 1006 760 1041; x_wconf 88' lang='lat' dir='ltr'><strong>Iacobsio</strong></span> <span class='ocrx_word' id='word_1_70' title='bbox 778 1006 899 1040; x_wconf 85' lang='lat' dir='ltr'><strong>Lectt.</strong></span> 
     </span>
     <span class='ocr_line' id='line_1_15' title="bbox 158 1054 899 1099; baseline 0 -12"><span class='ocrx_word' id='word_1_71' title='bbox 158 1054 303 1088; x_wconf 87' lang='lat' dir='ltr'><strong>Venus.</strong></span> <span class='ocrx_word' id='word_1_72' title='bbox 337 1065 374 1098; x_wconf 87' lang='lat' dir='ltr'><strong>p.</strong></span> <span class='ocrx_word' id='word_1_73' title='bbox 413 1055 495 1088; x_wconf 85' lang='lat'><strong>206.</strong></span> <span class='ocrx_word' id='word_1_74' title='bbox 532 1054 713 1099; x_wconf 89' lang='lat' dir='ltr'><strong>iungere:</strong></span> <span class='ocrx_word' id='word_1_75' title='bbox 751 1056 899 1096; x_wconf 84' lang='lat' dir='ltr'><strong>impune</strong></span> 
     </span>
     <span class='ocr_line' id='line_1_16' title="bbox 162 1101 899 1143; baseline 0.001 -9"><span class='ocrx_word' id='word_1_76' title='bbox 162 1102 381 1143; x_wconf 71' lang='lat' dir='ltr'><strong>leaentibu35</strong></span> <span class='ocrx_word' id='word_1_77' title='bbox 423 1104 460 1135; x_wconf 88' lang='lat' dir='ltr'><strong>et</strong></span> <span class='ocrx_word' id='word_1_78' title='bbox 499 1112 534 1135; x_wconf 84' lang='lat' dir='ltr'><strong>v.</strong></span> <span class='ocrx_word' id='word_1_79' title='bbox 578 1102 779 1143; x_wconf 74' lang='lat' dir='ltr'><strong>leaentibus</strong></span> <span class='ocrx_word' id='word_1_80' title='bbox 816 1101 899 1136; x_wconf 88' lang='lat' dir='ltr'><strong>sine</strong></span> 
     </span>
     <span class='ocr_line' id='line_1_17' title="bbox 160 1147 899 1194; baseline -0.001 -11"><span class='ocrx_word' id='word_1_81' title='bbox 160 1148 326 1193; x_wconf 88' lang='lat' dir='ltr'><strong>epitheto</strong></span> <span class='ocrx_word' id='word_1_82' title='bbox 392 1147 670 1183; x_wconf 79' lang='lat' dir='ltr'><strong>incredibiliter</strong></span> <span class='ocrx_word' id='word_1_83' title='bbox 731 1149 899 1194; x_wconf 87' lang='lat' dir='ltr'><strong>languet.</strong></span> 
     </span>
     <span class='ocr_line' id='line_1_18' title="bbox 158 1195 900 1241; baseline -0.001 -11"><span class='ocrx_word' id='word_1_84' title='bbox 158 1195 241 1230; x_wconf 89' lang='lat' dir='ltr'><strong>Hoc</strong></span> <span class='ocrx_word' id='word_1_85' title='bbox 279 1206 368 1241; x_wconf 86' lang='lat' dir='ltr'><strong>ergo</strong></span> <span class='ocrx_word' id='word_1_86' title='bbox 406 1195 522 1229; x_wconf 88' lang='lat' dir='ltr'><strong>dicit:</strong></span> <span class='ocrx_word' id='word_1_87' title='bbox 567 1195 630 1239; x_wconf 86' lang='lat' dir='ltr'><strong>„Si</strong></span> <span class='ocrx_word' id='word_1_88' title='bbox 668 1196 787 1230; x_wconf 91' lang='lat' dir='ltr'><strong>nullis</strong></span> <span class='ocrx_word' id='word_1_89' title='bbox 825 1196 900 1230; x_wconf 88' lang='lat' dir='ltr'><strong>iam</strong></span> 
     </span>
     <span class='ocr_line' id='line_1_19' title="bbox 158 1243 901 1288; baseline -0.001 -11"><span class='ocrx_word' id='word_1_90' title='bbox 158 1243 447 1278; x_wconf 79' lang='lat' dir='ltr'><strong>recitationibus</strong></span> <span class='ocrx_word' id='word_1_91' title='bbox 466 1243 593 1286; x_wconf 86' lang='lat' dir='ltr'><strong>adero,</strong></span> <span class='ocrx_word' id='word_1_92' title='bbox 620 1243 710 1277; x_wconf 87' lang='lat' dir='ltr'><strong>mali</strong></span> <span class='ocrx_word' id='word_1_93' title='bbox 726 1243 785 1277; x_wconf 93' lang='lat' dir='ltr'><strong>illi</strong></span> <span class='ocrx_word' id='word_1_94' title='bbox 809 1245 901 1288; x_wconf 72' lang='lat' dir='ltr'><strong>poe-</strong></span> 
     </span>
     <span class='ocr_line' id='line_1_20' title="bbox 159 1290 902 1335; baseline -0.001 -10"><span class='ocrx_word' id='word_1_95' title='bbox 159 1293 220 1325; x_wconf 88' lang='lat' dir='ltr'><strong>tae</strong></span> <span class='ocrx_word' id='word_1_96' title='bbox 246 1290 463 1325; x_wconf 85' lang='lat' dir='ltr'><strong>recitabunt</strong></span> <span class='ocrx_word' id='word_1_97' title='bbox 496 1290 666 1324; x_wconf 84' lang='lat' dir='ltr'><strong>carmina</strong></span> <span class='ocrx_word' id='word_1_98' title='bbox 698 1301 766 1325; x_wconf 83' lang='lat' dir='ltr'><strong>sua</strong></span> <span class='ocrx_word' id='word_1_99' title='bbox 791 1301 902 1335; x_wconf 88' lang='lat' dir='ltr'><strong>pror-</strong></span> 
     </span>
     <span class='ocr_line' id='line_1_21' title="bbox 160 1338 901 1383; baseline -0.001 -10"><span class='ocrx_word' id='word_1_100' title='bbox 160 1349 225 1373; x_wconf 89' lang='lat' dir='ltr'><strong>sus</strong></span> <span class='ocrx_word' id='word_1_101' title='bbox 253 1338 379 1372; x_wconf 90' lang='lat' dir='ltr'><strong>securi</strong></span> <span class='ocrx_word' id='word_1_102' title='bbox 405 1348 427 1371; x_wconf 92' lang='lat' dir='ltr'><strong>a</strong></span> <span class='ocrx_word' id='word_1_103' title='bbox 450 1338 644 1382; x_wconf 89' lang='lat' dir='ltr'><strong>periculo,</strong></span> <span class='ocrx_word' id='word_1_104' title='bbox 675 1348 724 1371; x_wconf 90' lang='lat' dir='ltr'><strong>ne</strong></span> <span class='ocrx_word' id='word_1_105' title='bbox 750 1348 819 1383; x_wconf 91' lang='lat' dir='ltr'><strong>ego</strong></span> <span class='ocrx_word' id='word_1_106' title='bbox 847 1338 901 1372; x_wconf 88' lang='lat' dir='ltr'><strong>vi-</strong></span> 
     </span>
     <span class='ocr_line' id='line_1_22' title="bbox 161 1385 901 1430; baseline 0 -10"><span class='ocrx_word' id='word_1_107' title='bbox 161 1385 290 1420; x_wconf 88' lang='lat' dir='ltr'><strong>cissim</strong></span> <span class='ocrx_word' id='word_1_108' title='bbox 316 1395 381 1420; x_wconf 92' lang='lat' dir='ltr'><strong>eos</strong></span> <span class='ocrx_word' id='word_1_109' title='bbox 399 1385 556 1430; x_wconf 86' lang='lat' dir='ltr'><strong>puniam</strong></span> <span class='ocrx_word' id='word_1_110' title='bbox 583 1387 619 1419; x_wconf 88' lang='lat' dir='ltr'><strong>et</strong></span> <span class='ocrx_word' id='word_1_111' title='bbox 637 1395 791 1419; x_wconf 87' lang='lat' dir='ltr'><strong>enecem</strong></span> <span class='ocrx_word' id='word_1_112' title='bbox 817 1396 901 1420; x_wconf 86' lang='lat' dir='ltr'><strong>mea</strong></span> 
     </span>
     <span class='ocr_line' id='line_1_23' title="bbox 161 1432 899 1478; baseline -0.003 -10"><span class='ocrx_word' id='word_1_113' title='bbox 161 1434 303 1478; x_wconf 87' lang='lat' dir='ltr'><strong>scripta</strong></span> <span class='ocrx_word' id='word_1_114' title='bbox 319 1432 558 1476; x_wconf 85' lang='lat' dir='ltr'><strong>recitando;“</strong></span> <span class='ocrx_word' id='word_1_115' title='bbox 579 1444 694 1478; x_wconf 88' lang='lat' dir='ltr'><strong>quam</strong></span> <span class='ocrx_word' id='word_1_116' title='bbox 716 1433 899 1467; x_wconf 88' lang='lat' dir='ltr'><strong>ultionem</strong></span> 
     </span>
     <span class='ocr_line' id='line_1_24' title="bbox 160 1480 900 1526; baseline -0.001 -11"><span class='ocrx_word' id='word_1_117' title='bbox 160 1492 189 1515; x_wconf 92' lang='lat' dir='ltr'><strong>s.</strong></span> <span class='ocrx_word' id='word_1_118' title='bbox 212 1491 376 1526; x_wconf 81' lang='lat' dir='ltr'><strong>poenam</strong></span> <span class='ocrx_word' id='word_1_119' title='bbox 401 1480 528 1515; x_wconf 87' lang='lat' dir='ltr'><strong>iocose</strong></span> <span class='ocrx_word' id='word_1_120' title='bbox 555 1481 674 1525; x_wconf 81' lang='lat' dir='ltr'><strong>magis</strong></span> <span class='ocrx_word' id='word_1_121' title='bbox 701 1491 815 1525; x_wconf 88' lang='lat' dir='ltr'><strong>quam</strong></span> <span class='ocrx_word' id='word_1_122' title='bbox 841 1491 900 1515; x_wconf 90' lang='lat' dir='ltr'><strong>se-</strong></span> 
     </span>
     <span class='ocr_line' id='line_1_25' title="bbox 159 1527 899 1572; baseline -0.001 -10"><span class='ocrx_word' id='word_1_123' title='bbox 159 1528 218 1562; x_wconf 89' lang='lat' dir='ltr'><strong>rio</strong></span> <span class='ocrx_word' id='word_1_124' title='bbox 244 1528 293 1562; x_wconf 89' lang='lat' dir='ltr'><strong>iis</strong></span> <span class='ocrx_word' id='word_1_125' title='bbox 318 1529 463 1562; x_wconf 85' lang='lat' dir='ltr'><strong>instare</strong></span> <span class='ocrx_word' id='word_1_126' title='bbox 481 1527 692 1570; x_wconf 82' lang='lat' dir='ltr'><strong>minitatur,</strong></span> <span class='ocrx_word' id='word_1_127' title='bbox 718 1527 899 1572; x_wconf 82' lang='lat' dir='ltr'><strong>quamdiu</strong></span> 
     </span>
     <span class='ocr_line' id='line_1_26' title="bbox 160 1575 900 1620; baseline 0 -10"><span class='ocrx_word' id='word_1_128' title='bbox 160 1586 238 1610; x_wconf 92' lang='lat' dir='ltr'><strong>non</strong></span> <span class='ocrx_word' id='word_1_129' title='bbox 287 1575 432 1609; x_wconf 87' lang='lat' dir='ltr'><strong>finierit</strong></span> <span class='ocrx_word' id='word_1_130' title='bbox 487 1575 612 1609; x_wconf 83' lang='lat' dir='ltr'><strong>studia</strong></span> <span class='ocrx_word' id='word_1_131' title='bbox 659 1578 900 1620; x_wconf 84' lang='lat' dir='ltr'><strong>mentemque</strong></span> 
     </span>
     <span class='ocr_line' id='line_1_27' title="bbox 160 1622 900 1667; baseline -0.003 -9"><span class='ocrx_word' id='word_1_132' title='bbox 160 1623 368 1667; x_wconf 83' lang='lat' dir='ltr'><strong>receperit3</strong></span> <span class='ocrx_word' id='word_1_133' title='bbox 403 1623 551 1665; x_wconf 88' lang='lat' dir='ltr'><strong>iocose,</strong></span> <span class='ocrx_word' id='word_1_134' title='bbox 576 1623 752 1667; x_wconf 83' lang='lat' dir='ltr'><strong>inquam3</strong></span> <span class='ocrx_word' id='word_1_135' title='bbox 779 1622 900 1667; x_wconf 89' lang='lat' dir='ltr'><strong>siqui-</strong></span> 
     </span>
     <span class='ocr_line' id='line_1_28' title="bbox 160 1668 899 1715; baseline -0.001 -11"><span class='ocrx_word' id='word_1_136' title='bbox 160 1670 246 1704; x_wconf 90' lang='lat' dir='ltr'><strong>dem</strong></span> <span class='ocrx_word' id='word_1_137' title='bbox 294 1670 376 1715; x_wconf 89' lang='lat' dir='ltr'><strong>ipse</strong></span> <span class='ocrx_word' id='word_1_138' title='bbox 425 1668 601 1714; x_wconf 80' lang='lat' dir='ltr'><strong>publicas</strong></span> <span class='ocrx_word' id='word_1_139' title='bbox 652 1670 899 1704; x_wconf 82' lang='lat' dir='ltr'><strong>recitationes</strong></span> 
     </span>
     <span class='ocr_line' id='line_1_29' title="bbox 160 1717 900 1763; baseline 0 -12"><span class='ocrx_word' id='word_1_140' title='bbox 160 1727 357 1763; x_wconf 88' lang='lat' dir='ltr'><strong>nunquam</strong></span> <span class='ocrx_word' id='word_1_141' title='bbox 383 1717 570 1760; x_wconf 85' lang='lat' dir='ltr'><strong>instituit3</strong></span> <span class='ocrx_word' id='word_1_142' title='bbox 597 1717 651 1751; x_wconf 89' lang='lat' dir='ltr'><strong>ita</strong></span> <span class='ocrx_word' id='word_1_143' title='bbox 676 1720 719 1751; x_wconf 91' lang='lat' dir='ltr'><strong>ut</strong></span> <span class='ocrx_word' id='word_1_144' title='bbox 743 1728 784 1751; x_wconf 90' lang='lat' dir='ltr'><strong>re</strong></span> <span class='ocrx_word' id='word_1_145' title='bbox 810 1728 900 1751; x_wconf 83' lang='lat' dir='ltr'><strong>vera</strong></span> 
     </span>
     <span class='ocr_line' id='line_1_30' title="bbox 160 1764 899 1806; baseline -0.001 -8"><span class='ocrx_word' id='word_1_146' title='bbox 160 1765 239 1799; x_wconf 82' lang='lat' dir='ltr'><strong>illis</strong></span> <span class='ocrx_word' id='word_1_147' title='bbox 272 1765 380 1798; x_wconf 87' lang='lat' dir='ltr'><strong>nulla</strong></span> <span class='ocrx_word' id='word_1_148' title='bbox 413 1764 599 1799; x_wconf 86' lang='lat' dir='ltr'><strong>eiusmodi</strong></span> <span class='ocrx_word' id='word_1_149' title='bbox 629 1773 750 1806; x_wconf 84' lang='lat' dir='ltr'><strong>poena</strong></span> <span class='ocrx_word' id='word_1_150' title='bbox 783 1765 899 1798; x_wconf 78' lang='lat' dir='ltr'><strong>insta-</strong></span> 
     </span>
     <span class='ocr_line' id='line_1_31' title="bbox 160 1811 897 1856; baseline -0.003 -10"><span class='ocrx_word' id='word_1_151' title='bbox 160 1815 230 1846; x_wconf 89' lang='lat' dir='ltr'><strong>ret.</strong></span> <span class='ocrx_word' id='word_1_152' title='bbox 282 1811 474 1856; x_wconf 65' lang='lat' dir='ltr'><strong>(Accedit</strong></span> <span class='ocrx_word' id='word_1_153' title='bbox 503 1812 695 1845; x_wconf 85' lang='lat' dir='ltr'><strong>Iuvenalis</strong></span> <span class='ocrx_word' id='word_1_154' title='bbox 736 1811 897 1845; x_wconf 82' lang='lat' dir='ltr'><strong>imitatio</strong></span> 
     </span>
     <span class='ocr_line' id='line_1_32' title="bbox 162 1858 898 1902; baseline -0.004 -9"><span class='ocrx_word' id='word_1_155' title='bbox 162 1858 236 1893; x_wconf 80' lang='lat' dir='ltr'><strong>Sat.</strong></span> <span class='ocrx_word' id='word_1_156' title='bbox 256 1861 289 1902; x_wconf 92' lang='lat'><strong>1,</strong></span> <span class='ocrx_word' id='word_1_157' title='bbox 309 1861 348 1892; x_wconf 89' lang='lat'><strong>1:</strong></span> <span class='ocrx_word' id='word_1_158' title='bbox 373 1860 522 1900; x_wconf 83' lang='lat' dir='ltr'><strong>Semper</strong></span> <span class='ocrx_word' id='word_1_159' title='bbox 549 1867 613 1900; x_wconf 74' lang='lat' dir='ltr'><strong>eqo</strong></span> <span class='ocrx_word' id='word_1_160' title='bbox 640 1859 790 1891; x_wconf 81' lang='lat' dir='ltr'><strong>auditor</strong></span> <span class='ocrx_word' id='word_1_161' title='bbox 817 1860 898 1891; x_wconf 91' lang='lat' dir='ltr'><strong>tan-</strong></span> 
     </span>
     <span class='ocr_line' id='line_1_33' title="bbox 160 1907 897 1947; baseline -0.004 -7"><span class='ocrx_word' id='word_1_162' title='bbox 160 1908 262 1940; x_wconf 83' lang='lat' dir='ltr'><strong>tum?</strong></span> <span class='ocrx_word' id='word_1_163' title='bbox 286 1914 524 1946; x_wconf 80' lang='lat' dir='ltr'><strong>nunquamne</strong></span> <span class='ocrx_word' id='word_1_164' title='bbox 549 1907 751 1947; x_wconf 75' lang='lat' dir='ltr'><strong>reponam?</strong></span> <span class='ocrx_word' id='word_1_165' title='bbox 766 1923 805 1929; x_wconf 95' lang='lat'><strong>--</strong></span> <span class='ocrx_word' id='word_1_166' title='bbox 819 1907 897 1938; x_wconf 79' lang='lat' dir='ltr'><strong>im-</strong></span> 
     </span>
     <span class='ocr_line' id='line_1_34' title="bbox 156 1953 898 1996; baseline -0.001 -9"><span class='ocrx_word' id='word_1_167' title='bbox 156 1962 280 1996; x_wconf 85' lang='lat' dir='ltr'><strong>pune</strong></span> <span class='ocrx_word' id='word_1_168' title='bbox 323 1962 409 1994; x_wconf 75' lang='lat' dir='ltr'><strong>erqo</strong></span> <span class='ocrx_word' id='word_1_169' title='bbox 449 1954 539 1985; x_wconf 79' lang='lat' dir='ltr'><strong>mihi</strong></span> <span class='ocrx_word' id='word_1_170' title='bbox 583 1954 791 1986; x_wconf 77' lang='lat' dir='ltr'><strong>recitaverit</strong></span> <span class='ocrx_word' id='word_1_171' title='bbox 833 1953 898 1986; x_wconf 80' lang='lat' dir='ltr'><strong>itte</strong></span> 
     </span>
     <span class='ocr_line' id='line_1_35' title="bbox 161 2001 899 2043; baseline -0.004 -8"><span class='ocrx_word' id='word_1_172' title='bbox 161 2004 316 2043; x_wconf 73' lang='lat' dir='ltr'><strong>toqatas,</strong></span> <span class='ocrx_word' id='word_1_173' title='bbox 342 2002 416 2034; x_wconf 79' lang='lat' dir='ltr'><strong>Hic</strong></span> <span class='ocrx_word' id='word_1_174' title='bbox 434 2001 578 2041; x_wconf 76' lang='lat' dir='ltr'><strong>eleqos?</strong></span> <span class='ocrx_word' id='word_1_175' title='bbox 602 2001 780 2042; x_wconf 82' lang='lat' dir='ltr'><strong>impune</strong></span> <span class='ocrx_word' id='word_1_176' title='bbox 804 2001 899 2033; x_wconf 81' lang='lat' dir='ltr'><strong>diem</strong></span> 
     </span>
     <span class='ocr_line' id='line_1_36' title="bbox 161 2047 899 2091; baseline -0.003 -9"><span class='ocrx_word' id='word_1_177' title='bbox 161 2050 423 2090; x_wconf 75' lang='lat' dir='ltr'><strong>consumpserit</strong></span> <span class='ocrx_word' id='word_1_178' title='bbox 436 2049 564 2089; x_wconf 73' lang='lat' dir='ltr'><strong>inqens</strong></span> <span class='ocrx_word' id='word_1_179' title='bbox 578 2048 754 2089; x_wconf 82' lang='lat' dir='ltr'><strong>Telephus</strong></span> <span class='ocrx_word' id='word_1_180' title='bbox 762 2048 793 2091; x_wconf 83' lang='lat'><strong>?)</strong></span> <span class='ocrx_word' id='word_1_181' title='bbox 807 2047 899 2080; x_wconf 85' lang='lat' dir='ltr'><strong>Illu-</strong></span> 
     </span>
     <span class='ocr_line' id='line_1_37' title="bbox 161 2095 898 2139; baseline -0.003 -9"><span class='ocrx_word' id='word_1_182' title='bbox 161 2096 254 2130; x_wconf 82' lang='lat' dir='ltr'><strong>stria</strong></span> <span class='ocrx_word' id='word_1_183' title='bbox 278 2098 406 2130; x_wconf 90' lang='lat' dir='ltr'><strong>autem</strong></span> <span class='ocrx_word' id='word_1_184' title='bbox 438 2095 627 2139; x_wconf 85' lang='lat' dir='ltr'><strong>exempla,</strong></span> <span class='ocrx_word' id='word_1_185' title='bbox 663 2097 898 2139; x_wconf 86' lang='lat' dir='ltr'><strong>quantopere</strong></span> 
     </span>
     <span class='ocr_line' id='line_1_38' title="bbox 160 2142 898 2186; baseline -0.003 -9"><span class='ocrx_word' id='word_1_186' title='bbox 160 2144 296 2178; x_wconf 86' lang='lat' dir='ltr'><strong>intenti</strong></span> <span class='ocrx_word' id='word_1_187' title='bbox 339 2153 422 2177; x_wconf 89' lang='lat' dir='ltr'><strong>esse</strong></span> <span class='ocrx_word' id='word_1_188' title='bbox 464 2142 629 2176; x_wconf 88' lang='lat' dir='ltr'><strong>debeant</strong></span> <span class='ocrx_word' id='word_1_189' title='bbox 669 2142 898 2186; x_wconf 86' lang='lat' dir='ltr'><strong>interpretes</strong></span> 
     </span>
     <span class='ocr_line' id='line_1_39' title="bbox 160 2188 899 2234; baseline -0.004 -9"><span class='ocrx_word' id='word_1_190' title='bbox 160 2201 341 2225; x_wconf 83' lang='lat' dir='ltr'><strong>versuum</strong></span> <span class='ocrx_word' id='word_1_191' title='bbox 367 2201 567 2232; x_wconf 88' lang='lat' dir='ltr'><strong>caesurae,</strong></span> <span class='ocrx_word' id='word_1_192' title='bbox 601 2189 788 2234; x_wconf 84' lang='lat' dir='ltr'><strong>praebent</strong></span> <span class='ocrx_word' id='word_1_193' title='bbox 811 2188 899 2222; x_wconf 87' lang='lat' dir='ltr'><strong>Vir-</strong></span> 
     </span>
     <span class='ocr_line' id='line_1_40' title="bbox 161 2238 899 2284; baseline -0.003 -13"><span class='ocrx_word' id='word_1_194' title='bbox 161 2238 226 2284; x_wconf 86' lang='lat' dir='ltr'><strong>gil.</strong></span> <span class='ocrx_word' id='word_1_195' title='bbox 254 2238 318 2272; x_wconf 84' lang='lat' dir='ltr'><strong>Ge.</strong></span> <span class='ocrx_word' id='word_1_196' title='bbox 347 2240 380 2277; x_wconf 76' lang='lat'><strong>3,</strong></span> <span class='ocrx_word' id='word_1_197' title='bbox 406 2239 494 2272; x_wconf 87' lang='lat'>263:</span> <span class='ocrx_word' id='word_1_198' title='bbox 532 2239 607 2271; x_wconf 88' lang='lat' dir='ltr'><strong>Nec</strong></span> <span class='ocrx_word' id='word_1_199' title='bbox 630 2238 815 2270; x_wconf 80' lang='lat' dir='ltr'><strong>moritura</strong></span> <span class='ocrx_word' id='word_1_200' title='bbox 839 2245 899 2269; x_wconf 87' lang='lat' dir='ltr'><strong>su-</strong></span> 
     </span>
     <span class='ocr_line' id='line_1_41' title="bbox 156 2284 899 2328; baseline -0.001 -9"><span class='ocrx_word' id='word_1_201' title='bbox 156 2295 228 2327; x_wconf 85' lang='lat' dir='ltr'><strong>per</strong></span> <span class='ocrx_word' id='word_1_202' title='bbox 254 2287 395 2319; x_wconf 85' lang='lat' dir='ltr'><strong>crudeli</strong></span> <span class='ocrx_word' id='word_1_203' title='bbox 419 2287 548 2327; x_wconf 80' lang='lat' dir='ltr'><strong>sunere</strong></span> <span class='ocrx_word' id='word_1_204' title='bbox 573 2286 696 2327; x_wconf 73' lang='lat' dir='ltr'><strong>virqo,</strong></span> <span class='ocrx_word' id='word_1_205' title='bbox 727 2284 792 2318; x_wconf 92' lang='lat' dir='ltr'><strong>ubi</strong></span> <span class='ocrx_word' id='word_1_206' title='bbox 818 2284 899 2328; x_wconf 90' lang='lat' dir='ltr'><strong>ple-</strong></span> 
     </span>
     <span class='ocr_line' id='line_1_42' title="bbox 161 2333 896 2378; baseline -0.003 -12"><span class='ocrx_word' id='word_1_207' title='bbox 161 2333 271 2377; x_wconf 88' lang='lat' dir='ltr'><strong>rique</strong></span> <span class='ocrx_word' id='word_1_208' title='bbox 290 2333 456 2378; x_wconf 86' lang='lat' dir='ltr'><strong>iungunt</strong></span> <span class='ocrx_word' id='word_1_209' title='bbox 471 2341 581 2374; x_wconf 85' lang='lat' dir='ltr'><strong>super</strong></span> <span class='ocrx_word' id='word_1_210' title='bbox 598 2333 738 2365; x_wconf 77' lang='lat' dir='ltr'><strong>crudeli</strong></span> <span class='ocrx_word' id='word_1_211' title='bbox 754 2333 896 2374; x_wconf 85' lang='lat' dir='ltr'><strong>sunere,</strong></span> 
     </span>
     <span class='ocr_line' id='line_1_43' title="bbox 161 2379 898 2425; baseline -0.004 -11"><span class='ocrx_word' id='word_1_212' title='bbox 161 2383 263 2415; x_wconf 87' lang='lat' dir='ltr'><strong>recte</strong></span> <span class='ocrx_word' id='word_1_213' title='bbox 297 2383 428 2414; x_wconf 88' lang='lat' dir='ltr'><strong>contra</strong></span> <span class='ocrx_word' id='word_1_214' title='bbox 452 2379 687 2425; x_wconf 87' lang='lat' dir='ltr'><strong>Wagnerus:</strong></span> <span class='ocrx_word' id='word_1_215' title='bbox 723 2380 798 2414; x_wconf 87' lang='lat' dir='ltr'><strong>Nec</strong></span> <span class='ocrx_word' id='word_1_216' title='bbox 821 2387 898 2412; x_wconf 88' lang='lat' dir='ltr'><strong>mo-</strong></span> 
     </span>
     <span class='ocr_line' id='line_1_44' title="bbox 160 2427 898 2470; baseline -0.003 -9"><span class='ocrx_word' id='word_1_217' title='bbox 160 2429 283 2461; x_wconf 81' lang='lat' dir='ltr'><strong>ritura</strong></span> <span class='ocrx_word' id='word_1_218' title='bbox 316 2437 436 2469; x_wconf 85' lang='lat' dir='ltr'><strong>super.</strong></span> <span class='ocrx_word' id='word_1_219' title='bbox 489 2427 554 2462; x_wconf 89' lang='lat' dir='ltr'><strong>Ge.</strong></span> <span class='ocrx_word' id='word_1_220' title='bbox 589 2430 630 2470; x_wconf 93' lang='lat'><strong>4,</strong></span> <span class='ocrx_word' id='word_1_221' title='bbox 666 2428 754 2459; x_wconf 87' lang='lat'><strong>316:</strong></span> <span class='ocrx_word' id='word_1_222' title='bbox 800 2428 898 2460; x_wconf 85' lang='lat' dir='ltr'><strong>Unde</strong></span> 
     </span>
     <span class='ocr_line' id='line_1_45' title="bbox 160 2475 898 2516; baseline -0.004 -7"><span class='ocrx_word' id='word_1_223' title='bbox 160 2484 259 2509; x_wconf 87' lang='lat' dir='ltr'><strong>nova</strong></span> <span class='ocrx_word' id='word_1_224' title='bbox 290 2476 474 2516; x_wconf 71' lang='lat' dir='ltr'><strong>inaressus</strong></span> <span class='ocrx_word' id='word_1_225' title='bbox 500 2476 685 2508; x_wconf 80' lang='lat' dir='ltr'><strong>hominum</strong></span> <span class='ocrx_word' id='word_1_226' title='bbox 711 2475 898 2515; x_wconf 74' lang='lat' dir='ltr'><strong>eoeperten-</strong></span> 
     </span>
     <span class='ocr_line' id='line_1_46' title="bbox 162 2521 898 2565; baseline -0.003 -9"><span class='ocrx_word' id='word_1_227' title='bbox 162 2524 215 2556; x_wconf 86' lang='lat' dir='ltr'><strong>tia</strong></span> <span class='ocrx_word' id='word_1_228' title='bbox 241 2524 358 2565; x_wconf 80' lang='lat' dir='ltr'><strong>cepit?</strong></span> <span class='ocrx_word' id='word_1_229' title='bbox 391 2522 456 2556; x_wconf 92' lang='lat' dir='ltr'><strong>ubi</strong></span> <span class='ocrx_word' id='word_1_230' title='bbox 481 2523 579 2556; x_wconf 84' lang='lat' dir='ltr'><strong>male</strong></span> <span class='ocrx_word' id='word_1_231' title='bbox 609 2521 786 2555; x_wconf 88' lang='lat' dir='ltr'><strong>nonnulli</strong></span> <span class='ocrx_word' id='word_1_232' title='bbox 812 2522 898 2555; x_wconf 90' lang='lat' dir='ltr'><strong>iun-</strong></span> 
     </span>
     <span class='ocr_line' id='line_1_47' title="bbox 162 2571 688 2615; baseline -0.004 -11"><span class='ocrx_word' id='word_1_233' title='bbox 162 2572 257 2615; x_wconf 90' lang='lat' dir='ltr'><strong>gunt</strong></span> <span class='ocrx_word' id='word_1_234' title='bbox 280 2571 466 2612; x_wconf 71' lang='lat' dir='ltr'><strong>inaressus</strong></span> <span class='ocrx_word' id='word_1_235' title='bbox 491 2571 688 2603; x_wconf 79' lang='lat' dir='ltr'><strong>hominum.</strong></span> 
     </span>
    </p>
   </div>
   <div class='ocr_carea' id='block_1_8' title="bbox 164 2663 898 2754">
    <p class='ocr_par' dir='ltr' id='par_1_8' title="bbox 164 2663 898 2754">
     <span class='ocr_line' id='line_1_48' title="bbox 212 2663 898 2706; baseline -0.003 -8"><span class='ocrx_word' id='word_1_236' title='bbox 212 2666 291 2698; x_wconf 87' lang='grc'><strong>107.</strong></span> <span class='ocrx_word' id='word_1_237' title='bbox 336 2666 414 2699; x_wconf 88' lang='grc'><strong>108.</strong></span> <span class='ocrx_word' id='word_1_238' title='bbox 464 2665 633 2698; x_wconf 81' lang='lat' dir='ltr'><strong>Gaudent</strong></span> <span class='ocrx_word' id='word_1_239' title='bbox 680 2663 898 2706; x_wconf 74' lang='lat' dir='ltr'><strong>scribentes]</strong></span> 
     </span>
     <span class='ocr_line' id='line_1_49' title="bbox 164 2706 898 2754; baseline -0.004 -8"><span class='ocrx_word' id='word_1_240' title='bbox 164 2711 308 2746; x_wconf 81' lang='lat' dir='ltr'><strong>Graeca</strong></span> <span class='ocrx_word' id='word_1_241' title='bbox 374 2712 678 2754; x_wconf 82' lang='lat' dir='ltr'><strong>construetione,</strong></span> <span class='ocrx_word' id='word_1_242' title='bbox 740 2706 898 2754; x_wconf 73' lang='grc' dir='ltr'><em>ἥδονται</em></span> 
     </span>
    </p>
   </div>
   <div class='ocr_carea' id='block_1_9' title="bbox 951 241 1688 910">
    <p class='ocr_par' dir='ltr' id='par_1_9' title="bbox 951 241 1688 910">
     <span class='ocr_line' id='line_1_50' title="bbox 1603 241 1687 283; baseline 0.012 -1"><span class='ocrx_word' id='word_1_243' title='bbox 1603 241 1687 283; x_wconf 90' lang='grc'><strong>105</strong></span> 
     </span>
     <span class='ocr_line' id='line_1_51' title="bbox 1603 595 1686 636; baseline 0.012 -1"><span class='ocrx_word' id='word_1_244' title='bbox 1603 595 1686 636; x_wconf 93' lang='grc'><strong>110</strong></span> 
     </span>
     <span class='ocr_line' id='line_1_52' title="bbox 951 813 1687 863; baseline 0.007 -14"><span class='ocrx_word' id='word_1_245' title='bbox 951 813 1179 863; x_wconf 78' lang='grc' dir='ltr'><em>γράφοντες.</em></span> <span class='ocrx_word' id='word_1_246' title='bbox 1206 837 1250 841; x_wconf 93' lang='grc'><strong>-</strong></span> <span class='ocrx_word' id='word_1_247' title='bbox 1275 827 1314 852; x_wconf 79' lang='lat' dir='ltr'><strong>se</strong></span> <span class='ocrx_word' id='word_1_248' title='bbox 1341 819 1587 862; x_wconf 76' lang='lat' dir='ltr'><strong>venerantur]</strong></span> <span class='ocrx_word' id='word_1_249' title='bbox 1623 830 1687 863; x_wconf 84' lang='lat' dir='ltr'><strong>„se</strong></span> 
     </span>
     <span class='ocr_line' id='line_1_53' title="bbox 951 864 1688 910; baseline 0.005 -13"><span class='ocrx_word' id='word_1_250' title='bbox 951 867 994 898; x_wconf 90' lang='lat' dir='ltr'><strong>ut</strong></span> <span class='ocrx_word' id='word_1_251' title='bbox 1035 864 1182 900; x_wconf 84' lang='lat' dir='ltr'><strong>divinos</strong></span> <span class='ocrx_word' id='word_1_252' title='bbox 1229 867 1362 910; x_wconf 67' lang='lat' dir='ltr'><strong>poetas</strong></span> <span class='ocrx_word' id='word_1_253' title='bbox 1409 866 1599 901; x_wconf 81' lang='lat' dir='ltr'><strong>laudant.“</strong></span> <span class='ocrx_word' id='word_1_254' title='bbox 1641 886 1688 891; x_wconf 94' lang='lat'><strong>——</strong></span> 
     </span>
    </p>
   </div>
   <div class='ocr_carea' id='block_1_10' title="bbox 948 913 1688 1286">
    <p class='ocr_par' dir='ltr' id='par_1_10' title="bbox 948 913 1688 1286">
     <span class='ocr_line' id='line_1_54' title="bbox 952 913 1687 959; baseline 0.004 -14"><span class='ocrx_word' id='word_1_255' title='bbox 952 913 1131 953; x_wconf 79' lang='lat' dir='ltr'><strong>quidquid</strong></span> <span class='ocrx_word' id='word_1_256' title='bbox 1163 914 1341 955; x_wconf 76' lang='lat' dir='ltr'><strong>scripsere</strong></span> <span class='ocrx_word' id='word_1_257' title='bbox 1374 913 1494 956; x_wconf 82' lang='lat' dir='ltr'><strong>beati]</strong></span> <span class='ocrx_word' id='word_1_258' title='bbox 1527 913 1687 959; x_wconf 78' lang='lat' dir='ltr'><strong>Elegan-</strong></span> 
     </span>
     <span class='ocr_line' id='line_1_55' title="bbox 950 960 1688 1006; baseline 0.003 -13"><span class='ocrx_word' id='word_1_259' title='bbox 950 961 1008 993; x_wconf 86' lang='lat' dir='ltr'><strong>ter</strong></span> <span class='ocrx_word' id='word_1_260' title='bbox 1025 960 1125 994; x_wconf 87' lang='lat' dir='ltr'><strong>hanc</strong></span> <span class='ocrx_word' id='word_1_261' title='bbox 1141 960 1262 1004; x_wconf 82' lang='lat' dir='ltr'><strong>ipsam</strong></span> <span class='ocrx_word' id='word_1_262' title='bbox 1285 961 1511 995; x_wconf 77' lang='lat' dir='ltr'><strong>sententiam</strong></span> <span class='ocrx_word' id='word_1_263' title='bbox 1537 971 1688 1006; x_wconf 83' lang='lat' dir='ltr'><strong>expres-</strong></span> 
     </span>
     <span class='ocr_line' id='line_1_56' title="bbox 951 1006 1687 1051; baseline 0.004 -12"><span class='ocrx_word' id='word_1_264' title='bbox 951 1007 1000 1040; x_wconf 87' lang='lat' dir='ltr'><strong>sit</strong></span> <span class='ocrx_word' id='word_1_265' title='bbox 1026 1006 1200 1042; x_wconf 84' lang='lat' dir='ltr'><strong>Catullus</strong></span> <span class='ocrx_word' id='word_1_266' title='bbox 1227 1010 1291 1051; x_wconf 86' lang='lat'><strong>22,</strong></span> <span class='ocrx_word' id='word_1_267' title='bbox 1319 1010 1382 1042; x_wconf 86' lang='lat'><strong>14:</strong></span> <span class='ocrx_word' id='word_1_268' title='bbox 1415 1010 1519 1042; x_wconf 83' lang='lat' dir='ltr'><strong>Idem</strong></span> <span class='ocrx_word' id='word_1_269' title='bbox 1545 1008 1687 1051; x_wconf 82' lang='lat' dir='ltr'><strong>(Suffe-</strong></span> 
     </span>
     <span class='ocr_line' id='line_1_57' title="bbox 950 1054 1685 1099; baseline 0.004 -12"><span class='ocrx_word' id='word_1_270' title='bbox 950 1054 1046 1096; x_wconf 87' lang='lat' dir='ltr'><strong>nus)</strong></span> <span class='ocrx_word' id='word_1_271' title='bbox 1080 1055 1240 1096; x_wconf 79' lang='lat' dir='ltr'><strong>infaceto</strong></span> <span class='ocrx_word' id='word_1_272' title='bbox 1275 1057 1326 1089; x_wconf 85' lang='lat' dir='ltr'><strong>est</strong></span> <span class='ocrx_word' id='word_1_273' title='bbox 1356 1057 1553 1097; x_wconf 77' lang='lat' dir='ltr'><strong>infacetior</strong></span> <span class='ocrx_word' id='word_1_274' title='bbox 1585 1064 1685 1099; x_wconf 84' lang='lat' dir='ltr'><strong>rure,</strong></span> 
     </span>
     <span class='ocr_line' id='line_1_58' title="bbox 948 1102 1687 1145; baseline 0.001 -10"><span class='ocrx_word' id='word_1_275' title='bbox 948 1102 1066 1135; x_wconf 80' lang='lat' dir='ltr'><strong>Simul</strong></span> <span class='ocrx_word' id='word_1_276' title='bbox 1087 1103 1262 1143; x_wconf 73' lang='lat' dir='ltr'><strong>poemata</strong></span> <span class='ocrx_word' id='word_1_277' title='bbox 1287 1103 1421 1145; x_wconf 76' lang='lat' dir='ltr'><strong>attiait,</strong></span> <span class='ocrx_word' id='word_1_278' title='bbox 1452 1111 1567 1143; x_wconf 78' lang='lat' dir='ltr'><strong>neque</strong></span> <span class='ocrx_word' id='word_1_279' title='bbox 1592 1104 1687 1136; x_wconf 83' lang='lat' dir='ltr'><strong>idem</strong></span> 
     </span>
     <span class='ocr_line' id='line_1_59' title="bbox 948 1149 1686 1192; baseline 0.003 -10"><span class='ocrx_word' id='word_1_280' title='bbox 948 1157 1115 1190; x_wconf 81' lang='lat' dir='ltr'><strong>unquam</strong></span> <span class='ocrx_word' id='word_1_281' title='bbox 1138 1149 1262 1190; x_wconf 81' lang='lat' dir='ltr'><strong>Aeque</strong></span> <span class='ocrx_word' id='word_1_282' title='bbox 1297 1152 1347 1183; x_wconf 75' lang='lat' dir='ltr'><strong>est</strong></span> <span class='ocrx_word' id='word_1_283' title='bbox 1381 1150 1505 1183; x_wconf 82' lang='lat' dir='ltr'><strong>beatus</strong></span> <span class='ocrx_word' id='word_1_284' title='bbox 1533 1158 1577 1183; x_wconf 87' lang='lat' dir='ltr'><strong>ac</strong></span> <span class='ocrx_word' id='word_1_285' title='bbox 1599 1152 1686 1192; x_wconf 73' lang='lat' dir='ltr'><strong>poe-</strong></span> 
     </span>
     <span class='ocr_line' id='line_1_60' title="bbox 949 1198 1687 1239; baseline 0.003 -10"><span class='ocrx_word' id='word_1_286' title='bbox 949 1204 1010 1229; x_wconf 87' lang='lat' dir='ltr'><strong>ma</strong></span> <span class='ocrx_word' id='word_1_287' title='bbox 1049 1204 1132 1230; x_wconf 88' lang='lat' dir='ltr'><strong>cum</strong></span> <span class='ocrx_word' id='word_1_288' title='bbox 1167 1198 1312 1230; x_wconf 73' lang='lat' dir='ltr'><strong>scribit:</strong></span> <span class='ocrx_word' id='word_1_289' title='bbox 1353 1198 1443 1230; x_wconf 88' lang='lat' dir='ltr'><strong>Tam</strong></span> <span class='ocrx_word' id='word_1_290' title='bbox 1479 1198 1614 1239; x_wconf 78' lang='lat' dir='ltr'><strong>aaudet</strong></span> <span class='ocrx_word' id='word_1_291' title='bbox 1646 1198 1687 1230; x_wconf 75' lang='lat' dir='ltr'><strong>in</strong></span> 
     </span>
     <span class='ocr_line' id='line_1_61' title="bbox 949 1245 1518 1286; baseline 0.004 -10"><span class='ocrx_word' id='word_1_292' title='bbox 949 1252 986 1276; x_wconf 82' lang='lat' dir='ltr'><strong>se</strong></span> <span class='ocrx_word' id='word_1_293' title='bbox 1012 1246 1157 1285; x_wconf 82' lang='lat' dir='ltr'><strong>tamque</strong></span> <span class='ocrx_word' id='word_1_294' title='bbox 1181 1253 1220 1277; x_wconf 81' lang='lat' dir='ltr'><strong>se</strong></span> <span class='ocrx_word' id='word_1_295' title='bbox 1243 1245 1320 1286; x_wconf 76' lang='lat' dir='ltr'><strong>ipse</strong></span> <span class='ocrx_word' id='word_1_296' title='bbox 1345 1245 1518 1278; x_wconf 80' lang='lat' dir='ltr'><strong>miratur.</strong></span> 
     </span>
    </p>
   </div>
   <div class='ocr_carea' id='block_1_11' title="bbox 946 1338 1697 2752">
    <p class='ocr_par' dir='ltr' id='par_1_11' title="bbox 946 1338 1697 2752">
     <span class='ocr_line' id='line_1_62' title="bbox 1000 1338 1687 1380; baseline 0 -9"><span class='ocrx_word' id='word_1_297' title='bbox 1000 1339 1198 1372; x_wconf 86' lang='lat'>109—114.</span> <span class='ocrx_word' id='word_1_298' title='bbox 1231 1339 1277 1372; x_wconf 79' lang='lat' dir='ltr'><strong>At</strong></span> <span class='ocrx_word' id='word_1_299' title='bbox 1303 1340 1366 1380; x_wconf 74' lang='lat' dir='ltr'><strong>qui</strong></span> <span class='ocrx_word' id='word_1_300' title='bbox 1400 1338 1600 1380; x_wconf 64' lang='lat' dir='ltr'><strong>leuitimum</strong></span> <span class='ocrx_word' id='word_1_301' title='bbox 1624 1347 1687 1372; x_wconf 90' lang='lat' dir='ltr'><strong>cu-</strong></span> 
     </span>
     <span class='ocr_line' id='line_1_63' title="bbox 946 1384 1687 1430; baseline 0.003 -12"><span class='ocrx_word' id='word_1_302' title='bbox 946 1386 1022 1427; x_wconf 81' lang='lat' dir='ltr'><strong>piet</strong></span> <span class='ocrx_word' id='word_1_303' title='bbox 1042 1385 1127 1428; x_wconf 91' lang='lat' dir='ltr'><strong>cet.]</strong></span> <span class='ocrx_word' id='word_1_304' title='bbox 1156 1384 1289 1420; x_wconf 84' lang='lat' dir='ltr'><strong>Stultis</strong></span> <span class='ocrx_word' id='word_1_305' title='bbox 1314 1385 1392 1420; x_wconf 89' lang='lat' dir='ltr'><strong>illis</strong></span> <span class='ocrx_word' id='word_1_306' title='bbox 1414 1384 1594 1420; x_wconf 88' lang='lat' dir='ltr'><strong>laudibus</strong></span> <span class='ocrx_word' id='word_1_307' title='bbox 1620 1396 1687 1430; x_wconf 89' lang='lat' dir='ltr'><strong>op-</strong></span> 
     </span>
     <span class='ocr_line' id='line_1_64' title="bbox 949 1432 1688 1478; baseline 0.003 -13"><span class='ocrx_word' id='word_1_308' title='bbox 949 1435 1146 1477; x_wconf 89' lang='lat' dir='ltr'><strong>ponuntur</strong></span> <span class='ocrx_word' id='word_1_309' title='bbox 1181 1443 1312 1467; x_wconf 84' lang='lat' dir='ltr'><strong>severa</strong></span> <span class='ocrx_word' id='word_1_310' title='bbox 1348 1432 1441 1467; x_wconf 87' lang='lat' dir='ltr'><strong>artis</strong></span> <span class='ocrx_word' id='word_1_311' title='bbox 1474 1435 1688 1478; x_wconf 84' lang='lat' dir='ltr'><strong>praecepta,</strong></span> 
     </span>
     <span class='ocr_line' id='line_1_65' title="bbox 951 1479 1689 1525; baseline 0.001 -12"><span class='ocrx_word' id='word_1_312' title='bbox 951 1479 1091 1524; x_wconf 89' lang='lat' dir='ltr'><strong>quibus</strong></span> <span class='ocrx_word' id='word_1_313' title='bbox 1118 1479 1336 1515; x_wconf 82' lang='lat' dir='ltr'><strong>satisfacere</strong></span> <span class='ocrx_word' id='word_1_314' title='bbox 1361 1479 1473 1515; x_wconf 86' lang='lat' dir='ltr'><strong>debet</strong></span> <span class='ocrx_word' id='word_1_315' title='bbox 1495 1482 1618 1525; x_wconf 60' lang='lat' dir='ltr'><strong>potita,</strong></span> <span class='ocrx_word' id='word_1_316' title='bbox 1644 1482 1689 1514; x_wconf 90' lang='grc'><strong>111</strong></span> 
     </span>
     <span class='ocr_line' id='line_1_66' title="bbox 951 1527 1689 1571; baseline 0.001 -11"><span class='ocrx_word' id='word_1_317' title='bbox 951 1538 1047 1571; x_wconf 90' lang='lat' dir='ltr'><strong>opus</strong></span> <span class='ocrx_word' id='word_1_318' title='bbox 1081 1537 1193 1561; x_wconf 89' lang='lat' dir='ltr'><strong>suum</strong></span> <span class='ocrx_word' id='word_1_319' title='bbox 1228 1528 1430 1569; x_wconf 68' lang='lat' dir='ltr'><strong>leuitimum</strong></span> <span class='ocrx_word' id='word_1_320' title='bbox 1463 1527 1595 1562; x_wconf 82' lang='lat' dir='ltr'><strong>saltem</strong></span> <span class='ocrx_word' id='word_1_321' title='bbox 1624 1538 1689 1561; x_wconf 81' lang='lat' dir='ltr'><strong>vo·</strong></span> 
     </span>
     <span class='ocr_line' id='line_1_67' title="bbox 951 1574 1688 1620; baseline 0 -12"><span class='ocrx_word' id='word_1_322' title='bbox 951 1585 1037 1608; x_wconf 85' lang='lat' dir='ltr'><strong>care</strong></span> <span class='ocrx_word' id='word_1_323' title='bbox 1075 1574 1232 1618; x_wconf 84' lang='lat' dir='ltr'><strong>audeat,</strong></span> <span class='ocrx_word' id='word_1_324' title='bbox 1270 1574 1440 1609; x_wconf 89' lang='lat' dir='ltr'><strong>nondum</strong></span> <span class='ocrx_word' id='word_1_325' title='bbox 1472 1575 1688 1620; x_wconf 88' lang='lat' dir='ltr'><strong>pulchrum,</strong></span> 
     </span>
     <span class='ocr_line' id='line_1_68' title="bbox 950 1621 1688 1665; baseline -0.001 -10"><span class='ocrx_word' id='word_1_326' title='bbox 950 1621 1119 1656; x_wconf 90' lang='lat' dir='ltr'><strong>nondum</strong></span> <span class='ocrx_word' id='word_1_327' title='bbox 1169 1621 1401 1657; x_wconf 84' lang='lat' dir='ltr'><strong>admirabile.</strong></span> <span class='ocrx_word' id='word_1_328' title='bbox 1451 1621 1688 1665; x_wconf 65' lang='lat' dir='ltr'><strong>(Levitimum</strong></span> 
     </span>
     <span class='ocr_line' id='line_1_69' title="bbox 949 1669 1688 1714; baseline 0 -12"><span class='ocrx_word' id='word_1_329' title='bbox 949 1669 1066 1714; x_wconf 82' lang='lat' dir='ltr'><strong>igitur</strong></span> <span class='ocrx_word' id='word_1_330' title='bbox 1092 1671 1150 1704; x_wconf 87' lang='lat' dir='ltr'><strong>est</strong></span> <span class='ocrx_word' id='word_1_331' title='bbox 1171 1671 1305 1711; x_wconf 88' lang='lat' dir='ltr'><strong>poema</strong></span> <span class='ocrx_word' id='word_1_332' title='bbox 1338 1672 1376 1704; x_wconf 90' lang='lat' dir='ltr'><strong>et</strong></span> <span class='ocrx_word' id='word_1_333' title='bbox 1403 1669 1624 1703; x_wconf 79' lang='lat' dir='ltr'><strong>inventione</strong></span> <span class='ocrx_word' id='word_1_334' title='bbox 1650 1670 1688 1702; x_wconf 86' lang='lat' dir='ltr'><strong>et</strong></span> 
     </span>
     <span class='ocr_line' id='line_1_70' title="bbox 950 1715 1687 1761; baseline -0.001 -11"><span class='ocrx_word' id='word_1_335' title='bbox 950 1717 1223 1760; x_wconf 86' lang='lat' dir='ltr'><strong>compositione</strong></span> <span class='ocrx_word' id='word_1_336' title='bbox 1266 1719 1304 1750; x_wconf 86' lang='lat' dir='ltr'><strong>et</strong></span> <span class='ocrx_word' id='word_1_337' title='bbox 1339 1718 1417 1750; x_wconf 87' lang='lat' dir='ltr'><strong>toto</strong></span> <span class='ocrx_word' id='word_1_338' title='bbox 1455 1726 1594 1761; x_wconf 86' lang='lat' dir='ltr'><strong>genere</strong></span> <span class='ocrx_word' id='word_1_339' title='bbox 1632 1715 1687 1749; x_wconf 72' lang='lat' dir='ltr'><strong>di-</strong></span> 
     </span>
     <span class='ocr_line' id='line_1_71' title="bbox 949 1763 1684 1808; baseline -0.003 -11"><span class='ocrx_word' id='word_1_340' title='bbox 949 1764 1059 1797; x_wconf 88' lang='lat' dir='ltr'><strong>cendi</strong></span> <span class='ocrx_word' id='word_1_341' title='bbox 1085 1764 1178 1798; x_wconf 86' lang='lat' dir='ltr'><strong>artis</strong></span> <span class='ocrx_word' id='word_1_342' title='bbox 1204 1763 1348 1808; x_wconf 86' lang='lat' dir='ltr'><strong>regulis</strong></span> <span class='ocrx_word' id='word_1_343' title='bbox 1375 1765 1684 1797; x_wconf 84' lang='lat' dir='ltr'><strong>consentaneum.</strong></span> 
     </span>
     <span class='ocr_line' id='line_1_72' title="bbox 950 1809 1686 1864; baseline -0.003 -20"><span class='ocrx_word' id='word_1_344' title='bbox 950 1810 1056 1864; x_wconf 66' lang='lat' dir='ltr'><strong>(Jonf.</strong></span> <span class='ocrx_word' id='word_1_345' title='bbox 1105 1809 1150 1843; x_wconf 74' lang='lat' dir='ltr'><strong>A.</strong></span> <span class='ocrx_word' id='word_1_346' title='bbox 1199 1810 1240 1843; x_wconf 92' lang='grc' dir='ltr'><strong>Ρ.</strong></span> <span class='ocrx_word' id='word_1_347' title='bbox 1291 1810 1394 1853; x_wconf 83' lang='grc'><strong>274.)</strong></span> <span class='ocrx_word' id='word_1_348' title='bbox 1443 1827 1491 1835; x_wconf 84' lang='lat'><strong>——</strong></span> <span class='ocrx_word' id='word_1_349' title='bbox 1539 1809 1686 1853; x_wconf 79' lang='lat' dir='ltr'><strong>fecisse]</strong></span> 
     </span>
     <span class='ocr_line' id='line_1_73' title="bbox 947 1856 1686 1947; baseline 0 -9"><span class='ocrx_word' id='word_1_350' title='bbox 947 1856 1398 1947; x_wconf 45' lang='grc' dir='ltr'><strong>(ἑῑῖέσῖαἳῖῑιῡῗῗεέξξῑ</strong></span> <span class='ocrx_word' id='word_1_351' title='bbox 1426 1858 1567 1947; x_wconf 52' lang='grc' dir='ltr'><strong>ἲέἕέ.</strong></span> <span class='ocrx_word' id='word_1_352' title='bbox 1581 1859 1686 1938; x_wconf 53' lang='grc' dir='ltr'><strong>51η-</strong></span> 
     </span>
     <span class='ocr_line' id='line_1_74' title="bbox 948 1951 1697 1996; baseline 0 -11"><span class='ocrx_word' id='word_1_353' title='bbox 948 1952 1037 1986; x_wconf 91' lang='lat' dir='ltr'><strong>bere</strong></span> <span class='ocrx_word' id='word_1_354' title='bbox 1063 1951 1217 1996; x_wconf 85' lang='lat' dir='ltr'><strong>incipit,</strong></span> <span class='ocrx_word' id='word_1_355' title='bbox 1252 1951 1367 1986; x_wconf 74' lang='lat' dir='ltr'><strong>simul</strong></span> <span class='ocrx_word' id='word_1_356' title='bbox 1390 1962 1476 1986; x_wconf 86' lang='lat' dir='ltr'><strong>acre</strong></span> <span class='ocrx_word' id='word_1_357' title='bbox 1501 1951 1697 1986; x_wconf 43' lang='lat' dir='ltr'><strong>iudicium*</strong></span> 
     </span>
     <span class='ocr_line' id='line_1_75' title="bbox 949 1998 1686 2044; baseline 0 -12"><span class='ocrx_word' id='word_1_358' title='bbox 949 2009 1127 2033; x_wconf 82' lang='lat' dir='ltr'><strong>exercere</strong></span> <span class='ocrx_word' id='word_1_359' title='bbox 1161 1998 1274 2032; x_wconf 85' lang='lat' dir='ltr'><strong>debet</strong></span> <span class='ocrx_word' id='word_1_360' title='bbox 1297 1998 1344 2033; x_wconf 88' lang='lat' dir='ltr'><strong>de</strong></span> <span class='ocrx_word' id='word_1_361' title='bbox 1378 1998 1542 2044; x_wconf 84' lang='lat' dir='ltr'><strong>singulis</strong></span> <span class='ocrx_word' id='word_1_362' title='bbox 1566 2009 1686 2043; x_wconf 87' lang='lat' dir='ltr'><strong>prope</strong></span> 
     </span>
     <span class='ocr_line' id='line_1_76' title="bbox 947 2046 1687 2092; baseline 0 -12"><span class='ocrx_word' id='word_1_363' title='bbox 947 2046 1087 2089; x_wconf 85' lang='lat' dir='ltr'><strong>verbis,</strong></span> <span class='ocrx_word' id='word_1_364' title='bbox 1114 2046 1253 2091; x_wconf 91' lang='lat' dir='ltr'><strong>quibus</strong></span> <span class='ocrx_word' id='word_1_365' title='bbox 1271 2046 1434 2089; x_wconf 84' lang='lat' dir='ltr'><strong>utitur;“</strong></span> <span class='ocrx_word' id='word_1_366' title='bbox 1462 2048 1570 2092; x_wconf 84' lang='lat' dir='ltr'><strong>grata</strong></span> <span class='ocrx_word' id='word_1_367' title='bbox 1587 2056 1687 2080; x_wconf 83' lang='lat' dir='ltr'><strong>eom·-</strong></span> 
     </span>
     <span class='ocr_line' id='line_1_77' title="bbox 947 2092 1687 2138; baseline -0.003 -10"><span class='ocrx_word' id='word_1_368' title='bbox 947 2093 1146 2138; x_wconf 85' lang='lat' dir='ltr'><strong>paratione</strong></span> <span class='ocrx_word' id='word_1_369' title='bbox 1172 2103 1258 2127; x_wconf 90' lang='lat' dir='ltr'><strong>cum</strong></span> <span class='ocrx_word' id='word_1_370' title='bbox 1283 2102 1430 2127; x_wconf 77' lang='lat' dir='ltr'><strong>censore</strong></span> <span class='ocrx_word' id='word_1_371' title='bbox 1456 2095 1622 2136; x_wconf 78' lang='lat' dir='ltr'><strong>honesto,</strong></span> <span class='ocrx_word' id='word_1_372' title='bbox 1646 2092 1687 2126; x_wconf 88' lang='lat' dir='ltr'><strong>id</strong></span> 
     </span>
     <span class='ocr_line' id='line_1_78' title="bbox 949 2137 1687 2186; baseline -0.001 -11"><span class='ocrx_word' id='word_1_373' title='bbox 949 2144 1016 2184; x_wconf 90' lang='lat' dir='ltr'><strong>est,</strong></span> <span class='ocrx_word' id='word_1_374' title='bbox 1045 2141 1228 2186; x_wconf 87' lang='lat' dir='ltr'><strong>„integro,</strong></span> <span class='ocrx_word' id='word_1_375' title='bbox 1255 2151 1365 2175; x_wconf 88' lang='lat' dir='ltr'><strong>suum</strong></span> <span class='ocrx_word' id='word_1_376' title='bbox 1389 2140 1457 2186; x_wconf 89' lang='lat' dir='ltr'><strong>qui</strong></span> <span class='ocrx_word' id='word_1_377' title='bbox 1481 2137 1621 2174; x_wconf 82' lang='lat' dir='ltr'><strong>munus</strong></span> <span class='ocrx_word' id='word_1_378' title='bbox 1640 2151 1687 2174; x_wconf 87' lang='lat' dir='ltr'><strong>ea</strong></span> 
     </span>
     <span class='ocr_line' id='line_1_79' title="bbox 949 2187 1685 2233; baseline -0.001 -11"><span class='ocrx_word' id='word_1_379' title='bbox 949 2198 1026 2233; x_wconf 82' lang='lat' dir='ltr'><strong>qua</strong></span> <span class='ocrx_word' id='word_1_380' title='bbox 1049 2199 1118 2233; x_wconf 87' lang='lat' dir='ltr'><strong>par</strong></span> <span class='ocrx_word' id='word_1_381' title='bbox 1136 2190 1194 2222; x_wconf 87' lang='lat' dir='ltr'><strong>est</strong></span> <span class='ocrx_word' id='word_1_382' title='bbox 1210 2188 1410 2222; x_wconf 84' lang='lat' dir='ltr'><strong>severitate</strong></span> <span class='ocrx_word' id='word_1_383' title='bbox 1429 2187 1685 2232; x_wconf 54' lang='lat' dir='ltr'><strong>exsequiturst‘</strong></span> 
     </span>
     <span class='ocr_line' id='line_1_80' title="bbox 946 2234 1686 2281; baseline -0.001 -12"><span class='ocrx_word' id='word_1_384' title='bbox 946 2235 1047 2269; x_wconf 86' lang='lat' dir='ltr'><strong>Hine</strong></span> <span class='ocrx_word' id='word_1_385' title='bbox 1085 2235 1197 2269; x_wconf 88' lang='lat' dir='ltr'><strong>etiam</strong></span> <span class='ocrx_word' id='word_1_386' title='bbox 1233 2235 1370 2270; x_wconf 84' lang='lat' dir='ltr'><strong>festiva</strong></span> <span class='ocrx_word' id='word_1_387' title='bbox 1406 2234 1547 2281; x_wconf 89' lang='lat' dir='ltr'><strong>dilogia</strong></span> <span class='ocrx_word' id='word_1_388' title='bbox 1583 2235 1686 2269; x_wconf 86' lang='lat' dir='ltr'><strong>inter</strong></span> 
     </span>
     <span class='ocr_line' id='line_1_81' title="bbox 948 2281 1686 2327; baseline 0.001 -12"><span class='ocrx_word' id='word_1_389' title='bbox 948 2284 1096 2316; x_wconf 77' lang='lat' dir='ltr'><strong>tabulas</strong></span> <span class='ocrx_word' id='word_1_390' title='bbox 1121 2285 1159 2317; x_wconf 88' lang='lat' dir='ltr'><strong>et</strong></span> <span class='ocrx_word' id='word_1_391' title='bbox 1184 2284 1340 2325; x_wconf 86' lang='lat' dir='ltr'><strong>ceratas,</strong></span> <span class='ocrx_word' id='word_1_392' title='bbox 1365 2282 1406 2316; x_wconf 91' lang='lat' dir='ltr'><strong>in</strong></span> <span class='ocrx_word' id='word_1_393' title='bbox 1425 2282 1567 2327; x_wconf 89' lang='lat' dir='ltr'><strong>quibus</strong></span> <span class='ocrx_word' id='word_1_394' title='bbox 1593 2281 1686 2316; x_wconf 87' lang='lat' dir='ltr'><strong>scri-</strong></span> 
     </span>
     <span class='ocr_line' id='line_1_82' title="bbox 947 2329 1685 2373; baseline -0.003 -9"><span class='ocrx_word' id='word_1_395' title='bbox 947 2330 1091 2373; x_wconf 89' lang='lat' dir='ltr'><strong>bimus,</strong></span> <span class='ocrx_word' id='word_1_396' title='bbox 1127 2332 1163 2364; x_wconf 90' lang='lat' dir='ltr'><strong>et</strong></span> <span class='ocrx_word' id='word_1_397' title='bbox 1196 2331 1391 2364; x_wconf 79' lang='lat' dir='ltr'><strong>censorias.</strong></span> <span class='ocrx_word' id='word_1_398' title='bbox 1427 2349 1471 2354; x_wconf 97' lang='lat'>—</span> <span class='ocrx_word' id='word_1_399' title='bbox 1504 2329 1685 2372; x_wconf 76' lang='lat' dir='ltr'><strong>Audebit]</strong></span> 
     </span>
     <span class='ocr_line' id='line_1_83' title="bbox 950 2376 1686 2421; baseline -0.001 -10"><span class='ocrx_word' id='word_1_400' title='bbox 950 2377 1098 2419; x_wconf 78' lang='lat' dir='ltr'><strong>„Facile</strong></span> <span class='ocrx_word' id='word_1_401' title='bbox 1124 2388 1146 2411; x_wconf 88' lang='lat' dir='ltr'><strong>a</strong></span> <span class='ocrx_word' id='word_1_402' title='bbox 1172 2387 1212 2411; x_wconf 85' lang='lat' dir='ltr'><strong>se</strong></span> <span class='ocrx_word' id='word_1_403' title='bbox 1237 2377 1470 2421; x_wconf 85' lang='lat' dir='ltr'><strong>impetrabit,</strong></span> <span class='ocrx_word' id='word_1_404' title='bbox 1496 2376 1590 2411; x_wconf 80' lang='lat' dir='ltr'><strong>falso</strong></span> <span class='ocrx_word' id='word_1_405' title='bbox 1615 2387 1686 2421; x_wconf 87' lang='lat' dir='ltr'><strong>pu-</strong></span> 
     </span>
     <span class='ocr_line' id='line_1_84' title="bbox 948 2423 1684 2477; baseline -0.004 -18"><span class='ocrx_word' id='word_1_406' title='bbox 948 2425 1039 2459; x_wconf 88' lang='lat' dir='ltr'><strong>dore</strong></span> <span class='ocrx_word' id='word_1_407' title='bbox 1078 2435 1155 2459; x_wconf 87' lang='lat' dir='ltr'><strong>non</strong></span> <span class='ocrx_word' id='word_1_408' title='bbox 1188 2424 1426 2468; x_wconf 82' lang='lat' dir='ltr'><strong>impeditus.“</strong></span> <span class='ocrx_word' id='word_1_409' title='bbox 1479 2423 1554 2457; x_wconf 81' lang='lat' dir='ltr'><strong>Cfr.</strong></span> <span class='ocrx_word' id='word_1_410' title='bbox 1589 2423 1684 2477; x_wconf 86' lang='lat' dir='ltr'><strong>Epp.</strong></span> 
     </span>
     <span class='ocr_line' id='line_1_85' title="bbox 949 2470 1685 2516; baseline -0.004 -9"><span class='ocrx_word' id='word_1_411' title='bbox 949 2474 981 2514; x_wconf 94' lang='lat'><strong>1,</strong></span> <span class='ocrx_word' id='word_1_412' title='bbox 1008 2475 1040 2516; x_wconf 90' lang='grc'><strong>2,</strong></span> <span class='ocrx_word' id='word_1_413' title='bbox 1067 2474 1131 2506; x_wconf 90' lang='lat'><strong>40:</strong></span> <span class='ocrx_word' id='word_1_414' title='bbox 1165 2480 1294 2513; x_wconf 84' lang='lat' dir='ltr'><strong>sapere</strong></span> <span class='ocrx_word' id='word_1_415' title='bbox 1321 2472 1428 2505; x_wconf 88' lang='lat' dir='ltr'><strong>aude.</strong></span> <span class='ocrx_word' id='word_1_416' title='bbox 1477 2470 1604 2515; x_wconf 85' lang='lat' dir='ltr'><strong>Atque</strong></span> <span class='ocrx_word' id='word_1_417' title='bbox 1629 2470 1685 2504; x_wconf 81' lang='lat' dir='ltr'><strong>sie</strong></span> 
     </span>
     <span class='ocr_line' id='line_1_86' title="bbox 950 2517 1683 2573; baseline -0.003 -20"><span class='ocrx_word' id='word_1_418' title='bbox 950 2519 1083 2554; x_wconf 85' lang='lat' dir='ltr'><strong>Graeci</strong></span> <span class='ocrx_word' id='word_1_419' title='bbox 1129 2518 1276 2562; x_wconf 82' lang='grc' dir='ltr'><em>τολιιᾴν</em></span> <span class='ocrx_word' id='word_1_420' title='bbox 1322 2520 1518 2573; x_wconf 87' lang='lat' dir='ltr'><strong>usurpant.</strong></span> <span class='ocrx_word' id='word_1_421' title='bbox 1576 2517 1683 2551; x_wconf 85' lang='lat' dir='ltr'><strong>Plato</strong></span> 
     </span>
     <span class='ocr_line' id='line_1_87' title="bbox 946 2562 1683 2623; baseline -0.005 -23"><span class='ocrx_word' id='word_1_422' title='bbox 946 2567 1092 2602; x_wconf 86' lang='lat' dir='ltr'><strong>Menex</strong></span> <span class='ocrx_word' id='word_1_423' title='bbox 1120 2578 1169 2623; x_wconf 88' lang='lat' dir='ltr'><strong>p.</strong></span> <span class='ocrx_word' id='word_1_424' title='bbox 1212 2567 1292 2600; x_wconf 88' lang='grc'><strong>245.</strong></span> <span class='ocrx_word' id='word_1_425' title='bbox 1337 2565 1384 2599; x_wconf 83' lang='lat' dir='ltr'><strong>O:</strong></span> <span class='ocrx_word' id='word_1_426' title='bbox 1426 2562 1517 2606; x_wconf 81' lang='grc' dir='ltr'><strong>τούς</strong></span> <span class='ocrx_word' id='word_1_427' title='bbox 1557 2564 1598 2598; x_wconf 81' lang='grc' dir='ltr'><strong>ἐν</strong></span> <span class='ocrx_word' id='word_1_428' title='bbox 1635 2563 1683 2610; x_wconf 84' lang='grc' dir='ltr'><strong>τῇ</strong></span> 
     </span>
     <span class='ocr_line' id='line_1_88' title="bbox 947 2599 1684 2670; baseline -0.007 -22"><span class='ocrx_word' id='word_1_429' title='bbox 947 2613 1094 2670; x_wconf 78' lang='grc' dir='ltr'><em>ἠπείρῳ</em></span> <span class='ocrx_word' id='word_1_430' title='bbox 1109 2609 1299 2656; x_wconf 63' lang='grc' dir='ltr'><strong>’Έλληνας</strong></span> <span class='ocrx_word' id='word_1_431' title='bbox 1307 2632 1355 2638; x_wconf 92' lang='lat'><strong>--</strong></span> <span class='ocrx_word' id='word_1_432' title='bbox 1364 2610 1476 2656; x_wconf 79' lang='grc' dir='ltr'><em>ἡμεῖς</em></span> <span class='ocrx_word' id='word_1_433' title='bbox 1488 2609 1560 2645; x_wconf 80' lang='grc' dir='ltr'><strong>οὐκ</strong></span> <span class='ocrx_word' id='word_1_434' title='bbox 1577 2599 1684 2644; x_wconf 83' lang='grc' dir='ltr'><em>ἐτολ-</em></span> 
     </span>
     <span class='ocr_line' id='line_1_89' title="bbox 946 2649 1683 2706; baseline -0.004 -11"><span class='ocrx_word' id='word_1_435' title='bbox 946 2649 1340 2706; x_wconf 77' lang='grc' dir='ltr'><strong>μήσαμεν-ἐκὸοῦναι.</strong></span> <span class='ocrx_word' id='word_1_436' title='bbox 1355 2679 1397 2683; x_wconf 85' lang='grc'>-</span> <span class='ocrx_word' id='word_1_437' title='bbox 1409 2667 1547 2701; x_wconf 79' lang='lat' dir='ltr'><strong>parum</strong></span> <span class='ocrx_word' id='word_1_438' title='bbox 1562 2659 1683 2700; x_wconf 80' lang='lat' dir='ltr'><strong>splen-</strong></span> 
     </span>
     <span class='ocr_line' id='line_1_90' title="bbox 947 2706 1680 2752; baseline -0.004 -10"><span class='ocrx_word' id='word_1_439' title='bbox 947 2709 1069 2752; x_wconf 73' lang='lat' dir='ltr'><strong>doris]</strong></span> <span class='ocrx_word' id='word_1_440' title='bbox 1113 2708 1254 2751; x_wconf 86' lang='lat' dir='ltr'><strong>„verba</strong></span> <span class='ocrx_word' id='word_1_441' title='bbox 1296 2707 1474 2750; x_wconf 86' lang='lat' dir='ltr'><strong>humilia,</strong></span> <span class='ocrx_word' id='word_1_442' title='bbox 1518 2706 1680 2748; x_wconf 85' lang='lat' dir='ltr'><strong>sordida,</strong></span> 
     </span>
    </p>
   </div>
  </div>
 </body>
</html>
