1774 2930
615 154 709 189 LIB.
733 154 764 188 1.
812 152 964 188 EPlsT.
988 152 1071 187 XX.

1509 153 1595 193 399

207 256 502 301 contrectatus
531 255 606 297 ubi
635 255 832 298 manibus
862 253 1108 297 sordescere
1141 253 1254 309 volgi

209 327 427 384 Coeperis,
458 330 531 368 aut
561 326 698 369 tineas
729 339 880 382 pasces
909 324 1144 367 taciturnus
1176 324 1355 377 inertes,

210 397 297 445 Aut
325 397 464 454 fugies
494 397 662 439 Uticam
692 400 765 439 aut
794 397 959 438 vinctus
990 395 1173 438 mitteris
1203 394 1400 437 Ilerdam.

209 468 386 511 Ridebit
414 468 598 510 monitor
626 481 712 509 non
743 466 982 520 exauditus,
1013 470 1061 507 ut
1089 466 1176 518 ille,

212 538 296 587 Qui
325 539 437 581 male
467 543 688 595 parentem
719 538 765 579 in
793 551 922 594 rupes
951 536 1158 593 protrusit
1189 536 1367 578 asellum

1549 536 1600 575 15

210 609 371 651 Iratus:
404 610 499 665 quis
531 610 645 651 enim
667 609 856 651 ¹invitum
887 621 1057 650 servare
1086 607 1282 650 laboret?

211 679 306 722 Hoc
336 694 504 736 quoque
535 684 577 722 te
608 684 769 732 manet,
801 683 848 720 ut
878 692 1031 735 pueros
1065 678 1278 720 elementa
1308 676 1531 719 docentem

213 750 404 807 Occupet
435 751 636 812 extremis
667 750 713 791 in
743 750 847 792 vicis
878 749 1006 791 balba
1038 754 1247 791 senectus.

193 858 248 889 15.
281 857 431 890 detrusit
462 855 519 890 Ot.

93 927 247 969 protem.
282 945 325 950 ——
358 926 483 969 aetas]
521 922 622 973 ὥρα,
660 927 696 959 h.
722 926 746 959 l.
780 925 825 960 de

97 973 363 1008 adolescentia.
398 972 475 1008 Cic.
500 973 609 1007 Verr.
632 972 768 1006 Aecus.
793 975 826 1015 5,

98 1023 165 1063 25,
190 1023 256 1055 64:
292 1021 325 1054 si
349 1022 412 1062 qui
433 1029 535 1054 senes
559 1023 623 1053 aut
647 1021 826 1061 deformes

97 1069 223 1110 erant,
260 1076 319 1101 eos
341 1069 383 1100 in
404 1068 560 1100 hostium
585 1075 735 1101 numero
760 1068 826 1100 du-

98 1115 166 1155 cit‚·
210 1115 275 1156 qui
309 1115 452 1155 aliquid
492 1115 651 1157 somnae,
696 1115 827 1147 aetatis

98 1162 315 1204 artificiique
328 1163 519 1202 habebant,
536 1162 682 1194 abducit
695 1169 826 1194 omnes.

98 1207 195 1243 Hinc
219 1210 285 1251 flos
309 1210 452 1250 aetatis,
477 1210 673 1242 aetatulae.

148 1257 203 1289 11.
230 1257 286 1289 12.
323 1256 589 1298 comrectatus]
623 1255 702 1289 Hoc
736 1266 828 1299 quo-

101 1313 175 1382 ἒὲἕ
203 1302 829 1383 εέἕξδὶῃὶθῖιΣῦἔξῗὛοηὶ-ῗέἱῗὲ·

169 1373 179 1382 .
281 1373 292 1382 .
404 1374 413 1382 .
493 1374 503 1390 ,
583 1375 592 1382 .

99 1398 179 1429 tam
201 1396 364 1437 filiarum
384 1397 601 1437 pudicitiam
622 1397 760 1429 ulcisci.
785 1415 828 1419 -

102 1442 323 1485 sordescere]
353 1442 543 1487 ambigue,
578 1445 614 1476 et
639 1443 684 1476 de
710 1445 830 1476 exter-

104 1499 155 1523 na
177 1489 304 1534 specie
329 1489 419 1532 (cfr.
445 1489 519 1523 Sat.
547 1493 578 1530 1,
591 1492 637 1531 ·4,
662 1491 762 1532 72.),
796 1492 833 1523 et

103 1536 152 1570 de
176 1536 452 1581 contemptione
485 1537 525 1569 in
559 1547 670 1581 quam
702 1537 832 1581 paula-

104 1584 172 1618 tim
195 1584 320 1618 veniet
343 1583 450 1618 liber.
483 1583 574 1626 (Cfr.
599 1584 692 1628 Epp.
720 1586 751 1626 1,
778 1586 833 1626 11,

105 1630 154 1674 4.)
180 1649 224 1655 -·-
249 1631 366 1664 tineas
387 1630 536 1673 pasces]
574 1630 659 1664 vid.
685 1630 732 1664 ad
758 1630 833 1665 Sat.

103 1679 147 1718 2,
171 1678 212 1718 3,
239 1679 318 1711 119.
344 1696 388 1701 —-
413 1677 638 1720 taciturnus]
678 1688 735 1719 „a
770 1688 835 1711 ne-

103 1723 204 1758 mine
233 1725 413 1759 recitatus
437 1725 497 1758 vel
527 1724 682 1759 lectus.“
710 1744 753 1748 —
778 1727 834 1758 in-

105 1771 210 1815 ortes]
235 1782 355 1816 „quae
371 1782 487 1815 prope
506 1771 715 1806 immobiles
733 1772 834 1806 lente

102 1818 253 1852 chartas
278 1821 316 1852 et
331 1821 452 1852 vestes
478 1819 716 1860 eorrodunt,“
741 1820 835 1852 stilt-

106 1867 252 1906 maend
274 1865 430 1899 Merkel.

154 1914 211 1946 13.
234 1914 308 1946 Aut
330 1914 446 1954 fugies
469 1913 554 1955 cet.]
580 1913 727 1947 Horatii
746 1916 836 1947 tem-

106 1969 197 2003 pore
229 1959 338 1992 multi
369 1959 458 1992 libri
491 1960 531 1993 111
568 1960 654 1994 illas
686 1961 836 2004 provin-

108 2005 206 2047 cias,
244 2015 341 2049 quae
378 2005 451 2039 iam
488 2006 623 2040 Latino
666 2018 836 2040 sermone

77 2097 81 2099 Π
109 2051 322 2093 utebantur,
355 2054 433 2085 tum
464 2052 612 2086 demum
643 2054 837 2096 pervenie-

110 2098 220 2138 bant,
254 2108 337 2131 cnm
369 2098 508 2132 Romae
541 2099 614 2133 iam
649 2100 839 2134 obsoleve-

111 2147 206 2178 rant.
249 2144 323 2178 Ofr.
348 2146 391 2178 A.
415 2145 456 2178 P.
483 2147 562 2179 345.
607 2148 755 2187 „Fuqt'es
781 2147 838 2179 ul-

110 2194 168 2225 tro
193 2192 234 2224 in
258 2191 423 2225 Africam
447 2193 695 2236 provinciam,
722 2204 839 2227 novos

112 2241 155 2272 ut
191 2237 260 2272 tibi
296 2242 478 2273 amatores
515 2241 660 2283 captes,
697 2241 743 2274 ab
780 2240 839 2281 iis,

112 2296 207 2330 quos
238 2285 280 2318 in
304 2285 404 2320 Urbe
436 2297 650 2330 repereras,
682 2287 839 2320 destitu-

111 2335 194 2370 tus.
230 2335 294 2366 aut
330 2333 440 2366 etiam
473 2335 615 2366 vinctus
647 2335 837 2375 mitteris,“

112 2379 159 2413 de
183 2379 300 2413 libro:
335 2379 475 2423 „lm-is,
500 2383 541 2414 ut
565 2381 660 2415 aliae
685 2391 840 2423 merces,

107 2426 362 2470 eolfigatus;“
401 2427 446 2461 de
483 2438 629 2471 puero:
667 2428 840 2472 „relega-

112 2472 222 2515 bere,
233 2474 251 2491 “
289 2477 331 2507 ut
353 2474 494 2508 aediles
519 2474 710 2508 interdum
734 2475 841 2509 adul-

113 2522 211 2554 teras
236 2520 276 2553 in
294 2521 467 2554 exsilium
491 2522 662 2566 agebant.
687 2522 766 2555 Liv.
785 2524 841 2564 25,

114 2568 148 2600 2.
173 2570 264 2601 extr.
300 2567 377 2601 Alii
401 2569 591 2613 accipiunt
615 2569 661 2603 de
686 2569 842 2614 fugitivo

114 2612 298 2657 deprenso
325 2618 362 2648 et
385 2615 432 2649 ad
456 2615 649 2650 dominum
672 2616 841 2651 remisso.

118 2661 372 2704 -1terdam1
420 2662 623 2707 Hispaniae
666 2663 843 2698 Tarraco-

117 2707 245 2742 nensis
269 2708 411 2750 urbem,
435 2698 548 2744 hodie
572 2712 715 2744 Lerida.
748 2711 844 2753 „Aut

874 925 1014 959 Romae
1039 924 1229 959 oblivione
1255 923 1433 966 obruere,
1457 927 1539 966 aut,
1566 927 1607 956 ut

874 972 915 1006 fit
938 972 979 1006 in
1004 971 1112 1005 libris
1136 971 1275 1006 Romae
1306 972 1380 1005 iam
1411 970 1607 1016 neglectiS,

874 1030 896 1053 a
935 1019 1232 1063 provincialibus
1273 1018 1499 1052 subrusticis
1541 1018 1609 1052 ali-

875 1067 1096 1111 quantisper
1122 1065 1260 1111 legere.

924 1115 1067 1147 14-18.
1094 1114 1236 1146 Ridebit
1262 1114 1349 1155 cet.)
1378 1112 1507 1155 „Tunc
1533 1123 1609 1146 ma-

876 1160 978 1205 ligne
1005 1160 1153 1202 ridebo,
1178 1163 1379 1205 propterea
1404 1159 1505 1205 quod
1530 1170 1608 1193 mo-

876 1207 966 1241 nitis
1003 1207 1096 1241 meis
1137 1218 1214 1241 non
1257 1207 1608 1252 obtemperaveris.“

879 1274 920 1277 —
946 1254 1145 1297 protrusit]
1188 1254 1408 1299 Exemplum
1451 1254 1609 1298 petitum

878 1301 1076 1346 ex‘aliqua
1099 1301 1238 1335 fabella
1261 1301 1426 1346 Aesopia
1449 1301 1510 1335 vel
1538 1301 1613 1335 alia

878 1348 1162 1382 narratiuncula
1187 1348 1380 1392 populari3
1413 1348 1502 1382 hinc
1527 1359 1611 1392 per-

878 1395 1038 1436 fectum,
1082 1406 1158 1429 non
1201 1406 1380 1440 praesens
1414 1396 1614 1438 protrudit,

880 1442 988 1486 quud»
1013 1443 1164 1476 exhibet
1196 1453 1296 1476 unus
1324 1442 1448 1476 Codex
1477 1442 1612 1476 Bland.

881 1491 918 1523 et
941 1489 1086 1534 aliquot
1110 1489 1219 1524 Feae.
1271 1490 1320 1524 At
1344 1501 1432 1524 vero
1456 1490 1612 1523 verbum

880 1536 1003 1580 ipsum
1025 1538 1244 1578 protrudere
1269 1539 1371 1571 recte
1403 1548 1443 1571 se
1473 1536 1613 1571 habet:

884 1583 1063 1625 „asellum
1088 1587 1174 1617 ante
1201 1594 1241 1618 se
1258 1594 1374 1628 agens
1399 1584 1514 1618 mulio
1540 1584 1616 1617 ira-

882 1631 1029 1664 cundus
1054 1641 1097 1664 eo
1123 1642 1245 1675 usque
1270 1631 1400 1673 trusit,
1432 1642 1507 1675 quo
1534 1634 1615 1665 tan-

882 1677 966 1711 dem
1006 1678 1046 1711 in
1087 1679 1302 1723 voraginem
1345 1678 1615 1723 praecipitare-

882 1725 993 1767 tur;“
1030 1726 1182 1758 detmsit
1215 1728 1272 1759 est
1304 1736 1350 1759 ex
1381 1725 1616 1770 glossemate.

884 1791 927 1796 —
945 1773 1097 1805 invitum
1120 1772 1282 1815 servare]
1306 1772 1351 1806 A„
1376 1772 1419 1805 Ρ.
1442 1774 1530 1806 467:
1555 1774 1618 1805 Ιπ-

882 1820 996 1852 vitum
1020 1821 1084 1860 qui
1106 1822 1248 1861 servat,
1281 1821 1374 1853 idem
1406 1821 1494 1861 facit
1525 1821 1617 1853 ocei-

883 1867 992 1899 denti.
1020 1884 1062 1892 --
1095 1868 1177 1900 Hoc
1214 1876 1354 1907 quoque
1392 1867 1484 1910 cet]
1528 1866 1616 1900 Sine

883 1913 1064 1958 imagine:
1093 1913 1194 1956 „Hoc
1213 1925 1364 1958 quoque
1386 1914 1523 1947 malum
1548 1914 1616 1948 tibi

884 1960 1087 2004 impendet,
1113 1964 1156 1994 ut
1180 1961 1226 1995 ad
1253 1965 1458 1995 extremum
1483 1961 1523 1994 in
1549 1961 1618 1994 mi-

886 2008 981 2040 seris
1006 2007 1105 2041 ludis
1132 2008 1326 2041 litterariis
1353 2019 1399 2041 ex
1415 2011 1463 2049 te,
1489 2009 1534 2042 ab
1554 2009 1619 2042 ho-

885 2054 1050 2088 minibus
1076 2055 1371 2099 elegantioribus
1403 2055 1619 2088 iamdudum

887 2101 1068 2144 seposito,
1092 2102 1202 2144 pueri
1229 2102 1413 2135 elementa
1438 2102 1616 2135 discant.“

886 2146 966 2180 Hoc
1002 2158 1070 2191 per
1107 2147 1286 2192 dilogiam
1327 2149 1379 2182 ita
1415 2149 1619 2193 proponit:

889 2194 970 2235 „Tu
994 2195 1094 2238 ipse,
1119 2195 1279 2239 puerule
1304 2195 1483 2237 delicate,
1514 2196 1621 2230 obre-

887 2243 1000 2284 pente
1031 2241 1101 2274 tibi
1136 2242 1274 2275 sensim
1309 2245 1502 2277 senectute
1535 2254 1620 2277 rur-

888 2298 971 2330 sus,
991 2290 1038 2321 ·ut
1062 2288 1240 2331 infantia,
1270 2289 1522 2332 balbutiente,
1552 2290 1621 2325 fies

887 2334 1046 2369 fortasse
1102 2335 1310 2380 aliquando
1365 2337 1621 2381 pauperculus

888 2381 966 2415 ludi
992 2383 1178 2427 magister,
1212 2383 1343 2427 quales
1374 2383 1414 2417 in
1444 2385 1621 2418 extremis

887 2428 1000 2463 Urbis
1025 2429 1130 2471 vicis,
1159 2430 1284 2464 minus
1308 2430 1558 2475 frequentatis
1585 2434 1621 2464 et

888 2475 953 2509 ubi
979 2477 1087 2521 egeni
1110 2477 1301 2511 dumtaxat
1324 2478 1506 2519 habitant,
1531 2489 1623 2522 pue-

889 2533 951 2556 ros
969 2523 1153 2557 elementa
1170 2525 1315 2566 docent,
1341 2528 1383 2558 ut
1406 2526 1492 2559 olim
1518 2525 1621 2567 mihi,

889 2569 987 2603 Livii
1011 2570 1218 2605 Andronici
1251 2572 1402 2616 scriptis
1434 2582 1544 2613 usus,
1578 2582 1623 2605 ea

890 2617 1041 2651 tradidit
1058 2617 1261 2652 Orbilius.“
1281 2637 1323 2642 —
1345 2619 1516 2661 Occupet]
1537 2618 1623 2660 „ob-

890 2666 1030 2708 repat,“
1056 2668 1098 2698 ut
1122 2665 1261 2699 Tibull.
1290 2668 1320 2706 1,
1348 2668 1402 2705 10,
1428 2668 1490 2699 40:
1517 2674 1622 2706 quem

891 2729 934 2735 --
950 2712 1108 2753 occupat
1140 2714 1179 2745 in
1202 2716 1323 2753 parva
1345 2713 1457 2753 pigra
1479 2715 1622 2746 senecta
