1774 2930
692 153 787 188 LIB.
810 152 840 188 Ι.
887 150 1040 187 ΕΡΙΒΤ.
1064 150 1095 186 1.

1559 150 1647 192 253

255 253 370 303 Quid
385 268 534 297 verum
549 258 678 310 atque
695 253 851 296 decens
868 265 969 296 curo
985 256 1029 295 et
1043 265 1148 308 rogo
1164 255 1208 294 et
1224 251 1361 293 omnis
1376 251 1422 292 in
1436 250 1518 292 hoc
1533 263 1648 304 sum;

255 316 403 368 Gondo
434 329 477 368 et
507 338 735 382 compono,
767 338 877 381 quae
905 337 1007 366 mox
1038 323 1287 379 depromere
1317 322 1492 378 possim.

253 394 320 438 Ac
348 409 404 439 ne
433 395 543 438 forte
570 409 716 452 roges,
749 409 832 452 quo
862 408 932 437 me
961 393 1089 448 duce,
1121 407 1205 450 quo
1234 394 1324 435 lare
1352 397 1489 435 tuter:

252 465 426 509 Nullius
454 466 647 509 addictus
675 467 816 509 iurare
845 466 891 507 in
919 465 1052 508 verba
1080 464 1293 521 magistri,

255 536 350 586 Quo
377 551 448 580 me
478 551 644 594 cunque
674 537 787 594 rapit
815 539 1069 593 tempestae,
1101 535 1270 578 deferor
1298 534 1469 590 hospes.

138 697 222 737 lpce
258 705 342 738 eoo,
379 697 442 737 qui
478 697 599 729 nultos
631 703 687 729 me
722 696 869 737 affirmo

137 744 294 776 scribere
332 752 473 785 versus,
514 744 689 777 Iuvenior
725 743 869 776 Parthis

138 791 358 823 mendacior.
400 810 443 814 —
491 791 659 832 ludicra]
711 800 868 831 amores,

138 836 254 876 iocos,
280 837 449 871 convivia
466 840 535 871 cet.
572 837 665 882 Epp.
685 839 717 879 2,
744 838 776 878 2,
802 837 867 870 55:

138 885 294 925 sinuata
316 885 360 917 de
382 885 487 918 nobis
519 886 609 918 anm·
638 884 870 926 praedantur

141 933 288 964 eumer.-
325 933 505 973 Eripuere
539 933 654 973 iocos,
691 939 868 972 venerem,

139 979 325 1020 convivia,
364 979 510 1019 ludum
550 979 715 1011 Tendunt
748 981 869 1011 extor-

140 1032 251 1065 quere
271 1027 455 1067 poemata.
479 1043 526 1050 —-
547 1025 660 1068 pono]
687 1024 869 1069 „depono‚

139 1070 188 1105 ab
211 1071 335 1116 iisque
360 1072 400 1105 in
425 1075 618 1116 posterum
635 1072 867 1106 abstinebo.“

141 1136 186 1143 -
217 1119 366 1162 docens]
405 1119 658 1162 „honestum.“
710 1119 786 1153 Cic.
823 1119 869 1152 de

140 1163 248 1199 offic.
274 1168 315 1208 1,
346 1167 411 1209 27,
444 1168 508 1200 94:
550 1168 595 1199 Et
628 1168 725 1207 quod
760 1167 869 1208 decet,

143 1213 331 1246 honestum
351 1216 414 1254 eet,
438 1215 471 1246 et
488 1215 585 1254 quoa
602 1215 789 1246 honestum
807 1215 869 1255 est,

141 1261 252 1293 aocet.
277 1279 320 1284 —
345 1268 435 1293 curo
468 1263 501 1294 et
537 1260 650 1303 roqo]
691 1263 757 1302 „et
789 1260 870 1304 ipse

141 1306 356 1340 meditando
396 1308 547 1351 assequi
592 1317 708 1341 conor
749 1310 787 1340 et
826 1318 871 1340 ex

143 1353 246 1395 aliis,
283 1354 394 1387 etiam
420 1365 466 1387 ex
489 1354 800 1398 philosophorum
826 1354 871 1386 li-

143 1399 234 1441 bris,
259 1402 434 1444 quaero.“
453 1419 498 1424 —
516 1401 644 1443 omnis]
678 1400 764 1433 vid.
797 1400 870 1434 Sat.

147 1449 179 1488 1,
203 1449 237 1488 9,
261 1449 302 1480 2:
327 1449 424 1480 totus
448 1449 489 1480 (π
512 1448 596 1480 (ιιι-ε.
624 1467 667 1471 -
694 1447 813 1481 condo
839 1450 871 1480 et

145 1493 332 1536 compono]
359 1493 486 1536 „Quae
512 1494 667 1539 collegi,
697 1495 806 1538 quasi
830 1494 870 1527 in

144 1540 281 1575 horreo
313 1541 374 1574 vel
407 1541 503 1575 cella
538 1542 694 1585 penaria
730 1552 871 1585 repono

145 1589 183 1620 ot
206 1587 360 1630 ordino,
384 1590 428 1621 ut
450 1588 519 1630 iis,
551 1588 615 1622 nbi
641 1591 787 1633 tempus
812 1598 870 1622 re-

144 1633 336 1678 quisierit,
364 1635 476 1669 facile
501 1638 586 1668 utar
610 1645 807 1679 meamque
829 1636 870 1668 in

142 1690 222 1714 rem
258 1692 304 1716 ea
342 1681 601 1716 transferam.“
652 1685 871 1724 componere

138 1727 261 1773 igitur
283 1731 341 1763 est
366 1728 426 1770 „in
446 1729 615 1763 ordinem
641 1730 798 1763 confusa
815 1729 871 1762 di-

142 1776 306 1820 gerere.“
334 1775 514 1809 Similiter
528 1776 667 1810 Tibull.
689 1780 720 1818 1,
748 1779 779 1818 1,
805 1779 870 1810 77:

143 1824 335 1864 composito
375 1831 527 1856 secum
566 1832 706 1857 acervo.
765 1823 870 1868 Virg.

141 1868 236 1902 Aen.
262 1871 303 1911 8,
336 1871 428 1904 317:
466 1878 679 1912 componere
704 1879 799 1912 opes.
826 1882 894 1894 —·

142 1916 368 1959 depromere]
386 1917 501 1950 veluti
518 1917 665 1961 peritus
691 1928 734 1951 ac
760 1917 870 1952 sedu-

142 1962 204 1996 lus
227 1973 382 2006 promus
407 1963 561 1998 condus.

192 2011 324 2043 13-15.
359 2010 410 2043 Ac
433 2019 478 2043 ne
502 2012 597 2051 sorte
620 2010 747 2056 νομαῖς]
790 2012 872 2045 Hoc

146 2055 294 2098 quidem
329 2056 545 2090 iamdudum
582 2061 737 2091 noverat
771 2058 871 2092 Mae-

145 2111 275 2144 cenas3
308 2112 397 2147 ergo
426 2104 551 2147 potius
585 2106 795 2138 ceterorum
819 2105 872 2138 le—

145 2151 290 2182 ctorum
314 2159 429 2183 causa
451 2150 522 2183 hoc
548 2150 656 2184 dicit:
684 2151 790 2191 „Noli
808 2162 873 2185 au-

145 2197 220 2228 tem
245 2195 391 2239 opinari
409 2207 479 2238 me,
504 2199 546 2229 ut
561 2197 753 2241 plerisque
770 2209 871 2232 nune

146 2251 227 2275 mos
253 2245 327 2285 est,
353 2246 491 2276 certam
516 2243 679 2287 aliquam
706 2244 873 2288 discipli·

145 2299 230 2322 nam
264 2290 391 2334 sequi,
427 2301 485 2323 me
518 2301 599 2324 esse
633 2293 698 2324 aut
729 2302 872 2324 merum

143 2335 374 2379 Epicureum
391 2340 456 2371 aut
469 2336 636 2371 Stoicum
654 2340 720 2371 aut
730 2338 873 2372 Acade-

144 2382 317 2416 micum.“
344 2403 388 2407 —
412 2384 515 2427 duce]
554 2387 747 2427 ,auctore‚
785 2395 873 2419 con-

144 2429 266 2463 ditore
285 2433 407 2464 sectae
425 2431 620 2465 alicuius.“
660 2432 819 2471 Quintil.
838 2434 872 2475 5,

146 2478 209 2518 13,
234 2479 299 2511 59:
335 2479 432 2511 inter
456 2480 544 2512 duos
568 2479 797 2512 diversarum
819 2488 872 2512 se-

145 2526 288 2556 ctarum
310 2525 410 2558 vetut
435 2527 553 2559 duces.
568 2545 611 2549 —
641 2526 732 2568 lare]
759 2525 871 2560 Voce.

144 2571 289 2611 familia
314 2573 352 2605 et
384 2573 510 2605 domus
544 2573 775 2606 consuetudo
801 2573 872 2607 La-

144 2616 226 2650 tina
271 2628 340 2661 pro
394 2619 702 2664 philosophorum
760 2621 871 2654 sectis

147 2665 363 2707 usurpabat.
412 2665 506 2708 (Cic.
531 2666 577 2700 de
609 2667 733 2700 Divin.
764 2669 805 2708 2,
840 2669 871 2709 1,

147 2710 188 2742 3:
214 2711 538 2753 Peripateticorum
562 2715 718 2755 familia.
756 2714 870 2748 Acad.

1595 533 1649 574 15

920 696 952 736 1,
977 696 1011 734 4,
1038 695 1101 728 13:
1145 695 1265 736 Quid?
1303 701 1388 734 eruo
1411 693 1588 726 Antiocho
1611 693 1651 725 id

915 743 1033 783 mauis
1053 742 1204 783 licuerit,
1228 743 1431 782 remiorare
1446 741 1486 772 in
1503 741 1649 773 domum

917 792 1074 822 veterem
1092 798 1110 822 e
1128 797 1233 830 nova,
1261 796 1372 828 quam
1396 788 1498 820 ‘nobis
1523 788 1562 819 in
1584 795 1648 819 πο-

915 844 1000 869 vam
1027 845 1045 869 e
1068 837 1217 868 vetere?
1254 834 1322 868 Od.
1350 838 1382 876 1,
1408 835 1462 875 29,
1491 836 1554 867 14:
1586 835 1651 867 So-

917 884 1091 916 craticam
1128 881 1301 924 domum.)
1351 881 1483 915 Omnis
1524 883 1650 915 autem

917 932 1044 963 domus
1067 931 1201 963 Larem
1223 929 1347 970 habet,
1377 929 1442 973 qui
1468 928 1651 970 familiam

918 980 1064 1019 tuetur3
1090 978 1143 1011 sic
1155 976 1367 1021 Epicureus
1392 977 1431 1009 in
1458 975 1576 1009 tutela
1592 978 1652 1008 est

917 1024 1111 1058 doctrinae
1136 1024 1306 1069 magistri
1333 1023 1404 1057 sui.
1428 1042 1476 1046 —
1500 1023 1648 1056 Nullius

918 1071 1003 1114 cet.]
1040 1071 1139 1105 Ante
1171 1072 1263 1105 haec
1295 1081 1352 1103 vv.
1379 1069 1515 1114 supple
1549 1069 1649 1114 cogi-

918 1119 1077 1153 tatione:
1113 1118 1280 1161 „Scito“;
1309 1117 1385 1158 „sic
1410 1117 1565 1158 habeto,
1590 1126 1650 1150 me

918 1163 1138 1199 ἐκλεκτικόν
1201 1165 1465 1210 philosophum
1531 1165 1648 1197 esse.“

920 1213 1025 1247 Conf.
1051 1213 1097 1246 ad
1125 1212 1198 1246 Sat.
1225 1215 1257 1254 2,
1286 1215 1316 1253 1,
1342 1213 1399 1245 80.
1448 1211 1562 1245 Redit
1585 1222 1651 1244 au-

919 1263 992 1293 tem
1018 1260 1065 1294 ad
1090 1260 1290 1304 imaginem
1316 1270 1338 1292 a
1363 1269 1404 1292 re
1427 1258 1652 1303 gladiatoria

919 1308 1084 1351 petitam.
1112 1325 1155 1330 -
1182 1306 1361 1349 addictus]
1385 1306 1557 1350 proprie,
1584 1305 1650 1348 qui

920 1355 967 1387 ob
985 1364 1048 1388 aes
1065 1354 1242 1394 alienum,
1269 1363 1353 1386 cum
1377 1352 1555 1386 solvendo
1573 1362 1651 1385 non

920 1401 986 1442 sit,
1024 1412 1070 1434 ex
1102 1400 1289 1444 praetoris
1326 1400 1450 1433 edicto
1488 1398 1652 1433 traditur

920 1447 1118 1489 creditori,
1153 1447 1220 1491 qui
1245 1447 1285 1480 in
1312 1457 1451 1491 corpus
1477 1446 1559 1480 eius
1590 1446 1651 1479 ius

919 1494 1056 1528 habeat
1080 1497 1118 1529 et
1146 1498 1334 1538 tamquam
1368 1504 1476 1528 servo
1508 1495 1650 1534 utatur,

920 1541 1039 1575 donec
1064 1542 1192 1575 solvat.
1243 1541 1399 1580 Quintil.
1426 1543 1468 1582 5,
1496 1543 1558 1581 10,
1585 1542 1649 1574 60:

918 1590 1032 1622 Aliud
1056 1590 1107 1622 est
1131 1597 1276 1622 servum
1309 1579 1402 1621 esic.-
1438 1589 1544 1621 atiud
1574 1596 1651 1621 ser·

917 1637 1012 1678 vire,
1046 1637 1167 1676 qualis
1192 1644 1266 1668 esse
1290 1637 1330 1668 in
1354 1636 1508 1669 addictis
1539 1643 1651 1675 quae-

917 1685 986 1715 stio
1016 1684 1117 1716 solet.
1169 1682 1413 1716 Transfertur
1439 1682 1484 1715 ad
1510 1682 1652 1726 gladia—

917 1734 1019 1763 tores
1058 1732 1270 1764 auctoratos
1305 1732 1343 1763 et
1379 1730 1424 1763 ad
1463 1740 1547 1770 eos,
1585 1729 1650 1773 qui

919 1777 1143 1811 necessitate
1158 1777 1320 1821 quadam
1330 1777 1532 1810 ⁴constricti
1551 1779 1651 1810 sunt.

918 1824 986 1858 Est
1023 1824 1138 1869 igitur
1171 1825 1336 1857 addictus
1367 1825 1518 1857 iurare:
1555 1823 1651 1865 „ob-

919 1871 1055 1905 noxius
1081 1874 1118 1905 et
1143 1871 1246 1905 velut
1270 1872 1304 1904 vi
1332 1874 1484 1905 coactus
1510 1874 1650 1904 certam

920 1918 1108 1962 quandam
1145 1918 1354 1952 doctrinam
1395 1918 1569 1962 amplecti
1606 1928 1650 1951 ac

919 1976 968 1999 ne
1004 1968 1258 1999 transversum
1297 1965 1446 2009 quidem
1485 1975 1650 2009 unguem

919 2012 966 2046 ab
1003 2023 1047 2046 ea
1083 2012 1318 2055 discedere;“
1364 2013 1497 2056 „longe
1534 2012 1651 2056 igitur

920 2053 1051 2092 differo
1070 2060 1116 2093 ab
1134 2060 1193 2101 iis,
1217 2060 1295 2103 qui,
1322 2062 1364 2092 ut
1376 2060 1430 2092 ait
1448 2059 1523 2092 Cic.
1539 2059 1650 2092 Tusc.

921 2108 954 2147 2,
980 2108 1012 2147 2,
1038 2108 1090 2147 5.,
1124 2108 1228 2139 certis
1253 2107 1469 2146 quibusdam
1493 2107 1652 2138 destina-

920 2153 1036 2192 tisque
1061 2154 1246 2185 sententiis
1271 2154 1377 2192 quasi
1410 2153 1593 2185 addicti
1618 2155 1651 2185 et

920 2201 1118 2232 consecrati
1156 2202 1241 2231 sunt
1282 2207 1397 2239 eaque
1442 2201 1651 2233 necessitate

921 2247 1112 2287 constricti,
1138 2249 1177 2278 ut
1204 2247 1324 2288 etiam,
1351 2254 1445 2286 quae
1470 2255 1543 2279 non
1564 2255 1652 2287 pro-

921 2293 1009 2325 bare
1033 2294 1185 2334 soleam,
1212 2302 1256 2326 ea
1282 2296 1460 2334 coquntur
1484 2296 1650 2327 constan-

921 2340 993 2372 tiae
1034 2348 1146 2373 causa
1185 2341 1410 2381 defendere.“
1447 2360 1489 2364 -
1523 2342 1651 2374 iurare

918 2387 959 2418 in
986 2388 1098 2420 verba
1130 2387 1319 2430 maqistri]
1361 2387 1478 2431 Epod.
1513 2390 1576 2429 15,
1610 2390 1650 2420 4:

919 2434 965 2465 Ιπ
989 2435 1102 2467 verba
1124 2435 1275 2467 iurabas
1297 2443 1390 2468 mea.
1410 2453 1454 2458 —
1472 2436 1671 2475 Maqister·

918 2481 1135 2514 Samnitium
1181 2492 1251 2525 pro
1300 2482 1438 2515 lanista
1486 2482 1651 2514 familiae

919 2527 1161 2571 gladiatoriae
1187 2531 1245 2562 est
1275 2529 1349 2562 iam
1375 2528 1473 2572 apud
1500 2528 1577 2561 Cic.
1604 2528 1650 2561 de

919 2574 982 2607 Or.
1009 2577 1048 2616 3,
1074 2576 1136 2617 23,
1163 2577 1218 2608 86.
1268 2575 1313 2608 In
1340 2576 1421 2608 eius
1446 2575 1560 2608 verba
1585 2585 1650 2608 au-

919 2624 991 2654 tem
1016 2622 1209 2664 iurabant,
1234 2623 1299 2667 qui
1327 2633 1366 2655 se
1392 2622 1650 2655 auctorabant.

919 2667 1039 2702 Locos
1065 2670 1260 2702 attulimus
1288 2669 1334 2702 ad
1361 2668 1434 2702 Sat.
1462 2671 1499 2710 2,
1527 2670 1566 2710 7,
1592 2670 1649 2702 58.

919 2733 963 2738 —
991 2716 1201 2758 tempestas]
1241 2715 1406 2749 Tralatio
1444 2715 1556 2749 ducta
1594 2718 1652 2749 est
