1774 2930
0 0 253 38 fffflffifw
270 0 281 9 “

654 150 748 185 Lm.
771 149 802 184 1.
850 147 1002 183 EPIST.
1026 147 1110 182 VII.

1550 146 1633 187 311

248 254 456 297 Strenuus
486 256 532 295 et
559 252 682 294 fortis
714 250 939 306 causisque
966 248 1195 304 Philippus
1226 246 1404 303 agendis

249 324 400 368 Clarus
430 324 489 366 ab*
516 323 668 365 officiis
699 327 892 364 octavam
923 320 1091 362 circiter
1118 318 1268 361 horam

246 395 364 438 Dum
391 394 503 438 redit
532 399 660 449 atque
690 392 803 435 Foro
831 391 1012 433 nimium
1041 390 1200 433 distare
1231 388 1411 431 Carinas

249 467 340 509 Iam
370 465 543 522 grandis
573 468 678 507 natu
707 463 911 520 queritur,
942 462 1184 518 conspexit,
1214 466 1263 502 ut
1293 460 1430 512 aiunt,

250 537 462 580 Adrasum
492 535 703 592 quendam
732 548 867 576 vacua
895 533 1080 575 tonsoris
1110 532 1155 574 in
1184 531 1336 572 umbra

1579 498 1639 570 ‘50

229 668 286 700 50.
315 668 501 700 Acir-asum
524 665 603 710 Ep:
628 667 807 698 Ari-asum
833 662 950 705 bScd,
983 663 1165 695 Abrasum
1191 671 1275 695 cum
1301 659 1417 695 Codd.
1442 659 1531 704 aliq.
1558 662 1594 693 et

183 714 327 749 Veneta
353 715 455 747 1481.
480 713 520 746 F.

184 833 319 866 46-51.
340 833 516 866 Strenuus
542 829 626 872 cet-1
649 828 751 863 Haec
777 838 863 862 nar·

137 878 351 913 ratiuncula
373 878 425 912 ita
442 888 526 912 cum
549 875 865 922 praecedentibus

138 926 385 967 connectitur,
408 928 452 958 ut
462 923 601 958 Volteii
620 922 789 967 exemplo
807 933 865 956 sa-

110 1006 121 1021 ,
136 973 185 1007 tis
218 972 343 1017 lepido
367 972 597 1006 demonstret
620 971 743 1004 virum
774 980 866 1014 pru·

136 1019 299 1062 dentem,
323 1019 387 1055 ubi
406 1029 496 1054 casu
513 1019 641 1063 aliquo
659 1017 866 1052 collocetur

136 1067 177 1114 in
201 1069 301 1103 statu
324 1077 412 1101 suae
430 1065 646 1100 condicioni
670 1067 783 1109 atque
809 1063 867 1097 in-

136 1109 247 1159 genio
284 1113 410 1147 minus
445 1112 712 1154 conveniente,
754 1110 866 1146 etiam

137 1170 223 1194 cum
256 1171 333 1194 non
366 1160 439 1194 levi
471 1161 619 1195 iactura
644 1170 690 1193 ex
714 1170 758 1193 eo
785 1169 867 1192 sese

137 1207 406 1242 extricat-urum
430 1218 524 1250 esse,
554 1218 627 1252 quo
652 1206 770 1251 magis
796 1205 867 1240 sibi

136 1257 264 1299 aptum
290 1258 458 1299 occupet.
506 1253 752 1289 Confundunt
776 1263 869 1286 non-

138 1301 238 1335 nulli
262 1301 487 1346 interpretes
511 1303 550 1334 L.
575 1302 759 1336 Marcium
783 1301 869 1332 Pru·-

141 1348 280 1390 lippum
315 1348 432 1382 filium
470 1359 544 1383 cos.
577 1359 609 1381 a.
643 1359 680 1381 u.
714 1358 744 1380 c.
778 1348 870 1388 698„

140 1394 207 1439 qui
224 1395 379 1429 vitricus
402 1395 475 1428 fuit
489 1395 661 1440 Augusti,
686 1405 771 1428 cum
788 1393 870 1427 eius

140 1443 247 1486 patre
272 1442 493 1487 cognomine
518 1453 591 1476 cos.
615 1453 648 1476 a.
667 1453 703 1475 u.
722 1452 753 1475 c.
778 1442 871 1482 663„

141 1487 188 1522 de
213 1499 289 1533 quo
322 1489 492 1534 loquitur
515 1488 705 1523 Horatius.
754 1487 870 1522 Notus

142 1538 268 1570 autem
291 1539 399 1580 pater
432 1538 514 1570 erat
545 1539 583 1570 et
613 1537 768 1580 propter
794 1535 871 1569 elo·

142 1582 334 1628 quentiam
359 1586 396 1617 et
427 1586 581 1628 propter
604 1582 741 1616 multas
772 1582 871 1616 face-

141 1629 235 1672 tias,
274 1638 352 1664 non·
393 1630 482 1664 item
523 1629 636 1664 filius.
663 1649 705 1653 -—
738 1629 871 1672 sortis]

141 1675 288 1720 Optime
335 1677 418 1712 eius
465 1677 630 1711 indolem
675 1677 872 1711 adumbrat

138 1722 201 1757 his
233 1723 358 1758 verbis
392 1723 468 1758 Cic.
493 1724 540 1758 de
566 1723 667 1758 Orat.
693 1726 733 1766 3,
761 1726 800 1766 1,
825 1726 870 1757 4:

139 1771 276 1804 homini
308 1774 340 1804 οι
371 1773 572 1805 vehementi
604 1774 637 1805 el
669 1773 804 1805 diserto
838 1774 870 1804 el

140 1818 306 1859 inprimis
329 1820 420 1860 sorti
445 1820 494 1852 ad
516 1819 765 1860 resistendum,
792 1819 873 1851 Phi-

144 1865 252 1907 lippo.
276 1865 345 1899 Est
367 1865 485 1910 igitur
509 1869 677 1899 strenuus
704 1876 872 1910 „semper

141 1911 183 1944 in
201 1913 326 1946 causis
342 1913 495 1957 agendis
520 1914 770 1956 occupatus;“
797 1914 872 1954 sor-

143 1959 199 1999 as,
230 1960 451 2000 „animosus
477 1963 515 1993 et
538 1959 684 1993 validus
709 1960 755 1993 ad
780 1960 872 1993 resi-

144 2005 317 2038 stendum
333 2005 594 2046 adversariis“‚
615 2006 743 2050 potius
760 2017 873 2050 quam

144 2050 184 2083 in
211 2062 253 2084 re
277 2052 441 2086 militari.
466 2052 547 2086 Liv.
564 2055 621 2094 21,
637 2056 677 2085 4:
702 2055 764 2086 ubi
787 2055 875 2093 qnid

144 2098 288 2137 fortiter
321 2107 365 2131 ac
393 2101 537 2132 strenue
568 2101 747 2140 avendum
775 2102 874 2132 essee.

146 2141 289 2178 Seneca
308 2144 427 2188 Epist.
451 2147 508 2182 77,
524 2147 565 2178 5:
589 2147 732 2178 Amicus
757 2149 876 2178 noster

144 2191 295 2233 Stoicus,
322 2193 425 2225 homo
443 2194 607 2233 eureaius
626 2195 670 2234 el,
694 2195 734 2225 ut
758 2194 875 2226 verbis

144 2237 270 2279 illum,
303 2240 434 2279 quibus
469 2240 618 2272 laudari
650 2240 780 2280 dianus
814 2242 874 2281 esc,

147 2284 310 2327 laudem,
357 2287 415 2318 vir
463 2287 569 2327 sortis
612 2294 654 2318 ac
693 2288 875 2320 strenuus.

146 2330 252 2365 Confi.
277 2331 325 2366 ad
349 2331 417 2366 Od.
443 2335 482 2375 4,
507 2335 547 2374 4,
572 2334 628 2366 29.
648 2352 690 2356 -
710 2335 877 2366 octavam

146 2379 291 2412 circiter
316 2379 458 2422 horam]
486 2379 596 2414 nobis
619 2381 717 2413 inter
744 2390 877 2413 secun-

145 2425 232 2459 dam
251 2429 289 2460 et
305 2426 452 2460 tertiam
469 2427 775 2471 pomeridianam.
805 2426 877 2461 Lo-

146 2481 214 2506 cus
238 2473 441 2517 primarius
475 2473 521 2508 de
548 2474 731 2518 cuiusque
762 2475 875 2508 horae

145 2518 394 2554 destinatione
427 2523 485 2554 est
514 2520 673 2555 Martial.
704 2523 745 2563 4,
771 2523 804 2554 8.
831 2541 874 2545 -

145 2567 274 2599 Foro·
292 2568 428 2601 distare
454 2569 620 2611 Carinas]
644 2567 728 2610 Hic,
754 2568 816 2602 ubi
842 2580 875 2602 v.

146 2613 283 2647 distare
318 2614 507 2659 propriam
544 2615 656 2649 habet
689 2615 875 2660 significa-

147 2658 298 2702 tionem,
322 2663 402 2702 soro
425 2665 483 2696 est
504 2662 709 2704 ablativus,
734 2667 876 2705 contra,

149 2704 214 2738 ubi
258 2707 444 2753 significat
494 2709 690 2750 „distel-re,
738 2710 877 2744 discre-

911 838 1002 872 pare
1015 828 1046 869 ²,
1082 826 1192 861 etiam
1230 826 1353 860 dativo
1385 825 1569 870 iungitur,
1602 827 1644 857 ut

911 885 946 908 v,
971 875 1028 908 23.
1065 873 1133 907 Od.
1158 876 1192 916 4,
1209 875 1244 915 9,
1260 875 1317 907 29.
1348 872 1443 917 Epp.
1472 874 1503 914 1,
1528 873 1585 913 18,
1609 874 1644 906 4.

911 923 1045 955 Forum
1070 924 1195 955 autem
1221 922 1303 954 erat
1326 920 1365 953 in
1386 919 1499 953 Urbis
1523 918 1646 964 regio-

913 979 962 1002 ne
980 969 1156 1022 septima3
1183 969 1350 1006 Carinae,
1372 967 1477 1000 zicus
1495 966 1645 1000 celeber

913 1015 1065 1057 Romae,
1089 1016 1128 1049 in
1155 1015 1308 1060 regione
1333 1013 1519 1055 1V.,ubi
1553 1016 1646 1047 tem-

913 1063 1017 1108 plum
1042 1042 1115 1097 f’uit
1140 1062 1324 1103 Telluris,
1353 1039 1465 1096 aedes
1488 1059 1646 1094 Iunonis

916 1109 1100 1151 Sororiae,
1117 1109 1248 1144 domus
1262 1109 1304 1148 Q.
1317 1108 1525 1149 Ciceronis,
1536 1107 1646 1141 Pom-

915 1158 1004 1202 peii,
1016 1158 1252 1202 aliorumque
1265 1157 1481 1201 principum
1496 1155 1647 1188 civium.

918 1224 960 1228 -—
975 1204 1174 1248 conspexit]
1203 1204 1312 1246 „Was
1337 1205 1403 1237 der
1428 1203 1558 1237 Gmnd
1581 1203 1648 1235 der

918 1254 1083 1293 errealen
1114 1251 1443 1293 Ausmerksamkeil
1476 1257 1647 1292 oetoesm,

918 1300 978 1332 hal
1003 1301 1129 1332 Hora:
1153 1308 1195 1331 :u
1227 1307 1340 1339 saqen
1369 1298 1465 1330 nicht
1498 1298 1560 1338 Ῑᾱ-ι·
1584 1297 1649 1329 no-

918 1347 990 1387 thiq
1007 1347 1193 1387 qehalten:
1215 1347 1283 1379 wir
1302 1346 1444 1378 konnen
1466 1353 1535 1377 uns
1561 1344 1649 1376 aber

921 1394 1025 1426 lcicht
1071 1394 1335 1433 hinzudenken,
1385 1393 1469 1425 dass
1511 1399 1547 1424 es
1586 1391 1651 1423 der

918 1441 1107 1473 Assar-acle
1146 1441 1212 1473 der
1250 1439 1520 1481 Zuffledenheit
1559 1446 1650 1481 war,

919 1489 985 1521 der
1008 1489 1080 1529 aus
1105 1488 1237 1521 seinem
1261 1487 1422 1521 Ges-ieme
1455 1486 1650 1527 hmscme,

918 1535 1099 1568 viellet'cht
1130 1536 1226 1567 auch
1258 1535 1338 1568 eine
1362 1534 1554 1574 Misenuuq
1578 1541 1650 1565 von

920 1582 1204 1622 Gulmmhwket'l
1267 1582 1343 1614 und
1403 1580 1650 1621 creuherziqer

917 1629 1143 1670 schalkheit,
1182 1629 1239 1662 die
1273 1630 1338 1662 der
1370 1629 1537 1669 Neiquna
1573 1629 1651 1660 und

922 1677 1037 1709 Wct’se
1092 1676 1153 1709 des
1203 1677 1397 1710 consulat-s
1456 1677 1614 1715 :ta-same.
1630 1674 1648 1692 “

916 1723 1073 1757 Iacens.
1090 1741 1138 1746 —-
1154 1727 1193 1756 ul
1218 1721 1338 1765 aiunl]
1367 1721 1562 1766 Significat
1585 1731 1652 1755 no-

919 1770 1099 1804 tissimam
1133 1771 1339 1805 etiamtunc
1378 1769 1574 1803 historiam
1612 1779 1651 1802 se

919 1829 1086 1851 narrare.
1137 1818 1242 1852 Conf-
1267 1817 1361 1861 Epp.
1395 1820 1434 1858 1,
1460 1818 1499 1858 6,
1524 1818 1581 1849 40.
1619 1818 1653 1859 1,

922 1867 977 1907 17,
1017 1867 1071 1898 18.
1114 1885 1158 1902 —‚
1198 1863 1404 1906 Adranam]
1447 1865 1652 1908 „praeton-

921 1915 1032 1946 sum⁶⁶
1071 1913 1171 1946 haud
1209 1912 1319 1946 nimis
1358 1914 1486 1945 exacte
1524 1910 1651 1943 comt.

922 1959 1042 1998 CRUQ.
1076 1960 1227 1993 Petron.
1253 1961 1318 1992 32:
1344 1959 1465 1992 Pallio
1491 1959 1651 1991 coccineo

921 2009 1096 2039 adrasum
1119 2008 1267 2047 (recens
1285 2006 1428 2046 rasum)
1446 2006 1652 2039 excluserat

922 2057 1030 2094 caput
1056 2053 1330 2096 (Trimalchio).
1355 2053 1477 2085 Plant.
1496 2052 1600 2095 Capt.
1618 2053 1651 2094 2,

922 2101 956 2141 2,
983 2103 1045 2133 18:
1073 2101 1142 2134 sed
1164 2103 1288 2133 utrum
1314 2100 1510 2132 strictimne
1535 2101 1653 2131 uuon-

921 2155 1049 2179 surum
1073 2149 1190 2179 dicam
1216 2156 1290 2179 esse
1315 2155 1366 2179 an
1386 2154 1452 2186 per
1474 2147 1653 2186 pectinem

922 2194 1062 2225 Nescio.
1087 2213 1130 2216 —
1156 2194 1294 2236 vacua]
1326 2193 1445 2237 Finge
1470 2192 1539 2225 tibi
1570 2195 1652 2226 ton-

923 2241 1079 2273 strinam
1101 2239 1307 2274 Romanam
1340 2251 1362 2274 a
1393 2239 1517 2273 fronte
1547 2250 1653 2284 pror-

924 2297 988 2320 sus
1010 2291 1189 2331 apertam,
1214 2298 1378 2331 superne
1403 2290 1440 2320 et
1463 2298 1486 2321 a
1509 2287 1654 2331 postica

922 2337 1031 2378 parte
1055 2337 1167 2378 atque
1190 2345 1212 2368 a
1228 2334 1411 2368 lateribus
1428 2334 1653 2368 centonibus

923 2382 982 2414 vel
1005 2381 1155 2425 sipariis
1172 2381 1352 2415 adversus
1370 2382 1487 2415 solem
1506 2385 1653 2415 tectam.

926 2429 1046 2461 Vacua
1063 2432 1188 2462 autem
1206 2429 1356 2470 dicitur,
1382 2429 1471 2473 quia
1493 2429 1559 2462 illa
1577 2428 1652 2462 diei

923 2475 1017 2508 hora
1033 2476 1148 2510 ceteri
1169 2476 1391 2510 adventores
1416 2476 1569 2510 barbam
1596 2486 1654 2508 ra—

922 2522 1082 2556 dendam
1092 2524 1151 2556 vel
1168 2524 1325 2567 capillos
1337 2523 1546 2557 tondendos
1564 2523 1655 2555 iam-

922 2569 1063 2603 dudum
1089 2574 1282 2613 curarant;
1306 2570 1370 2603 hic
1394 2571 1537 2603 otiosus
1562 2579 1655 2602 non-

923 2616 1023 2649 dum.
1070 2616 1115 2650 In
1145 2618 1341 2651 tonstrinis
1367 2622 1488 2651 autem
1513 2616 1654 2650 Romae

924 2664 1138 2698 etiamnunc
1162 2665 1363 2698 convenire
1389 2664 1513 2697 solent
1536 2663 1654 2696 homi-

924 2721 991 2744 nes
1016 2711 1165 2755 plebeii.
1203 2711 1278 2745 Cfr.
1306 2711 1380 2744 Sat.
1407 2714 1438 2751 1,
1460 2712 1493 2751 7,
1517 2712 1549 2744 3.
1592 2710 1653 2743 Sic
