1774 2930
640 167 735 202 Lm.
758 167 808 202 11.
853 166 956 201 SAT.
979 165 1046 201 VI.

1511 162 1594 206 211

198 270 387 328 Egregie
416 270 575 313 factum
604 269 749 312 laudet
779 269 948 311 vicinia.
994 266 1042 309 Si
1073 266 1168 323 quis

200 342 331 385 Forte
361 340 619 384 coheredum
650 340 793 383 senior
822 339 935 381 male
965 338 1141 391 tussiet,
1173 336 1273 378 huic
1302 340 1351 378 tu

200 413 297 467 Dic,
328 427 386 456 ex
413 416 535 469 parte
566 416 640 453 tua
671 425 748 453 seu
780 410 899 452 fundi
931 410 1022 452 sive
1054 408 1204 451 domus
1240 408 1296 449 sit

202 483 398 540 Emptor,
431 482 689 539 gaudentem
719 495 892 523 nummo
923 484 967 523 te
998 479 1208 522 addicere.
1251 478 1338 521 Sed
1368 491 1439 520 me

201 554 436 612 Imperiosa
464 553 595 595 trahit
625 552 909 608 Proserpiua3
943 551 1040 593 vive
1069 550 1251 606 valeque

1518 548 1602 589 110

659 751 912 796 SA'HBA
942 752 1034 794 VI.

208 836 305 879 Hoc
334 841 426 879 erat
455 836 502 878 in
533 836 669 878 votis:
702 834 852 876 modus
884 834 976 890 agri
1007 847 1093 875 non
1123 834 1184 875 ita
1213 846 1409 889 magnus,

87 942 271 985 sordibus]
294 943 406 976 immo
430 942 632 986 eleganter,
660 951 705 974 ex
727 951 824 974 mar·

92 999 215 1030 more,
248 999 332 1023 cum
362 989 582 1034 anaglyphis
609 992 646 1022 et
673 987 826 1021 honori-

92 1036 164 1070 fico
187 1036 308 1070 titulo.
335 1055 378 1059 —
406 1035 545 1078 laudet]
578 1034 685 1077 „Nic.
710 1034 826 1068 Hein-

94 1083 173 1117 sius
206 1083 246 1116 in
279 1083 447 1128 margine
482 1082 541 1116 sui
577 1082 684 1123 libri,
724 1083 826 1123 Leve,

89 1131 163 1173 ait,
197 1131 356 1164 laudent.
404 1129 545 1174 Nempe
579 1131 668 1174 quia
691 1130 826 1163 vicinia

68 1179 153 1223 *est
183 1188 319 1212 nomen
346 1177 603 1218 collectivum,
637 1177 722 1210 ideo
759 1187 827 1209 nu-

93 1235 198 1258 mero
216 1225 398 1270 singulari
415 1224 571 1258 verbum
595 1224 658 1258 hic
680 1223 828 1268 plurale

96 1271 274 1316 subiungi
298 1271 429 1305 voluit.
470 1271 518 1304 At
541 1271 675 1304 Noster
701 1271 829 1315 singu-

97 1317 215 1351 larem
232 1328 429 1351 numerum
446 1319 636 1361 praetulit,
662 1321 735 1351 tam
753 1317 827 1358 hio,

96 1375 211 1409 quam
235 1365 339 1398 alibi.
388 1364 481 1408 Epp.
510 1368 540 1406 l,
568 1367 622 1406 17,
648 1366 718 1397 62:
743 1365 830 1397 vici-

99 1413 163 1444 nia
193 1419 313 1444 rauca
344 1413 531 1444 reclamat.
580 1411 674 1455 Epp.
708 1413 748 1452 1,
775 1413 830 1452 16,

99 1459 169 1491 44:
205 1459 275 1491 sed
304 1458 400 1491 videt
432 1459 526 1491 hunc
558 1460 673 1490 omnis
705 1459 831 1491 domus

101 1507 136 1538 et
159 1505 293 1538 vicinia
316 1504 427 1537 lolaf‘
453 1504 596 1538 Bam-1..
616 1524 659 1528 —
676 1506 722 1537 sit
748 1506 832 1538 Em-

94 1550 198 1593 ptor]
225 1561 300 1593 „ex
324 1553 461 1595 quarta
483 1554 591 1596 parte
615 1552 684 1585 tibi
710 1552 833 1597 legata

99 1598 135 1632 si
159 1597 249 1642 quid
281 1608 404 1632 emere
430 1599 576 1643 cupiat,
607 1599 770 1633 libenter
794 1601 830 1632 te

99 1644 138 1678 ei
173 1644 435 1679 donaturum.“
470 1665 514 1669 —
545 1654 693 1679 nummo
729 1647 832 1679 adai-

100 1691 205 1735 οπο]
247 1691 458 1734 „donare.“
513 1692 727 1727 Recordare
769 1693 832 1726 hic

101 1739 302 1782 emptionis
320 1749 512 1782 summam,
536 1751 611 1784 qua
628 1740 832 1774 utebantur

97 1794 228 1820 coram
263 1785 443 1829 testibus,
483 1787 548 1821 ubi
592 1787 690 1821 inter
726 1788 831 1821 vivos

101 1832 248 1877 aliquid
280 1833 486 1874 donabant,
524 1845 599 1878 quo
631 1835 756 1869 minus
788 1845 833 1868 ea

102 1889 150 1913 ex
173 1879 373 1914 donatione
396 1882 483 1915 lites
508 1882 709 1915 orirentur.
755 1881 833 1915 Cic.

103 1937 173 1971 pro
197 1926 288 1960 Bab.
311 1927 412 1961 Post.
440 1930 494 1969 17,
518 1931 587 1961 45:
624 1930 757 1970 Ecquis
783 1931 833 1962 est

104 1982 151 2007 ιω
183 1976 282 2007 tanto
311 1976 459 2017 populo,
494 1977 556 2015 qui
581 1977 675 2008 bona
700 1978 734 2009 C.
759 1978 834 2009 Ra-

106 2021 192 2052 birii
215 2022 373 2053 Postumi
404 2030 551 2055 nummo
580 2025 743 2055 sestertio
767 2024 836 2055 sibi

102 2066 228 2099 addici
262 2068 373 2100 velit?
421 2067 518 2101 Livii
558 2068 656 2112 Epit.
694 2071 761 2102 55:
801 2071 835 2102 C.

107 2113 290 2147 Haemus
339 2114 564 2156 (desertor)
597 2133 613 2139 -
638 2134 652 2141 -
675 2118 836 2149 sestertio

108 2167 254 2192 mmo
270 2162 391 2193 vem'it.
403 2163 671 2204 —Imper-iosa]
689 2160 837 2205 ἑπαινή.

104 2205 178 2239 Od.
206 2209 237 2247 1,
262 2208 319 2249 28,
344 2209 411 2240 20:
439 2209 559 2241 Saeva
575 2228 590 2234 -
607 2210 838 2250 Proserpina.

110 2271 154 2276 —
172 2253 303 2297 trahil]
326 2253 554 2299 Proserpina
578 2255 729 2289 umbras
754 2256 838 2288 mit-

107 2299 156 2333 tit
192 2303 228 2333 et
263 2300 412 2345 abripit.
460 2302 543 2335 vid.
572 2302 679 2336 Hom.
707 2302 838 2347 odyss.

109 2345 151 2386 λ,
176 2348 264 2390 226,
290 2349 357 2381 632
384 2359 465 2393 sqq.
492 2368 535 2372 —
560 2351 639 2382 vive
672 2350 839 2392 valeque]

107 2393 220 2427 solita
259 2394 430 2429 formula.
479 2396 572 2441 Epp.
613 2400 656 2439 1,
693 2399 733 2438 6,
767 2398 840 2430 67;

114 2441 215 2483 Vive,
246 2443 338 2475 vale.
387 2442 481 2487 Epp.
515 2446 554 2485 1,
580 2446 613 2486 7,
639 2446 682 2476 3:
716 2445 754 2478 Si
784 2453 840 2477 me

106 2488 231 2521 vivere
246 2490 302 2521 vis
317 2498 448 2522 sanum
467 2493 634 2531 recteque
650 2492 840 2525 valentem.

159 2533 222 2568 VI.
256 2535 364 2575 Quod
395 2537 551 2570 maxime
582 2538 623 2570 in
649 2538 746 2571 votis
778 2538 842 2572 ha-

112 2580 247 2615 buerat
257 2582 448 2626 Horatius,
465 2587 507 2617 ut
524 2585 620 2618 liber
638 2585 841 2629 aliquando

111 2627 161 2661 ab
185 2630 284 2662 omni
306 2631 542 2675 negotiorum
565 2641 657 2665 cura
679 2635 716 2665 et
732 2642 842 2677 verae

114 2673 211 2708 vitae
223 2675 499 2720 impedimentis
514 2679 663 2712 sibimet
676 2679 749 2723 ipsi
762 2680 843 2712 ruri

114 2720 256 2755 viveret
286 2726 397 2768 atque
431 2725 505 2758 otio
537 2736 606 2759 suo
637 2726 841 2769 frueretur,

873 939 911 973 id
937 939 1012 973 iam
1036 939 1146 973 villae
1165 939 1324 973 Sabinae
1347 949 1370 972 a
1390 937 1607 973 Maecenate

874 987 945 1021 sibi
964 986 1122 1020 donatae
1139 987 1380 1031 possessione
1401 987 1483 1020 erat
1506 995 1608 1019 asse-

874 1035 1005 1077 cutus3
1039 1044 1163 1079 neque
1195 1036 1320 1068 tamen
1351 1036 1426 1067 tam
1456 1032 1609 1067 assidue

875 1092 987 1125 quam
1012 1081 1125 1115 vellet
1156 1081 1208 1115 ibi
1234 1080 1371 1126 degere
1398 1081 1433 1115 ei
1459 1080 1609 1114 licebat.

876 1128 1119 1163 Consuetudo
1157 1128 1256 1162 enim
1294 1132 1332 1162 et
1372 1127 1609 1162 familiaritas

874 1175 1100 1210 Maecenatis
1126 1175 1276 1220 saepius
1303 1186 1388 1210 eum
1404 1175 1546 1209 Romae
1573 1177 1611 1208 et

876 1223 915 1256 in
941 1223 999 1256 his
1026 1223 1192 1256 urbanae
1211 1223 1309 1257 vitae
1327 1222 1448 1256 turbis
1466 1222 1611 1256 detine-

877 1271 958 1311 bat,
1002 1270 1067 1304 ubi
1106 1270 1256 1314 quidem
1294 1270 1400 1304 nulla
1436 1270 1511 1304 alia
1548 1279 1609 1303 res

877 1317 1057 1350 maiorem
1091 1317 1125 1350 ei
1160 1317 1368 1351 molestiam
1401 1315 1611 1358 exhibebat,

879 1373 991 1408 quam
1039 1374 1167 1397 eorum
1211 1364 1496 1408 importunitas,
1546 1363 1612 1408 qui

877 1410 1105 1444 Maecenatis
1135 1421 1212 1444 non
1237 1411 1363 1445 minus
1389 1421 1500 1455 quam
1524 1413 1614 1454 poe—

880 1460 939 1491 tae
969 1456 1137 1491 ‘animum
1169 1460 1207 1491 et
1238 1468 1360 1492 mores
1394 1459 1612 1503 ignorantes

880 1505 938 1538 vel
968 1507 1122 1550 propter
1153 1504 1333 1539 invidiam
1357 1516 1443 1539 eum
1468 1505 1612 1550 iniquis

881 1552 1119 1586 sermonibus
1156 1551 1421 1595 traducebant,
1455 1552 1534 1594 vel,
1572 1554 1614 1585 ut

879 1598 983 1643 ipsos
998 1609 1136 1643 resque
1155 1609 1242 1633 suas
1258 1600 1404 1644 potenti
1417 1599 1613 1633 Octaviani

880 1645 999 1679 amico
1026 1647 1320 1689 commendaret,
1344 1646 1531 1691 pertinaci
1558 1657 1614 1680 se-

880 1692 1037 1726 dulitate
1069 1704 1203 1738 rogare
1238 1705 1431 1738 nunquam
1465 1694 1612 1728 desine-

879 1740 981 1774 bant.
1013 1740 1238 1774 Huiusmodi
1262 1741 1376 1786 igitur
1402 1752 1505 1775 suam
1530 1751 1614 1775 cum

879 1787 1095 1821 Maecenate
1120 1787 1441 1823 necessitudinem
1473 1800 1614 1833 nequa-

882 1845 993 1879 quam
1026 1845 1107 1868 esse
1140 1846 1211 1869 nec
1245 1836 1335 1869 talia
1365 1847 1405 1870 se
1432 1846 1615 1881 quaerere

881 1882 1059 1924 affirmat,
1085 1883 1257 1917 consulto
1283 1883 1486 1917 amicitiam
1511 1894 1615 1917 suam

882 1940 966 1962 cum
990 1929 1057 1962 illo
1075 1933 1294 1971 extenuans,
1319 1933 1506 1975 quatenus
1533 1931 1616 1964 sine

883 1976 993 2010 amici
1019 1976 1225 2011 offensione
1257 1977 1340 2011 fieri
1372 1980 1539 2022 poterat,
1572 1987 1617 2011 ac

884 2023 1089 2057 salsissime
1113 2024 1276 2058 irridens
1302 2025 1438 2069 partim
1467 2025 1616 2059 invidos

884 2073 996 2114 atque
1035 2070 1205 2114 iniquos,
1245 2072 1382 2115 partim
1419 2072 1617 2105 molestum

885 2117 1092 2150 scribarum
1124 2128 1243 2161 genus
1278 2118 1341 2160 (in
1368 2130 1528 2163 quorum
1554 2118 1617 2152 de-

886 2164 993 2196 curia
1023 2163 1151 2207 aliqua
1177 2165 1393 2208 quaestoria
1420 2166 1502 2210 ipse
1529 2165 1618 2199 olim

885 2210 1028 2251 fuerat)
1070 2211 1241 2255 aliosque
1281 2212 1416 2246 horum
1458 2212 1618 2256 similes3

886 2267 1031 2290 summa
1055 2258 1167 2291 simul
1192 2268 1276 2291 cum
1300 2262 1495 2293 venustate
1521 2260 1618 2294 vitae

886 2304 1051 2338 rusticae
1076 2304 1175 2339 bona
1199 2306 1354 2340 extollit.
1380 2306 1493 2340 ΖΕΗ.
1520 2306 1618 2341 Scri-

886 2353 952 2396 pta
984 2354 1041 2385 est
1073 2351 1195 2386 Satira
1227 2364 1260 2386 a.
1286 2365 1322 2386 u.
1349 2363 1380 2387 c.
1406 2356 1506 2394 723„
1545 2365 1618 2399 quo

888 2409 987 2432 anno
1014 2398 1192 2433 Sabinum
1227 2401 1260 2434 ei
1295 2400 1448 2434 donavit
1476 2401 1620 2435 Maece-

889 2456 973 2487 nas,
1006 2447 1115 2480 cuius
1142 2447 1292 2491 quidem
1317 2448 1503 2492 praedioli
1529 2449 1620 2482 deli-

889 2492 966 2526 cias
998 2493 1149 2527 iamiam
1182 2498 1359 2539 expertus
1398 2498 1496 2536 erat,
1536 2506 1619 2529 cum

889 2539 982 2573 haec
1007 2541 1169 2585 scripsit.

940 2589 1013 2620 1-5.
1036 2589 1077 2620 in
1100 2588 1204 2630 votis]
1237 2589 1298 2630 „in
1326 2589 1497 2633 optatis.“
1526 2588 1620 2630 (Cic.

891 2632 937 2667 ad
963 2633 1063 2667 Fam.
1089 2630 1218 2677 2,‘13,
1245 2636 1302 2678 2).
1352 2636 1456 2669 Pers.
1483 2637 1522 2675 3,
1549 2637 1620 2668 48:

892 2682 979 2721 quid
1003 2683 1131 2714 dexter
1153 2684 1251 2715 senio
1274 2684 1398 2724 smel,
1422 2683 1519 2716 Scire
1543 2686 1622 2716 erat

889 2729 928 2759 in
951 2730 1046 2761 voto.
1095 2727 1215 2762 Etiam
1248 2730 1286 2762 in
1319 2739 1431 2773 prosa
1462 2740 1516 2763 or.
1543 2729 1621 2764 Cic.
