1774 2930
147 147 233 189 358

624 149 832 185 HORATII
856 151 1205 187 EPISTOLARUM

264 249 525 293 Incolumem
557 251 637 293 tibi
669 266 738 294 me
769 255 992 308 praestant
1023 253 1349 310 Septembribus
1381 256 1512 299 horis.

266 320 333 362 Tu
363 326 478 364 recte
509 322 635 375 vivis,
669 322 706 363 si
739 337 860 365 curas
894 338 991 367 esse
1023 325 1137 380 quod
1167 326 1303 368 audis.
1468 330 1472 332 ’

262 391 474 434 lactamus
507 393 762 449 iampridem
793 395 931 437 omnis
963 399 1008 437 te
1038 394 1178 438 Roma
1208 397 1405 452 beatum;

263 462 349 505 Sed
380 477 546 517 vereor,
580 478 635 506 ne
668 465 734 506 cui
768 465 821 507 de
853 469 896 508 te
927 466 1024 522 plus
1057 481 1184 522 quam
1215 468 1295 510 tibi
1326 469 1488 523 credas,

260 533 381 576 Neve
412 538 538 590 putes
572 535 704 577 alium
736 536 930 592 sapiente
961 537 1159 594 bonoque
1190 538 1384 593 beatum,

1609 541 1669 583 20

261 603 375 658 Neu,
408 606 444 646 si
476 609 519 647 te
551 607 734 662 populus
769 621 919 649 sanum
952 612 1155 665 recteque
1186 608 1400 653 valentem

259 674 461 730 Dictitet,
495 677 702 719 occultam
739 677 903 721 febrem
935 680 1013 721 sub
1046 684 1216 736 tempus
1249 680 1403 724 edendi

258 745 533 802 Dissimules,
562 742 702 791 *donec
734 750 932 792 manibus
965 755 1126 793 tremor
1155 751 1314 794 incidat
1344 752 1497 794 unctis.

236 853 291 886 22.
318 854 449 893 febrim
477 853 511 896 S,
538 853 649 888 FMO.

140 946 321 981 confido.“
366 947 432 981 Vv.
464 950 497 981 si
530 950 646 982 credis
679 949 797 983 facete
829 950 878 984 si-

137 993 322 1039 gnificant
346 995 427 1029 fieri
460 1006 591 1040 posse,
625 999 668 1030 ut
694 1008 738 1031 ea
763 997 808 1031 de
834 1009 876 1032 re

138 1041 287 1076 dubitet
303 1043 459 1077 amicus.
495 1043 725 1078 Doederlein
742 1046 874 1085 Synon.

134 1087 201 1122 111.
227 1100 262 1133 p.
282 1092 346 1123 35:
375 1090 527 1132 „dulces
553 1092 684 1124 bezieht
707 1093 784 1125 sich
809 1094 882 1133 aus

137 1137 198 1168 ein
212 1138 431 1176 subjektives
453 1137 732 1182 Wohlqesallen,
753 1150 875 1173 amoe-

137 1193 208 1217 nae
253 1186 327 1226 auf
363 1186 537 1223 objectu-e
577 1187 801 1220 Schbnheit.“
830 1206 873 1210 ——

132 1231 342 1274 praestant]
370 1234 584 1275 „servant“,
610 1233 736 1277 potius
762 1244 875 1278 quam

137 1278 332 1320 „sistunt.“
353 1279 408 1313 Ea
426 1279 654 1325 significatio
672 1280 734 1314 hic
751 1281 873 1315 locum

134 1325 263 1367 habet,
289 1337 334 1360 ex
361 1338 436 1371 qua
458 1330 654 1368 praestare
680 1338 791 1372 saepe
819 1332 876 1363 est

135 1374 526 1418 qewdhrleisten,
576 1377 873 1416 qarantiren.

135 1419 280 1455 Seneca
303 1421 422 1466 Epist.
447 1424 511 1464 45,
540 1425 606 1456 11:
643 1423 875 1464 fortunatum

135 1468 351 1509 beatumque
397 1472 604 1510 praestare.
635 1489 683 1493 —
715 1471 875 1511 Septem-

135 1516 257 1549 bribus
294 1516 416 1559 horis]
460 1516 535 1550 Cfr.
570 1516 644 1551 Sat.
677 1519 717 1559 2,
744 1520 785 1557 6,
806 1520 873 1552 19:

132 1562 408 1604 Autumnusque
477 1566 619 1607 qravis,
694 1566 874 1599 Libitinae

134 1612 305 1650 quaestus
330 1613 497 1645 acerbae.

185 1683 239 1714 17.
267 1684 320 1715 Tu
344 1685 439 1715 recte
466 1683 551 1725 cet]
579 1683 796 1718 Sententiae
823 1685 877 1719 sic

134 1738 174 1762 se
201 1730 418 1773 excipiunt:
460 1729 590 1775 „Ego,
626 1733 667 1764 ut
691 1731 875 1775 perspicis

134 1785 179 1809 ex
205 1776 277 1818 his,
305 1787 402 1820 quae
428 1777 495 1810 tibi
525 1777 680 1821 scripsi,
705 1789 764 1812 me
790 1779 875 1812 bea-

133 1825 212 1856 tum
241 1834 323 1858 esse
351 1823 467 1866 duco,
504 1824 679 1858 similiter
711 1828 746 1858 te
773 1825 873 1859 cives

133 1871 188 1903 tui
222 1870 374 1904 beatum
406 1870 639 1914 praedicant.
690 1871 771 1910 Quo
798 1883 873 1906 ma-

131 1917 190 1962 gis
216 1928 317 1959 cave,
344 1928 390 1951 ne
411 1917 615 1962 decipiaris
642 1921 873 1957 externarre-

132 1975 215 1998 rum
258 1965 382 2010 specie
421 1976 495 1999 neu
538 1969 573 1999 te
616 1968 873 2000 transversum

131 2015 247 2057 agant
279 2013 379 2057 volgi
414 2012 554 2047 iudicia
586 2024 770 2058 persaepe
803 2014 872 2048 fal-

132 2059 249 2101 lacia,
283 2059 376 2094 adeo
408 2063 451 2093 ut
481 2060 651 2106 negligas
677 2061 873 2106 proprium

133 2107 316 2149 studium,
330 2118 457 2141 veram
472 2108 756 2151 beatitudinem,
775 2120 872 2153 quae

133 2154 243 2188 unice
269 2156 307 2188 in
346 2157 459 2188 temet
493 2155 574 2199 ipso
602 2155 673 2189 sita
699 2166 781 2190 esse
807 2167 872 2200 po-

132 2204 218 2242 test,
237 2204 274 2236 et
287 2202 522 2246 adipiscendi
537 2205 575 2236 et
589 2204 871 2237 conservandi.“

131 2248 205 2282 Pro
246 2249 392 2288 Quintii
432 2250 585 2295 ingenio
625 2261 675 2286 ac.
704 2251 872 2285 moribus

133 2296 206 2330 hoc
234 2307 324 2331 sane
350 2298 586 2342 praeclarum
617 2298 872 2332 testimonium

132 2346 265 2386 exstat,
292 2345 393 2388 quod
411 2344 590 2379 Horatius
613 2355 697 2378 eum
716 2345 872 2390 dignum

130 2391 281 2432 habuit,
315 2392 377 2425 cui
411 2392 629 2426 huiusmodi
663 2392 869 2437 Epistolam

131 2437 309 2472 mitteret.
358 2438 466 2474 Alius
512 2442 635 2473 autem
679 2440 869 2483 Quintius,

130 2485 292 2520 fortasse
319 2485 433 2520 huius
458 2487 571 2527 filius,
598 2490 749 2530 praetor
775 2498 806 2521 a.
832 2499 868 2521 u.

131 2543 163 2566 o.
191 2534 271 2567 752.
299 2532 385 2575 (Dio
406 2533 507 2567 Cass.
535 2535 591 2567 55.
618 2545 653 2577 p.
682 2536 761 2568 358.
789 2534 868 2577 St),

130 2581 188 2614 vel
214 2582 367 2624 propter
392 2583 549 2614 aetatem
577 2581 725 2615 videtur
749 2582 868 2616 fuisse

130 2627 196 2661 ille
223 2627 342 2661 Iuliae
367 2627 528 2669 adulter,
560 2628 604 2662 de
632 2639 706 2672 quo
733 2628 868 2663 Vellei.

130 2673 208 2708 Pat.
237 2677 270 2717 2,
299 2677 384 2708 100:
412 2676 653 2717 Quintiusque
673 2677 869 2718 Crispinus,

127 2723 358 2762 sinqularem
414 2724 612 2763 nequitiam
669 2724 867 2764 supercilio

926 953 1021 984 truci
1055 956 1247 994 proteqens
1285 955 1318 986 et
1356 954 1425 986 alii
1447 972 1463 979 -
1487 972 1503 979 -
1524 962 1666 995 poenas

922 1001 1143 1041 pependere,
1175 1008 1257 1033 cum
1282 1001 1451 1034 Caesaris
1483 1001 1599 1042 filiam
1630 1003 1664 1034 et

925 1047 1081 1079 Neronis
1097 1047 1293 1080 violassent
1318 1049 1514 1089 coniuqem.
1535 1067 1578 1072 —
1596 1057 1665 1082 au-

924 1093 1001 1135 dis]
1055 1093 1220 1135 „diceris
1259 1095 1393 1136 esse“,
1442 1097 1485 1128 ut
1523 1092 1662 1137 κλύεις,

924 1137 1089 1182 ἀκούεις.
1128 1140 1203 1174 Gfr.
1229 1141 1323 1186 Epp.
1351 1144 1382 1185 1,
1409 1144 1440 1184 7,
1468 1144 1524 1175 38.
1566 1142 1664 1176 Cru-

925 1187 1056 1232 quius:
1085 1188 1173 1229 „Est
1191 1188 1437 1232 Socraticum,
1458 1189 1567 1223 cuius
1582 1200 1660 1224 me-

923 1235 1035 1268 minit
1052 1235 1129 1269 Cic.
1148 1236 1194 1270 de
1212 1235 1320 1270 Offic.
1339 1238 1372 1279 2,
1392 1238 1447 1278 12,
1468 1238 1532 1270 43:
1550 1238 1662 1271 Hanc

923 1283 1023 1315 viam
1036 1283 1086 1315 ad
1101 1284 1259 1324 qloriam
1272 1284 1484 1324 proximam
1501 1286 1536 1317 et
1555 1286 1663 1325 quasi

924 1331 1235 1371 compendiariam
1257 1331 1397 1364 dicebat
1420 1339 1505 1372 esse,
1530 1330 1661 1372 siquis

922 1378 961 1410 id
987 1380 1128 1419 auci-et,
1154 1380 1211 1419 ut,
1246 1378 1367 1418 qualis
1391 1379 1519 1412 haberi
1541 1379 1662 1421 vellet,

923 1425 1008 1457 talis
1035 1426 1161 1458 esset.“

976 1497 1096 1529 18-24.
1128 1497 1315 1529 laetamus
1332 1514 1348 1520 -
1365 1497 1480 1529 omnis
1497 1515 1512 1522 -
1528 1496 1665 1540 Roma]

924 1541 992 1576 Od.
1028 1545 1068 1585 4,
1103 1545 1143 1585 2,
1178 1545 1246 1577 50:
1286 1544 1664 1578 dicemus--Civitas

923 1591 1049 1623 omnis.
1079 1589 1275 1634 Epod..16‚
1293 1592 1358 1624 36:
1383 1592 1522 1624 Eamus
1546 1592 1663 1625 omnis

927 1640 1119 1671 exsecrata
1152 1639 1294 1671 civitas.
1344 1637 1419 1672 Cfr.
1451 1637 1542 1672 ibid.
1569 1649 1601 1671 v.
1627 1641 1661 1672 9.

929 1686 970 1718 15
997 1695 1052 1729 sq.
1069 1704 1111 1708 —
1126 1684 1286 1727 beatum]
1310 1684 1559 1728 probabiliter
1584 1695 1661 1719 non

925 1733 1070 1765 tantum
1108 1735 1261 1776 propter
1299 1742 1407 1775 opes,
1443 1731 1510 1765 sed
1547 1732 1661 1766 etiam

924 1781 1078 1822 propter
1102 1779 1280 1820 honores,
1305 1789 1399 1822 quos
1418 1778 1491 1812 iam
1507 1781 1585 1812 tum
1603 1779 1660 1813 vi-

924 1825 1034 1858 detur
1071 1826 1246 1870 gessisse.
1296 1824 1372 1859 Cic.
1405 1825 1451 1859 de
1483 1825 1599 1871 Legg.
1627 1829 1660 1869 1,

926 1874 987 1913 11,
1014 1874 1076 1906 32:
1113 1874 1267 1914 Propter
1298 1873 1490 1906 honestatis
1522 1875 1555 1906 et
1581 1875 1659 1915 qlo-

922 1920 1003 1952 riae
1026 1921 1299 1953 similitudinem
1324 1921 1467 1962 beati,
1506 1922 1569 1960 qui
1595 1922 1659 1955 bo-

923 1968 1047 2000 norati
1063 1970 1158 2009 sunt,
1184 1969 1366 2001 videntur.
1383 1986 1426 1990 —
1441 1975 1553 2007 quam
1578 1969 1658 2012 tibi]

924 2013 1000 2047 Cic.
1027 2014 1074 2048 ad
1099 2013 1200 2048 Fam.
1227 2016 1266 2056 2,
1293 2016 1334 2057 7,
1360 2017 1404 2048 2:
1442 2015 1572 2048 Tecum
1607 2016 1658 2049 lo-

922 2070 1042 2104 quere,
1077 2061 1234 2104 (Gurio,)
1267 2064 1301 2096 te
1325 2063 1455 2095 adhibe
1478 2063 1516 2094 in
1544 2064 1659 2095 eonsi-

925 2109 1032 2149 lium,
1067 2111 1101 2142 te
1134 2111 1243 2151 audi,
1276 2110 1342 2142 tibi
1366 2110 1584 2151 obtempera.
1613 2129 1656 2134 -

923 2157 1040 2189 alium
1071 2156 1256 2199 sapiente]
1294 2156 1389 2201 Epp.
1415 2158 1455 2198 2,
1490 2159 1530 2198 1,
1564 2158 1656 2191 240:

922 2204 1019 2236 alius
1056 2205 1220 2245 Lysippo.
1275 2203 1416 2238 Brutus
1458 2203 1504 2237 ad
1541 2203 1658 2239 Anto·

922 2250 1027 2284 nium
1052 2250 1152 2295 apud
1179 2251 1255 2285 Cic.
1280 2250 1328 2285 ad
1352 2250 1452 2285 Fam.
1479 2252 1535 2294 11,
1558 2253 1591 2291 2,
1615 2253 1656 2286 2:

921 2306 986 2331 nec
1012 2300 1212 2339 quidquam
1237 2299 1341 2332 aliud
1371 2299 1537 2331 libertate
1561 2307 1656 2333 com-

920 2347 1023 2378 muni
1046 2347 1237 2386 quaesisse.
1286 2345 1423 2380 Graeci
1445 2340 1562 2379 ἅλλον
1586 2345 1656 2380 τοῦ

920 2392 1068 2433 σοφοῦ,
1107 2395 1150 2426 ut
1181 2392 1287 2427 Plato
1320 2392 1418 2427 Men.
1443 2403 1479 2437 p.
1506 2394 1563 2426 88.
1587 2392 1655 2427 B.:

917 2436 1013 2473 ἄλλο
1049 2437 1275 2483 ἐπιστήμης.
1302 2459 1344 2463 ——
1370 2449 1503 2473 sanum
1541 2443 1655 2474 reete-

919 2496 986 2528 que
1010 2487 1209 2529 valentem]
1237 2486 1305 2521 Est
1328 2487 1490 2521 formula
1514 2497 1654 2521 sermo-

918 2534 977 2568 nis
1005 2534 1231 2578 quotidiani,
1270 2534 1500 2575 oblitterata,
1533 2536 1575 2567 ut
1598 2533 1654 2566 vi-

918 2581 1053 2623 dimus,
1078 2581 1172 2625 Epp.
1194 2585 1224 2623 1,
1249 2583 1282 2623 7,
1306 2583 1338 2614 3.
1359 2600 1402 2604 -
1428 2580 1654 2624 Dissimules]

917 2629 997 2662 Hoc
1015 2629 1091 2662 volt
1108 2628 1255 2670 docere,
1281 2628 1438 2662 stultum
1464 2637 1558 2669 esse,
1585 2627 1652 2671 qui

917 2675 1032 2709 animi
1064 2675 1233 2717 morbos,
1269 2675 1307 2708 id
1333 2677 1407 2717 est,
1446 2674 1536 2708 vitia
1565 2674 1653 2709 ideo

917 2723 1074 2757 maxime
1092 2723 1200 2765 celat,
1225 2732 1272 2755 ne
1290 2722 1530 2766 corrigantur
1555 2733 1577 2755 a
1594 2732 1654 2756 sa-
