1774 2930
668 118 764 154 Lm.
785 119 833 153 IL
881 117 985 153 SAT.
1009 117 1074 153 tv.

1544 115 1626 158 19⁷

232 221 403 264 Primus
433 224 477 264 et
506 220 702 263 invenior
729 220 854 276 piper
883 219 1027 262 album
1057 232 1153 261 cum
1182 218 1273 260 sale
1301 218 1424 274 nigro

230 292 444 335 Incretum
473 292 593 348 puris
624 290 979 347 circumposuisse
1010 289 1177 332 catillis.

1572 288 1625 329 75

230 362 422 405 Immane
451 365 518 405 est
546 362 698 404 vitium
730 361 831 404 dare
861 361 980 402 milia
1007 363 1131 403 terna
1159 359 1339 402 macello

230 432 513 490 Angustoque
543 446 676 488 vagos
706 432 848 488 pisces
877 445 1033 487 urgere
1063 431 1217 473 catino.

231 503 390 560 Magna
418 507 561 546 movet
593 502 811 545 stomacho
840 501 1031 556 fastidia,
1064 515 1142 544 seu
1171 515 1278 558 puer
1307 500 1447 542 unctis

234 574 453 617 Tractavit
484 574 659 617 calicem
689 573 906 627 manibus,
937 572 1040 615 dum
1070 572 1183 614 furta
1211 572 1378 628 ligurit,

233 645 334 687 Sive
365 646 506 701 gravis
537 645 674 687 veteri
704 648 894 687 craterae
923 643 1051 684 limus
1083 642 1291 686 adhaesit.

1569 641 1626 683 80

233 715 401 758 Vilibus
431 716 477 757 in
508 716 668 772 scopis,
698 716 744 757 in
773 714 960 770 mappis,
991 714 1037 755 in
1068 713 1196 756 scobe
1226 711 1408 770 quantus

210 846 267 879 78.

304 848 446 879 movent
469 856 513 889 p,
545 845 717 889 plerique
749 843 944 886 Pot‘tierii,
980 843 1069 877 Lot.
1096 861 1140 867 —-
1166 844 1222 877 79.
1255 845 1377 884 fiwta
1403 843 1579 887 quattuor

161 891 344 935 Pottierii,
368 891 447 925 ΕΜ.
473 911 516 915 -
543 894 599 926 80.
625 894 807 925 creterrae
833 889 861 924 C
888 901 935 924 ex
959 889 1048 924 Cod.
1074 890 1207 925 Bland.

110 993 254 1027 atinata
269 995 387 1027 erant.
402 1011 445 1016 -——
460 992 611 1035 faecem]
631 992 844 1036 „liquamen

110 1041 152 1074 et
175 1039 455 1074 condimentum
481 1050 528 1073 ex
544 1039 623 1072 vini
650 1039 755 1073 faece
780 1049 844 1083 pa-

112 1086 271 1121 ratum!
310 1086 386 1120 crr.
413 1085 487 1121 Sat.
514 1088 547 1128 2,
572 1087 606 1128 8,
632 1089 672 1120 9:
696 1087 845 1127 saecula

112 1135 198 1168 coa.
232 1153 276 1158 -
305 1135 474 1175 prunus·
485 1133 679 1176 -Prt'musJ
710 1132 786 1166 Cfr.
811 1142 842 1166 v.

112 1183 171 1215 46.
193 1183 230 1215 et
245 1181 451 1237 Hegesippi
476 1180 573 1214 illud
590 1180 690 1225 apud
707 1180 843 1214 Athen.

113 1229 154 1270 ⁷,
187 1230 252 1262 36.
291 1225 335 1261 τὸ
361 1229 479 1275 πέρας
509 1227 579 1271 τῆς
608 1227 843 1280 μαγειρικῆς

113 1271 229 1328 Σύρε,
270 1271 494 1330 Εὖρημὲνον
535 1273 674 1307 ειδέναι
714 1271 844 1316 νόμιζε

113 1317 238 1364 μόνον
261 1321 340 1363 ἐμέ.
354 1322 519 1364 -altec]
538 1323 718 1354 Caviar.
743 1321 844 1355 Plin.

114 1367 163 1402 H.
187 1367 231 1402 N.
257 1369 322 1410 31,
354 1370 394 1401 8:
435 1370 567 1402 Vitium
599 1369 707 1401 huius
732 1369 843 1413 (gari)

116 1417 167 1448 est
185 1415 282 1457 alex,
299 1416 514 1456 imperfecta
530 1424 595 1448 nee
612 1416 733 1448 colata
745 1416 843 1456 faex.

115 1462 324 1495 --stansiit
340 1462 469 1495 deinde
492 1463 532 1494 in
559 1463 746 1495 luxuriam
768 1471 845 1495 cre-

113 1511 317 1549 veruntque
348 1517 482 1550 venera
514 1510 564 1542 ad
595 1510 787 1550 infinitum.
800 1527 816 1534 -

110 1555 174 1589 Sic
196 1557 285 1589 alea:
304 1557 469 1597 pervenit
494 1557 544 1589 ad
567 1559 723 1597 ostreas,
753 1557 845 1589 echi-

114 1610 197 1644 κω,
220 1603 376 1657 urticas,
402 1610 620 1645 cammaro-s,
645 1604 843 1636 multorum

112 1649 287 1692 facinora,
303 1651 575 1690 innumerisque
588 1651 778 1691 verteribus
795 1652 844 1684 ad

109 1704 282 1738 saporem
297 1697 407 1738 outae
430 1698 544 1738 coepit
568 1698 627 1730 sal
650 1699 842 1731 tabescere.

113 1744 282 1785 -piper
306 1743 444 1786 amum]
468 1743 568 1777 Plin.
593 1733 639 1777 ΗΞ
655 1743 699 1778 Ν.
727 1746 783 1787 12,
808 1747 842 1779 7.

114 1791 311 1824 candidum
334 1793 443 1825 vocat
476 1791 662 1831 lentusque
691 1793 841 1833 niqro.

115 1839 261 1870 —mle
283 1837 412 1880 niqra]
442 1837 656 1882 Opponitur
690 1838 842 1883 Tigellii

110 1884 187 1917 sati
214 1893 322 1926 puro.
371 1884 463 1927 (Sat.
490 1888 529 1927 1,
556 1886 596 1926 3,
624 1885 695 1927 14.)
744 1886 841 1920 Plin.

113 1929 160 1963 H.
183 1930 229 1964 N.
254 1933 318 1973 31,
343 1933 384 1974 7,
409 1933 473 1965 40:
506 1933 718 1973 Quicunque
744 1933 842 1974 tione

115 1979 222 2019 confit
246 1979 322 2020 sal,
354 1979 458 2019 niver
483 1982 544 2012 est.
572 1997 615 2002 -—
643 1980 842 2022 meretum]

117 2035 207 2068 „per
237 2025 512 2058 incerniculum
537 2036 566 2059 s.
592 2025 760 2060 cribrum
785 2027 843 2059 in-

115 2071 328 2114 spersum.'‘
408 2071 486 2104 Alii
546 2072 843 2116 interpretantur

118 2117 240 2159 „haud
265 2119 440 2151 cretum.“
460 2137 503 2141 —
519 2118 639 2160 pum]
659 2119 842 2163 „ideoque

113 2163 340 2209 elegantiam
378 2167 482 2209 grato
516 2166 639 2208 sapori
672 2166 843 2200 addenti-

115 2209 220 2244 bus!
248 2230 291 2234 —
317 2212 635 2254 circumposuisse]
671 2213 841 2254 „circum

115 2267 280 2292 mensam
313 2258 512 2292 rotundam
538 2259 703 2293 convivis
728 2271 843 2303 appo·

115 2304 257 2347 fluisse,
283 2306 343 2339 vel
368 2305 528 2351 singulis
552 2306 611 2339 vel
637 2306 772 2348 binis“,
801 2310 844 2341 ut

113 2354 216 2385 certe
242 2355 300 2386 est
323 2352 440 2407 apud
455 2352 611 2387 Lucian.
638 2353 752 2387 ConV.
778 2356 842 2387 38:

115 2408 316 2454 προυκειτο
338 2399 378 2433 δὲ
394 2397 467 2440 οὐχ
490 2396 534 2433 ἑν
558 2396 708 2433 ἑκάστω
734 2397 844 2434 πινά-

114 2456 218 2488 κιον,
258 2443 339 2479 ἀλλ’
375 2444 634 2500 Αρισταινέτῳ
670 2439 742 2490 ιὶὲν
778 2449 842 2481 καὶ

114 2490 287 2540 Εὐκρίτῳ
303 2493 366 2527 ἐπὶ
387 2506 479 2536 μιας
499 2497 682 2541 τραπέζης
697 2492 843 2538 κοινόν.

162 2541 223 2573 ’16-
226 2542 282 2574 80.
298 2541 429 2583 „Non
418 2552 459 2574 ln
478 2542 570 2576 cibis
584 2545 727 2576 tantum
743 2553 841 2576 sum-

114 2587 202 2629 ptus
218 2587 428 2630 faciendus,
454 2589 520 2622 sed
546 2589 614 2623 toti
645 2599 760 2623 cenae
778 2601 843 2634 ap-

114 2634 262 2675 paratui
292 2645 382 2669 cura
407 2635 653 2670 adhibenda.“
682 2656 724 2660 —
753 2638 842 2669 dare

112 2681 220 2712 milia
244 2682 369 2725 terna]
405 2683 465 2724 „in
496 2683 645 2728 singula
669 2683 842 2717 convivia

894 990 1111 1035 impendere
1161 989 1234 1024 tria
1275 990 1380 1024 milia
1420 1000 1626 1031 nummum,

894 1038 1044 1072 circiter
1070 1039 1139 1072 600
1163 1037 1299 1071 Franc.
1325 1037 1449 1071 Gau.“
1478 1055 1521 1060 —
1547 1045 1626 1070 ma-

893 1085 999 1128 cello]
1026 1086 1067 1119 in
1090 1085 1171 1119 foro
1197 1084 1375 1129 piscario.
1425 1083 1501 1118 Cfr.
1531 1084 1625 1128 Epp.

895 1135 934 1174 1,
974 1134 1036 1174 15,
1075 1134 1132 1166 31.
1158 1151 1201 1156 —
1230 1131 1364 1174 vaqos]
1403 1131 1466 1174 „in
1500 1131 1625 1166 catino

894 1190 1045 1224 quoque
1071 1179 1178 1213 utin
1212 1180 1306 1213 mari
1342 1179 1461 1213 libere
1496 1181 1625 1213 natare

893 1227 1003 1271 quasi
1029 1227 1261 1271 cupientes.“
1291 1246 1333 1250 —
1358 1226 1490 1269 moves]
1516 1226 1625 1260 abso-

893 1274 971 1307 lute
997 1276 1034 1307 et
1060 1274 1375 1318 impersonaliter.
1416 1274 1626 1314 Machtiq

894 1322 1070 1362 emport
1103 1330 1147 1353 es
1178 1321 1262 1353 den
1286 1322 1464 1362 Manen.
1514 1319 1625 1354 Voss.

894 1386 938 1390 —
963 1367 1102 1409 unctis]
1130 1378 1246 1411 „quas
1272 1368 1400 1412 ungit,
1433 1367 1521 1400 dum
1547 1367 1625 1401 fur·

892 1414 958 1452 tim
975 1415 1036 1448 ius
1053 1415 1206 1458 aliquod
1224 1414 1422 1459 deg·lutit;‘⁴
1447 1415 1625 1447 selumie-

892 1463 974 1502 riq.
982 1460 1148 1495 Arrian.
1174 1461 1335 1516 Epictet.
1361 1463 1394 1503 2,
1419 1463 1453 1503 4,
1479 1463 1520 1494 8:
1555 1459 1625 1494 ἐὰν

890 1506 947 1552 μή
964 1505 1057 1555 δύνῃ
1075 1508 1144 1542 τοῦ
1168 1510 1288 1563 κρέως
1304 1504 1543 1549 ἀποσπάσαι,
1568 1507 1626 1542 λί-

892 1565 1001 1588 παινε
1018 1553 1108 1597 τοὺς
1118 1553 1329 1598 δακτύλους
1342 1557 1410 1589 καὶ
1426 1555 1624 1621 περίλειχε.

892 1621 936 1626 -
963 1603 1108 1645 aravi-5]
1144 1614 1346 1645 „nauseam
1370 1603 1551 1638 faciens!
1579 1623 1622 1627 —

891 1652 1005 1683 veteri
1038 1650 1225 1693 craterae]
1265 1650 1436 1693 „diutino
1471 1661 1543 1684 usu
1569 1654 1624 1685 at-

891 1697 1021 1739 tritae,
1064 1697 1201 1742 cuique
1237 1699 1296 1732 vel
1333 1700 1487 1742 propter
1524 1699 1623 1732 hanc

890 1743 1011 1788 ipsam
1051 1747 1275 1779 vetustatem
1315 1745 1466 1780 facilius
1508 1745 1622 1780 limus

891 1791 1110 1826 adhaeret.“
1162 1792 1336 1826 Ceterum
1375 1796 1624 1826 creterrarum

891 1839 1003 1872 etiam
1037 1838 1126 1872 Cod.
1164 1839 1295 1873 Medic.
1330 1838 1408 1873 Cic.
1442 1840 1489 1874 ad
1522 1840 1622 1874 Fam.

891 1887 932 1927 7,
960 1889 998 1927 1,
1025 1887 1058 1919 2.
1108 1885 1183 1919 Cfr.
1215 1886 1360 1920 Nonius
1385 1898 1422 1931 p.
1448 1888 1529 1921 547.
1553 1887 1622 1921 M.:

893 1933 1078 1975 Creterra,
1111 1942 1222 1974 quam
1254 1942 1350 1967 nunc
1382 1935 1533 1967 situlam
1561 1943 1623 1968 vo-

891 1983 985 2013 cant.
1005 2000 1047 2004 —
1068 1980 1247 2023 adhaesit]
1275 1992 1319 2023 „a
1344 1981 1459 2015 verbo
1486 1983 1622 2015 adhae-

890 2035 1028 2060 rescere
1053 2027 1078 2060 i.
1105 2039 1139 2071 q.
1166 2029 1375 2061 adhaeret}
1418 2028 1558 2062 Humi).

916 2112 919 2113 ⁷
939 2076 995 2107 81.
1015 2075 1070 2107 82.
1088 2075 1244 2117 mappis]
1271 2076 1499 2116 Quehlen,
1524 2077 1623 2109 Ser-

890 2121 1086 2162 vienen,
1112 2131 1191 2154 voc.
1215 2121 1414 2155 Punicum.
1464 2121 1621 2161 Quintil.

892 2169 931 2208 1,
957 2169 998 2208 5,
1025 2169 1080 2201 57.
1124 2167 1199 2200 Cfr.
1225 2167 1371 2201 Becker
1398 2169 1529 2202 Gallus
1553 2169 1621 2203 III.

889 2223 924 2257 p.
952 2215 1020 2247 213
1043 2225 1097 2258 sq.
1134 2214 1245 2258 Apud
1262 2215 1460 2249 Horatium
1485 2227 1508 2250 a
1531 2227 1621 2251 con-

891 2260 1056 2294 vivatore
1082 2261 1313 2304 praebentur
1339 2263 1454 2305 (conf.
1470 2263 1564 2308 Epp.
1588 2266 1620 2306 1,

890 2309 932 2350 5,
970 2308 1060 2350 22.);
1102 2308 1202 2352 apud
1226 2308 1432 2343 Martialem
1467 2312 1529 2353 12,
1562 2312 1619 2345 29.

892 2365 1016 2389 secum
1054 2355 1214 2389 afferunt
1251 2357 1449 2399 convivae,
1485 2369 1519 2391 v.
1554 2360 1619 2392 21:

890 2403 948 2435 Aa
992 2410 1118 2435 cenam
1152 2405 1400 2445 Hemoqenes
1443 2414 1618 2446 mappam

890 2457 964 2482 non
988 2451 1111 2482 attulit
1134 2458 1314 2493 unquam,
1351 2454 1381 2484 Δ
1407 2461 1497 2485 cena
1528 2461 1618 2485 sem-

886 2504 956 2537 per
977 2497 1121 2530 rettulit
1146 2499 1401 2539 Hermogenes.
1421 2518 1464 2522 ——
1485 2499 1619 2541 „Prae-

889 2546 994 2577 terea
1025 2545 1141 2585 scopis
1167 2547 1204 2577 et
1234 2546 1338 2578 scobe
1369 2548 1619 2590 purgamenta

890 2601 1004 2624 cenae
1059 2601 1082 2624 a
1135 2591 1349 2635 pavimento
1410 2592 1618 2627 everrenda

890 2637 1012 2671 ειιιιίῑ.ιι
1046 2637 1144 2671 Plin.
1169 2638 1215 2671 H.
1231 2638 1275 2672 N.
1302 2641 1358 2680 36,
1384 2640 1441 2680 25,
1467 2641 1529 2672 60:
1555 2641 1618 2673 So-

888 2686 1151 2726 sus-Perqami
1185 2687 1312 2719 stravit
1345 2694 1450 2725 quem
1486 2690 1617 2720 vocant
