1774 2930
128 141 211 183 166

625 140 833 175 HORATH
859 139 1150 175 SATIRARUM

242 242 465 284 Frumenti
498 245 704 298 quantum
735 242 858 284 metit
888 241 1051 284 Africa.
1105 241 1205 284 Sive
1239 225 1319 298 ego
1349 257 1498 299 prave,

245 313 331 356 Seu
362 318 492 367 recte,
525 314 606 355 hoc
635 313 780 367 volui,
812 326 868 355 ne
900 313 959 354 sis
991 316 1169 369 patruus
1201 313 1322 355 mihi.
1376 314 1516 357 Credo

243 384 338 427 Hoc
370 384 538 427 Staberi
571 383 826 440 prudentem
858 384 1047 426 animum
1077 384 1253 427 vidisse.
1297 384 1412 433 Quid
1443 398 1544 441 ergo

246 456 404 509 Sensit,
439 469 535 497 cum
569 469 777 497 summam
807 455 1037 511 patrimoni
1068 456 1312 512 insculpere
1346 470 1451 499 saxo

1591 457 1650 499 90

242 527 439 570 Heredes
471 527 637 568 voluit?
669 526 820 574 Quoad
849 526 971 580 vixit,
1006 526 1186 569 credidit
1215 528 1369 583 ingens

242 598 502 654 Pauperiem
533 598 686 639 vitium
719 601 761 639 et
793 588 904 639 cavit
934 598 1044 639 nihil
1076 598 1227 652 actim,
1259 602 1320 653 ut,
1353 599 1391 640 si

242 669 374 712 Forte
405 669 546 711 minus
577 669 769 725 locuples
801 683 885 711 uno
919 669 1155 725 quadrante
1185 669 1390 725 perisset,

243 741 342 796 Ipse
373 740 592 783 videretur
623 741 707 782 sibi
738 740 945 796 nequior:
980 740 1116 782 omnis
1150 741 1265 782 enim
1295 754 1380 794 res,

243 812 407 865 Virtus,
440 811 566 865 fama,
600 812 743 864 decus,
776 811 923 854 divina
953 811 1224 867 humanaque
1255 811 1445 868 pulchris

1593 811 1649 853 95

242 882 420 925 Divitiis
452 887 628 939 parent,
663 898 767 939 quas
802 883 874 939 qui
907 884 1207 936 construxerit,
1239 883 1312 925 ille

245 954 396 996 Clarus
430 955 523 1007 erit,
557 954 695 1008 fortis,
728 955 882 996 iustus.
926 953 1197 1010 Sapiensne?
1226 953 1386 1007 Etiam,
1420 957 1462 996 et
1492 967 1570 996 rex

242 1023 300 1067 Et
332 1024 541 1081 quidquid
571 1026 700 1067 volet.
743 1025 853 1079 Hoc,
885 1025 1019 1067 veluti
1050 1025 1208 1067 virtute
1240 1029 1450 1081 paratum,

243 1096 442 1153 Speravit
471 1111 653 1152 magnae
683 1096 800 1138 laudi
831 1095 935 1138 fore.
981 1095 1095 1144 Quid
1131 1096 1270 1138 simile
1301 1096 1375 1137 isti

243 1168 433 1210 Graecus
465 1167 746 1224 Aristippus?
779 1167 852 1223 qui
884 1181 1030 1210 servos
1063 1167 1272 1223 proiicere
1304 1181 1455 1209 aurum

1565 1172 1650 1214 100

220 1287 276 1319 93.
302 1287 443 1327 periret
465 1285 499 1329 S,
527 1285 636 1319 multi
654 1285 840 1328 Pottierii,
867 1287 882 1319 t
900 1287 936 1319 et
953 1285 1165 1320 Bentleius.
1183 1304 1228 1309 ——
1246 1288 1303 1319 96.
1321 1286 1547 1319 σοηεναωενίι
1565 1284 1602 1318 b.

125 1385 285 1420 debebat
333 1386 445 1420 etiam
487 1386 738 1431 ¹frumentatio
797 1386 864 1419 im-

123 1444 263 1467 mensa.
292 1453 334 1457 —-
363 1437 542 1475 quantum
581 1435 682 1468 metit
719 1433 862 1476 Africa]

124 1480 190 1515 Est
228 1482 338 1525 quasi
370 1482 624 1525 proverbium.
675 1480 743 1515 Od.
772 1483 803 1523 1,
832 1483 862 1523 1,

126 1531 191 1562 10:
234 1530 419 1570 Quidquid
451 1531 494 1562 de
527 1530 667 1570 Libycis
700 1530 864 1562 verritur

124 1584 233 1609 areis.

173 1625 293 1657 87-94.
318 1623 552 1666 Sive--mihi]
570 1623 673 1657 Haec
692 1634 713 1657 a
732 1622 861 1656 Stabe-

124 1670 180 1704 rio
207 1671 282 1704 dici
308 1671 478 1715 potuisse
512 1670 623 1716 fingit
655 1670 862 1703 heredibus

124 1718 187 1751 tali
227 1719 450 1752 testamento
484 1717 585 1752 haud
624 1717 739 1751 nimis
775 1727 862 1751 con-

123 1766 262 1799 tentis:
303 1765 396 1808 „Sic
422 1765 518 1807 volo,
546 1766 599 1799 sic
626 1765 759 1807 iubeo3
784 1775 862 1807 vos,

124 1812 302 1855 heredes,
340 1813 459 1846 nolite
493 1823 551 1846 me
584 1812 862 1857 reprehendere

124 1862 188 1893 aut
206 1860 418 1905 obiurgare,
445 1862 486 1893 ut
508 1860 631 1894 solent
646 1859 773 1904 patrui
790 1859 863 1893 fra-

124 1909 224 1941 trum
238 1907 379 1941 liberos
389 1907 563 1951 asperius
577 1909 738 1941 tractare
749 1918 862 1951 quam

123 1957 252 1999 patres
279 1955 386 1999 ipsi.“
406 1974 448 1978 —
463 1963 507 1988 ne
521 1956 569 1987 sis
584 1957 743 1996 patruus
760 1954 862 1997 mihi]

125 2001 201 2035 Cfr.
222 2001 295 2036 Sat.
315 2003 347 2044 2,
367 2004 399 2044 2,
419 2004 482 2036 97;
510 2004 655 2035 Iratum
672 2004 861 2043 patruum.

125 2069 167 2072 —
198 2050 310 2083 Credo
337 2049 421 2092 cet]
454 2048 697 2092 „Staberium
725 2049 797 2082 hoc
822 2049 862 2081 in

125 2099 348 2131 testamento
376 2097 550 2131 statuisse
571 2097 682 2131 credo
705 2106 781 2130 non
807 2099 862 2130 te-

124 2155 246 2187 mere,
285 2144 351 2178 sed
385 2143 594 2188 prudenter
628 2147 741 2188 atque
773 2153 862 2178 con-

125 2192 237 2234 sulto,
263 2194 305 2225 ut
324 2191 415 2236 quid
433 2191 479 2225 de
497 2191 651 2234 divitiis,
677 2191 863 2225 bonorum

124 2238 210 2280 fine,
236 2240 275 2272 in
293 2239 368 2273 vita
386 2239 580 2281 sensisset,
607 2239 718 2273 etiam
739 2241 864 2282 poste-

124 2286 226 2319 ritati
251 2286 460 2320 declararet
485 2289 532 2328 et,
557 2288 599 2319 ut
625 2286 863 2331 opinabatur,

124 2336 278 2377 propter
312 2334 461 2367 divitias
496 2334 745 2367 immortalem
785 2333 863 2378 glo-

124 2380 220 2413 riam
254 2381 325 2415 sibi
359 2381 545 2426 pararet.“
576 2400 618 2404 ——
648 2382 743 2423 Quid
777 2389 862 2422 erqo

123 2427 256 2470 Sensit]
284 2428 410 2470 „Quae
446 2439 535 2473 ergo
570 2429 666 2462 ratio
693 2438 779 2462 eum
804 2427 862 2461 in-

125 2474 257 2508 duxit?
285 2495 328 2498 —
356 2475 507 2518 Quoad]
551 2475 862 2520 monosyllabum,

126 2524 168 2555 ut
193 2523 320 2556 deinde
346 2525 403 2556 ter
430 2522 669 2566 bisyllabum.
684 2542 728 2546 —
747 2523 862 2564 pem's-

124 2569 190 2611 set]
220 2569 548 2611 „Substituebant,
576 2569 699 2611 credo,
723 2571 862 2610 periret

126 2616 216 2660 quia
242 2620 442 2662 utrumque
467 2617 635 2659 verbum,
663 2620 698 2650 et
721 2618 860 2658 periret

126 2666 163 2697 et
185 2665 382 2707 videretur,
415 2663 544 2698 eodem
575 2666 743 2708 tempore
777 2663 862 2697 effe-

126 2711 285 2744 rendum
323 2722 406 2746 esse
443 2711 660 2756 putabant.“
714 2711 859 2744 BENTL.

911 1386 1135 1420 Accuratius
1150 1388 1207 1420 est
1222 1384 1650 1430 plusquamperfectum,

913 1443 998 1467 cum
1023 1434 1116 1467 haec
1142 1433 1239 1467 actio
1265 1433 1422 1467 alteram
1447 1431 1651 1477 praecedat

912 1491 1068 1515 necesse
1111 1481 1176 1523 sit,
1222 1483 1263 1514 ut
1304 1480 1455 1514 Terent.
1495 1479 1648 1513 Phorm-

915 1530 945 1571 1,
964 1530 996 1569 2,
1016 1531 1080 1562 69:
1107 1529 1207 1570 Non,
1233 1529 1267 1561 si
1288 1528 1456 1570 redisset,
1485 1528 1519 1560 ei
1541 1528 1649 1568 pater

911 1577 1058 1609 veniam
1075 1577 1205 1608 daret?
1220 1595 1262 1598 —
1278 1577 1360 1617 Ipse
1376 1576 1563 1608 videretur
1579 1574 1652 1607 sibi

912 1623 1080 1664 nequior]
1110 1623 1255 1656 scilicet
1281 1623 1370 1663 quia
1395 1622 1500 1663 tanti,
1530 1629 1648 1661 quan-

912 1672 988 1703 tum
1013 1671 1158 1711 habeas,
1183 1671 1242 1702 sis.
1271 1669 1345 1703 Sat.
1373 1671 1404 1712 1,
1432 1671 1463 1711 1,
1490 1669 1544 1701 62.

959 1718 1112 1750 94—97.
1152 1718 1266 1750 omnis
1291 1735 1306 1741 -
1333 1734 1348 1740 -
1371 1715 1518 1758 parent]
1544 1715 1649 1749 Haec

913 1764 1038 1798 omnia
1070 1775 1092 1797 a
1126 1763 1305 1797 Stertinio
1340 1764 1422 1796 κατ’
1453 1763 1654 1810 εείρωνείαιινμ

913 1822 958 1845 ex
975 1812 1164 1845 sententia
1180 1811 1333 1845 maioris
1351 1811 1648 1857 hominum‘par-

912 1859 960 1892 tis
987 1858 1178 1892 dicuntur.
1203 1857 1296 1903 Epp.
1324 1860 1356 1901 1,
1384 1860 1414 1900 1,
1440 1859 1508 1891 53:
1535 1866 1648 1898 quae-

911 1907 1028 1940 renda
1050 1907 1210 1948 pecunia
1233 1907 1395 1948 primum
1421 1907 1489 1948 est,
1530 1906 1648 1939 Virtus

908 1956 990 1995 post
1016 1962 1190 1987 nummos.
1232 1953 1338 1987 Conf.
1363 1952 1456 1997 Epp.
1485 1954 1517 1995 1,
1543 1954 1576 1994 6,
1602 1954 1647 1986 36

913 2011 994 2045 sqq.
1021 2020 1066 2024 ——
1092 2000 1358 2043 construxerit]
1402 2002 1474 2043 „ut
1507 2001 1648 2034 struem

912 2048 1194 2088 coacervarit‚·“
1239 2048 1293 2081 sic
1329 2047 1403 2082 Sat.
1438 2049 1478 2090 1,
1510 2050 1548 2089 1,
1579 2049 1647 2080 44:

913 2098 1139 2129 constructus
1165 2104 1329 2129 acervus.
1381 2094 1457 2128 Cic.
1483 2094 1529 2128 de
1563 2094 1650 2140 lege

912 2154 988 2188 agr.
1018 2145 1049 2185 1,
1076 2144 1109 2185 5,
1137 2145 1204 2176 14:
1235 2144 1479 2176 constructam
1505 2144 1538 2175 et
1564 2150 1649 2175 coa·
1712 2162 1720 2169 ·

912 2193 1101 2223 corvatam
1121 2191 1329 2232 pecuniam.
1350 2209 1392 2213 -
1410 2188 1649 2231 SapiensneY]

910 2237 997 2271 Noli
1031 2248 1116 2271 cum
1149 2237 1344 2271 nonnullis
1375 2237 1448 2270 hoc
1478 2236 1650 2270 tribuere

911 2284 1087 2328 Horatio;
1107 2284 1310 2319 Stertinius
1329 2284 1429 2318 enim
1447 2294 1493 2317 ex
1506 2283 1650 2317 Stoico-

911 2343 997 2366 rum
1030 2343 1134 2366 more
1169 2343 1208 2366 se
1240 2332 1322 2376 ipse
1355 2332 1575 2375 interrogat.
1603 2348 1646 2353 —-

914 2379 1048 2422 Etiam]
1068 2378 1208 2424 Supple
1228 2378 1439 2423 „sapiens“,
1457 2377 1557 2411 unde
1572 2377 1648 2410 ori·

911 2429 974 2460 tur
999 2426 1220 2461 affirmativa
1245 2424 1469 2471 significatio
1506 2450 1522 2468 „
1537 2423 1649 2468 Sane,

910 2476 936 2506 J
943 2473 1000 2507 a.“

961 2522 1128 2555 100-103.
1147 2519 1368 2563 Aristippus]
1387 2519 1473 2553 Vid.
1491 2519 1538 2552 ad
1551 2518 1647 2563 Epp.

913 2570 951 2610 1,
979 2571 995 2601 1
1011 2594 1019 2610 ‚
1047 2569 1101 2601 18.
1129 2586 1172 2590 —-
1199 2569 1262 2607 qui
1285 2575 1408 2600 servos
1434 2566 1519 2609 cet]
1551 2565 1647 2599 Rem

911 2617 1040 2649 narrat
1057 2615 1169 2649 etiam
1186 2614 1376 2659 Diogenes
1394 2613 1518 2648 Laert.
1537 2614 1570 2655 2,
1588 2614 1645 2647 77.

911 2663 976 2696 sed
1017 2662 1208 2707 aliquanto
1250 2661 1375 2695 minus
1425 2671 1442 2695 s
1471 2659 1646 2694 lendide:

911 2710 988 2743 Τοῦ
1014 2706 1314 2756 θεράποντος.ἐν
1331 2705 1408 2753 ὁδῷ
1459 2703 1661 2755 αστάζονῇ
