1774 2930
642 167 736 202 m.
760 167 794 201 1.·
839 165 991 201 mer.
1015 164 1099 199 vn.

1538 163 1625 205 305

234 271 478 323 Maecenas,
509 270 698 322 veniam,
730 268 830 310 dum
858 267 966 309 ficus
993 266 1132 322 prima
1160 265 1359 321 calorque
1597 265 1623 304 5

234 342 563 398 Designatorem
593 339 765 382 decorat
790 338 1012 380 lictoribus
1041 337 1166 390 atris,

234 412 352 454 Dum
380 412 525 468 pueris
555 412 694 452 omnis
722 414 846 466 pater
875 414 920 451 et
948 407 1181 450 matercula
1207 406 1357 463 pallet,

237 483 522 538 Officiosaque
553 481 757 524 sedulitas
789 486 832 522 et
862 479 1003 535 opella
1030 478 1212 521 forensis

237 554 422 596 Adducit
451 553 592 595 febres
623 557 668 594 et
695 554 951 594 testamenta
977 550 1182 605 resignat.

238 624 401 673 Quodsi
431 624 581 665 bruma
610 623 729 664 nives
759 621 940 663 Albanis
970 621 1108 663 illinet
1137 619 1270 676 agris,

1573 619 1625 660 10

238 695 308 738 Ad
336 709 453 737 mare
484 693 713 736 descendet
740 697 862 735 vates
891 696 992 733 tuus
1023 695 1067 733 et
1096 691 1179 732 sibi
1210 695 1356 746 parcet

239 765 576 821 Contractusque
604 764 742 819 leget3
773 768 837 816 te,
868 761 1003 804 dulcis
1032 762 1186 814 amice,
1218 761 1377 803 reviset

122 903 186 934 bus
217 902 330 935 debet.
357 919 400 924 -
426 899 591 942 veniam]
624 904 697 940 „ut
728 898 847 933 absim

122 949 192 982 hoc
223 958 371 991 mense,
403 958 479 992 quo
510 947 655 981 calores
687 946 847 980 austrini

122 994 243 1040 (Virg.
261 993 328 1029 Ge.
354 996 388 1037 2,
413 995 506 1036 270„
532 995 574 1027 lo
596 993 848 1034 Scir-occo),

121 1042 161 1075 in
186 1052 302 1076 causa
332 1044 440 1083 sunt,
476 1044 519 1074 ut
543 1041 650 1074 multi
676 1039 847 1074 homines

120 1089 343 1131 moriantur,
367 1088 548 1133 quocirca
572 1087 713 1132 ubique
731 1087 771 1120 in
789 1087 847 1120 fu-

119 1135 257 1170 nebres
303 1146 458 1180 pompas
507 1134 770 1169 incurrimus}
804 1153 847 1158 —

119 1184 208 1225 ficus
243 1182 390 1226 prima]
441 1193 597 1226 ,mense
639 1180 770 1215 Sextili
812 1186 849 1216 et

121 1229 329 1274 Septembri
346 1233 603 1264 maturescens
624 1230 747 1273 ipsum
764 1240 848 1274 gra-

120 1287 165 1310 ve
198 1277 369 1310 autumni
401 1275 437 1310 d.
469 1275 534 1309 XI.
560 1287 607 1309 m.
632 1277 728 1321 Aug.
754 1276 849 1309 inci-

122 1321 262 1366 pientis
287 1322 412 1365 (Voss.
429 1322 476 1356 ad
492 1323 598 1367 Virg.
617 1322 683 1356 Ge.
702 1325 735 1364 3,
751 1323 848 1364 478.)

122 1373 268 1414 tempus
316 1369 526 1414 designat.“
578 1369 725 1402 OBBAR.
774 1369 849 1403 Cir.

124 1414 199 1449 Sat.
217 1417 251 1458 2,
266 1418 299 1458 6,
318 1418 374 1449 19.
393 1420 432 1439 ’-
453 1418 708 1458 Desiqnatores
734 1416 850 1457 (Lei—

123 1463 494 1506 cltenoeslatler)
527 1464 717 1507 mancipes
742 1466 851 1497 erant

124 1512 162 1543 et
186 1509 421 1544 ordinatores
453 1510 649 1552 funerum,
683 1511 748 1554 qui
780 1521 849 1554 pro

125 1559 227 1590 certa
274 1556 444 1601 mercede
483 1557 621 1591 funera
668 1557 852 1591 curabant

123 1602 242 1645 adiuti
258 1603 306 1638 ab
322 1603 555 1648 administris
571 1605 703 1639 atratis
720 1615 749 1638 s.
766 1605 851 1648 pul-

123 1650 229 1692 latis,
260 1650 478 1685 libitinariis
502 1651 723 1685 minoribus.
773 1651 849 1686 Ofr.

124 1695 269 1731 Seneca
289 1697 339 1738 vde
362 1697 494 1732 Benef.
518 1700 553 1740 6,
573 1700 647 1740 38„
672 1698 738 1732 ubi
764 1698 849 1732 iun-

148 1743 179 1777 ‘t
189 1745 436 1791 designatores
453 1747 486 1778 et
505 1746 733 1779 libitinarios.
759 1745 850 1780 Tab.

132 1835 135 1837 ‚
158 1791 270 1825 eracl.
295 1791 353 1825 ed.
376 1790 567 1826 Marezou.
592 1804 628 1836 p.
660 1794 724 1826 53:
761 1802 850 1826 neve

123 1844 223 1880 eunt,
254 1839 319 1879 qui
338 1840 590 1882 praeconium,
622 1841 851 1880 manatio-

124 1885 312 1928 nem'(sic)
340 1886 561 1919 libitinamve
584 1887 706 1928 saciet,
720 1895 850 1920 --ma-

124 1933 316 1973 cisti-alum
330 1934 552 1966 renuntiato.
575 1933 694 1967 Inscr.
708 1945 755 1967 m.
769 1934 851 1968 Lat.

123 1977 167 2012 N.
192 1980 304 2013 3212:
340 1980 542 2013 PRAECO.
580 1982 719 2015 IDEM.
751 1982 849 2016 DIS-

123 2026 375 2059 SIGNATOR.
425 2025 572 2064 Quibus
598 2037 644 2060 ex
668 2028 761 2061 locis
787 2039 851 2071 pa-

126 2075 178 2106 tet
201 2072 426 2116 scripturam
442 2074 663 2114 dissinnalor
680 2085 755 2108 non
774 2085 850 2108 me-

126 2117 209 2151 «line
233 2118 422 2153 dumtaxat
445 2119 578 2153 aetatis
603 2119 850 2163 scriptoribus

126 2164 291 2199 librariis
307 2164 448 2206 deberi,
467 2166 533 2199 sed
548 2166 759 2210 antiquitus
777 2167 851 2201 iam

125 2211 244 2246 fnisse
261 2215 488 2256 usurpatam.
506 2212 551 2246 V.
563 2213 710 2246 decorat
726 2217 851 2247 autem

126 2259 256 2293 nescio
274 2259 366 2304 quid
382 2259 494 2293 faceti
510 2259 622 2294 habet
644 2271 713 2303 pro
729 2262 851 2302 stipat.

127 2304 301 2340 ceterum
328 2306 514 2348 lictorum,
545 2309 588 2340 ut
612 2306 703 2340 alibi
737 2307 851 2341 inter-

125 2351 232 2395 dum,
266 2353 431 2387 omnium
456 2355 710 2395 apparitorum
740 2364 853 2398 gene-

126 2400 205 2434 rale
221 2402 279 2434 est
295 2410 450 2443 nomen3
475 2400 529 2435 sic
546 2401 585 2434 in
597 2400 723 2434 Plauti
736 2401 851 2435 Poen.

124 2445 225 2480 Prol.
253 2449 308 2481 18.
333 2448 370 2481 et
395 2449 450 2481 19.
483 2447 571 2481 item
605 2448 774 2493 iungitur
809 2449 851 2480 ιε’-

125 2496 203 2527 ctor
226 2496 264 2528 et
286 2495 516 2535 dissinnator.

173 2542 247 2574 7-9.
263 2542 468 2575 matercula
480 2541 612 2584 pallet]
638 2546 779 2583 „mater
793 2542 852 2575 in-

125 2587 341 2632 dulgentiae
353 2588 466 2632 plena
480 2599 524 2622 ae
539 2591 673 2623 tenera
688 2599 773 2623 cum
786 2599 852 2633 pa-

126 2635 317 2669 tresnxie
347 2635 473 2677 timet,
506 2646 554 2669 ne
577 2636 688 2670 liberi
711 2636 852 2670 morbis

126 2680 395 2725 abripiuntur!
438 2701 480 2706 —
525 2684 765 2724 Officiosaque
796 2692 852 2716 se·

127 2728 284 2771 asum]
328 2729 397 2770 „in
433 2729 603 2772 patronis
643 2730 852 2763 salutandis

198 2796 299 2822 Horat.
316 2797 379 2822 Vol.
397 2798 436 2823 11.
472 2798 525 2823 Ed.
542 2800 638 2824 minor
656 2799 689 2824 V.

896 901 1009 942 atque
1047 897 1086 930 in
1119 897 1258 930 Forum
1295 894 1549 937 deducendis,
1586 896 1626 928 in

897 945 1033 978 ceteris
1057 944 1210 985 amicis,
1241 943 1425 988 imprimis
1455 942 1628 977 cubanti-

896 992 979 1034 bus,
995 991 1217 1036 frequenter
1230 989 1420 1025 visendis“
1438 993 1508 1025 cet.
1521 989 1627 1023 Adde

897 1038 1051 1073 evidens
1085 1038 1294 1082 exemplum
1330 1037 1404 1072 Sat.
1430 1040 1471 1079 2,
1497 1039 1537 1078 6,
1563 1039 1627 1071 34:

894 1088 989 1119 Ante
1012 1087 1210 1119 secundam
1229 1086 1381 1118 Roscius
1406 1086 1537 1118 orabat
1561 1085 1630 1118 sion·

896 1134 1040 1167 adesses
1073 1134 1122 1166 aa
1147 1133 1281 1166 Puteal
1313 1141 1406 1166 cras.
1433 1151 1476 1156 —-
1503 1132 1628 1174 opella

896 1180 1065 1223 sorensis]
1092 1180 1332 1224 „quotidiana
1357 1180 1520 1224 negotia,
1545 1178 1629 1224 qui-

897 1227 969 1261 bus
994 1227 1035 1260 in
1052 1227 1151 1260 Foro
1176 1227 1369 1260 dumtaxat
1386 1236 1518 1261 vacare
1543 1237 1629 1270 pos·

898 1285 1046 1312 sumus,
1079 1277 1267 1318 tamquam
1292 1273 1481 1316 advocati,
1514 1284 1628 1318 spon-

898 1332 1020 1357 sores.
1046 1322 1195 1354 testes.“
1248 1320 1323 1354 Cfr.
1349 1320 1424 1354 Sat.
1450 1323 1491 1362 2,
1516 1323 1557 1362 6,
1584 1322 1629 1354 20

898 1379 954 1412 sq.
982 1387 1023 1391 -
1050 1368 1230 1410 reslanatl
1266 1367 1395 1410 ‚facit‚
1429 1372 1471 1401 ut
1503 1378 1630 1402 coram

898 1415 1057 1463 testibus
1081 1414 1222 1458 aperiri
1239 1414 1413 1456 debeant,
1440 1425 1536 1457 cum,
1562 1414 1628 1459 qui

898 1463 1145 1506 scripserunt,
1161 1467 1318 1496 mortem
1336 1461 1532 1496 obierint.“
1553 1461 1629 1496 Cfr.

898 1509 1055 1542 Lucian.
1105 1509 1199 1542 Tim.
1233 1510 1290 1542 22.
1316 1509 1363 1543 de
1388 1510 1631 1543 testamento:

898 1553 1051 1589 ἐπειδὰν
1075 1553 1120 1589 τὸ
1146 1560 1308 1599 σημεῖον
1341 1554 1539 1611 ἀφαιρεθῇ
1565 1558 1630 1589 καὶ

900 1600 944 1636 τὸ
981 1602 1087 1636 λίνον
1123 1603 1298 1649 ἐντμηθῇ
1335 1605 1401 1636 καὶ
1439 1617 1462 1647 η
1500 1603 1631 1645 δέλτος

898 1648 1066 1696 ἀνοιχθῇ
1090 1651 1157 1683 καὶ.
1181 1649 1435 1697 ἀνακηρυχθῇ
1453 1648 1476 1684 ὁ
1497 1648 1631 1693 καινὸς

898 1694 1087 1740 δεσπότης
1112 1697 1189 1730 κτλ.

948 1746 1066 1778 10-13.
1082 1745 1230 1788 Quodn]
1246 1745 1293 1778 H.
1307 1745 1524 1790 l.‚temporis
1542 1755 1630 1779 con-

898 1791 1009 1826 djoio.
1036 1791 1111 1825 cfr.
1134 1791 1211 1826 Sat.
1228 1794 1262 1835 2,
1279 1795 1312 1835 3,
1332 1795 1385 1826 10.
1412 1791 1519 1837 Virg.
1535 1794 1629 1826 Aen.

898 1840 933 1881 5,
951 1840 1015 1872 64:
1034 1840 1245 1880 Praeterea,
1260 1841 1293 1872 n·
1309 1848 1407 1873 nona
1420 1841 1516 1885 aient
1533 1849 1629 1873 mor-

898 1887 1032 1920 talibus
1058 1887 1197 1919 almum
1212 1888 1358 1920 Aurora
1385 1888 1569 1921 extulerit.
1585 1906 1627 1910 —

899 1933 1031 1976 illinet]
1055 1933 1218 1968 Primam
1242 1934 1404 1968 hiemem
1430 1934 1629 1979 significat,

898 1980 964 2013 ubi
990 1983 1135 2014 montes
1151 1980 1290 2015 Albani
1307 1981 1380 2014 iam
1398 1981 1486 2015 nive
1502 1992 1630 2026 asper-

897 2030 1052 2071 guntur.
1095 2027 1245 2062 Cic.*de
1270 2028 1395 2061 Divin.
1424 2032 1455 2070 1,
1483 2032 1538 2069 11,
1567 2031 1627 2062 18:

898 2075 1056 2106 tumulos
1081 2075 1224 2107 Albano
1257 2076 1295 2107 in
1327 2078 1444 2108 monte
1477 2077 1629 2112 nivales.

899 2118 1060 2154 Omnino
1074 2120 1141 2154 ino
1155 2124 1322 2165 tempore
1336 2122 1442 2155 nives
1452 2122 1630 2166 frequen-

898 2167 1013 2200 tiores
1039 2169 1147 2200 erant
1171 2167 1212 2200 in
1235 2168 1346 2201 Italia
1371 2179 1483 2212 quam
1513 2180 1629 2202 nunc.

901 2232 942 2235 —
969 2215 1024 2246 Aa
1047 2214 1172 2256 mare]
1196 2214 1238 2247 in
1263 2214 1442 2259 oppidum
1474 2216 1629 2260 aliquod

899 2260 1150 2298 maritimum,
1198 2261 1343 2295 Veliam
1358 2287 1368 2303 ,
1407 2261 1627 2300 Salernum.

900 2306 1008 2351 (Epp.
1035 2310 1067 2349 1,
1095 2310 1150 2350 15,
1178 2309 1225 2350 1.)
1263 2308 1424 2349 Ostiam,
1451 2309 1516 2355 qni
1541 2321 1628 2355 por·

899 2357 960 2388 tus
984 2354 1098 2388 maris
1123 2355 1223 2390 haud
1248 2356 1360 2390 nimis
1385 2367 1565 2392 amoenus
1592 2361 1630 2392 et

899 2402 1128 2447 tranquillus
1153 2406 1414 2447 esse'poterat,
1439 2415 1627 2449 quemque

899 2458 1084 2492 nusquam
1107 2453 1298 2493 memorat,
1323 2450 1524 2497 significari
1550 2463 1627 2486 non

898 2498 1050 2539 puto.-—
1059 2497 1341 2538 contractusque
1353 2498 1460 2541 leuel]
1475 2497 1628 2540 „Omne,

899 2542 1010 2576 etiam
1018 2542 1249 2577 levissimum
1257 2544 1389 2589 frigus,
1405 2546 1504 2589 quod
1514 2557 1625 2588 quam

898 2589 1095 2623 molestum
1118 2591 1209 2624 mihi
1232 2592 1281 2626 sit
1295 2592 1412 2635 probe
1438 2593 1550 2631 nosti,
1574 2593 1628 2625 vi-

898 2638 1057 2679 taturus,
1065 2637 1232 2672 vestibus
1239 2639 1433 2672 involutus
1441 2649 1500 2672 me
1507 2649 1627 2683 quau-

899 2685 978 2717 tum
1003 2687 1153 2727 potero,
1187 2685 1276 2718 dum
1302 2685 1495 2719 commode
1530 2685 1625 2731 lego.

899 2732 1114 2764 contraham
1130 2737 1245 2776 atque
1262 2733 1501 2766 incurvabo.“
1538 2734 1627 2766 Con-

1346 2803 1380 2826 ¹1)
