1786 2912
138 144 195 185 92

643 144 851 180 HORATII
876 116 1163 181 SATIRARUM

258 244 491 300 Oessisset‚
524 260 680 302 magna
711 247 970 303 compellans
1001 261 1105 291 voce
1137 249 1345 291 cuculum.

255 315 316 358 At
347 316 555 371 Graecus,
588 322 816 374 postquam
847 321 913 360 est
943 317 1051 360 Italo
1083 319 1281 375 perfusus
1313 324 1454 373 aceto,

255 387 431 430 Persius
464 388 696 430 exclamat:
730 388 815 431 Per
845 402 1042 444 magnos,
1074 389 1230 443 Brute,
1263 390 1365 432 deos
1397 394 1440 433 te

258 457 364 513 Oro,
398 459 471 515 qui
501 473 626 515 reges
659 461 878 502 consueris
909 460 1080 513 tollere,
1114 474 1187 502 cur
1217 475 1304 503 non

256 528 386 571 Hunc
406 529 574 585 Regem
605 530 808 586 iugulas?
840 530 1031 586 Operum
1063 531 1162 585 hoc,
1194 532 1301 574 mihi
1328 530 1472 586 erede,
1504 536 1596 574 tuo-

435 615 529 642 rum
562 605 642 643 est.

1601 604 1656 645 35

667 798 920 841 SATIRA
950 798 1097 842 vm.
1154 809 1163 817 ·
1183 799 1194 809 ”

257 877 371 920 Olim
404 883 578 921 truncus
612 894 729 922 eram
759 880 958 934 ficulnus,
991 881 1141 923 inutile
1171 881 1354 937 lignum,

234 1011 289 1042 31.
316 1010 500 1042 cucullum
519 1010 565 1043 bc
584 1013 620 1044 et
638 1021 694 1054 pr.
713 1010 750 1052 S,
768 1010 857 1053 Lot,
882 1012 1063 1051 cuculum,
1089 1021 1277 1056 superscr.
1303 1012 1499 1054 cucullum,
1517 1010 1551 1045 d.
1566 1030 1607 1033 —

185 1058 241 1089 34.
268 1059 447 1090 consuesti
471 1068 490 1091 e
519 1057 606 1091 Ood.
634 1057 800 1092 Galeano
829 1069 939 1102 saepe
973 1058 1200 1103 interpolato
1227 1061 1264 1092 et
1288 1058 1356 1092 Ed.
1382 1057 1479 1092 Ven.
1506 1059 1609 1092 1490.

184 1103 391 1146 Bentleius,
417 1104 456 1138 F.

138 1211 170 1243 1.
187 1229 230 1233 -
248 1211 432 1253 cuculum]
469 1211 567 1244 Plin.
589 1212 635 1245 H.
658 1211 702 1245 N.
731 1213 792 1253 18,
819 1213 874 1253 66,

138 1258 177 1290 2:
204 1259 277 1291 XV.
303 1259 428 1292 dieb-us
458 1260 587 1300 primis
614 1260 721 1303 (post
746 1259 875 1303 aequi-

136 1304 305 1338 noctium
354 1306 535 1348 vernum)
585 1307 772 1347 auricolae
812 1315 874 1339 ra-

134 1353 270 1393 pienda
295 1355 379 1385 sunt
406 1362 468 1395 ea,
503 1355 633 1394 quibus
654 1355 874 1395 peraqendis

137 1402 223 1432 ante
261 1401 531 1440 aequinoctium
571 1409 644 1434 non
680 1403 873 1443 suffecerit,

137 1447 224 1479 dum
260 1448 352 1480 sciat
390 1449 473 1481 inde
511 1451 640 1481 natam
674 1450 873 1489 exprobra-

137 1494 271 1527 tionem
295 1496 442 1535 foedam
464 1497 676 1536 putantium
692 1497 783 1529 vites
806 1505 873 1537 per

134 1541 377 1574 imitationem
401 1545 531 1575 cantus
557 1544 657 1575 alitis
691 1545 872 1584 tempora-

135 1589 196 1630 rii,
230 1597 336 1629 quem
367 1591 536 1622 cuculum
567 1591 707 1623 vocant.
758 1591 873 1623 Dede-

137 1643 199 1669 cus
237 1637 332 1669 enim
373 1637 527 1670 habetur
568 1638 873 1678 opprobriumque

135 1684 317 1726 meritum,
343 1685 475 1725 falcem
500 1686 546 1717 ab
571 1685 639 1717 illa
661 1685 809 1717 volucre
834 1686 874 1718 in

135 1731 207 1764 vite
231 1732 467 1774 deprehendi,
500 1735 540 1765 ut
566 1733 608 1765 ob
634 1733 672 1764 id
699 1733 872 1772 petulan-

136 1778 209 1811 tiae
244 1780 341 1812 sales
380 1780 489 1811 etiam
523 1788 603 1812 cum
639 1780 758 1820 primo
789 1787 873 1812 vere

138 1825 326 1859 ludantur.
375 1825 474 1871 Ergo
506 1827 626 1860 viator
659 1826 872 1870 petulanter

135 1871 177 1904 in
204 1872 487 1907 vindemiatoris
514 1873 718 1907 ludibrium
746 1874 871 1907 cuculi

136 1922 288 1953 cantum
313 1920 501 1964 imitatur-3
527 1932 657 1955 verum
675 1921 764 1955 talia
782 1924 873 1955 tam-

137 1977 211 2011 que
253 1968 391 2002 acerba
427 1971 464 2001 et
502 1968 774 2002 contumeliosa
816 1979 872 2001 re-

138 2024 277 2058 sponsa
301 2015 386 2057 fert,
412 2018 455 2048 ut
472 2026 543 2050 neo
561 2016 660 2049 vires
687 2025 757 2049 nec
782 2019 873 2049 tem-

136 2072 208 2106 pus
241 2063 379 2097 habeat
411 2063 457 2096 ad
487 2073 531 2097 ea
563 2063 773 2105 reddenda,
808 2063 872 2096 sed

135 2109 313 2154 fatigatus
338 2110 488 2144 tandem
506 2110 610 2144 inani
629 2110 872 2144 altercatione

135 2156 184 2190 ad
211 2167 279 2191 sua
303 2158 453 2203 negotia
481 2158 599 2199 abeat,
625 2158 872 2192 vindemiator

136 2204 258 2238 victor
301 2206 444 2240 evadat.
495 2205 728 2248 (Vindemias
771 2208 872 2249 ipsas

136 2250 402 2295 Neapolitanas
433 2253 545 2287 simili
571 2253 680 2286 modo
707 2252 872 2286 celebra-

137 2300 193 2332 tas
236 2310 318 2333 esse
360 2311 382 2333 a
422 2300 650 2334 vinitoribus
691 2302 873 2334 monstrat

135 2345 359 2381 Ambrosius
390 2347 466 2381 Leo
500 2348 540 2381 in
565 2348 719 2391 Antiqq.
745 2351 782 2381 et
806 2347 871 2380 Hi-

136 2394 226 2427 stor.
252 2393 368 2429 Nolae
395 2397 428 2437 3,
458 2395 527 2436 14.)
567 2394 724 2439 Egregie
750 2395 871 2428 Auso-

137 2439 226 2474 nius
243 2441 283 2474 in
300 2441 458 2476 Mosella
478 2444 563 2476 163:
588 2443 704 2475 Laeta
721 2451 872 2483 operum

134 2488 257 2529 plebes
281 2489 566 2530 festinantesque
591 2490 711 2523 colom·
738 2491 872 2523 Vertice

136 2543 234 2569 nunc
246 2544 384 2569 summo
396 2539 607 2578 properant,
630 2546 726 2569 nunc
747 2538 872 2578 deiuqe

134 2584 262 2625 dorso,
302 2585 486 2617 certantes
524 2585 664 2617 stolidis
703 2585 871 2617 clamori-

137 2630 221 2662 bus.-
253 2632 336 2664 inde
359 2632 480 2664 viator
505 2632 688 2673 Riparum
711 2632 872 2664 subiecta

137 2678 272 2720 terens,
298 2680 381 2712 hinc
404 2679 534 2712 navit-a
561 2679 701 2720 labens,
731 2680 872 2711 Probra

137 2729 273 2758 canant
311 2728 402 2759 seris
440 2727 658 2764 cultoribus,-
696 2727 871 2766 adstrepit

896 1968 1074 2002 'Brutus.
1124 1968 1181 2000 Ad
1222 1968 1368 2009 lusum,

923 1213 1007 1245 ollis
1037 1213 1078 1244 Et
1111 1221 1219 1253 rupes
1252 1215 1284 1246 et
1317 1213 1409 1245 silva
1442 1213 1599 1245 tremens
1625 1213 1656 1244 et

923 1267 1101 1292 concavus
1138 1260 1267 1293 amnis.
1310 1278 1353 1282 —
1398 1258 1578 1301 Graecus]
1616 1260 1658 1291 ut

922 1306 1027 1348 talis,
1053 1307 1163 1340 homo
1190 1307 1293 1340 vafer
1317 1317 1362 1340 ac
1388 1305 1551 1350 lepidus,
1579 1316 1655 1339 uno

923 1354 1022 1387 dioto
1048 1353 1159 1388 facile
1184 1353 1368 1387 rusticum
1390 1355 1504 1398 atque
1528 1351 1658 1386 infice-

923 1402 1001 1434 tum
1031 1401 1286 1435 adversarium
1319 1400 1365 1434 de
1400 1402 1499 1434 statu
1533 1398 1657 1434 demo-

923 1450 1045 1482 turus.
1059 1468 1104 1472 ——
1118 1448 1351 1491 Italo-aceto]
1380 1447 1543 1489 „salibus
1569 1457 1656 1481 vere

922 1495 1086 1537 Latinis,
1112 1495 1293 1531 aculeatis
1320 1498 1357 1529 et
1381 1494 1655 1529 mordacibus.“

922 1542 1045 1576 Plaut.
1087 1543 1224 1577 Pseud.
1264 1545 1304 1585 2,
1338 1545 1378 1584 4,
1413 1544 1476 1576 49;
1517 1543 1658 1582 Ecquid

925 1592 1028 1622 habet
1054 1592 1083 1622 is
1108 1592 1212 1623 homo
1231 1590 1326 1623 aceti
1341 1591 1381 1622 in
1396 1591 1567 1630 pectore?
1592 1590 1654 1621 At-

923 1646 991 1677 que
1018 1638 1223 1670 acidissimi.
1252 1655 1294 1660 -
1320 1636 1520 1679 consueris]
1563 1635 1657 1669 Cum

923 1685 987 1724 qui
1017 1685 1052 1717 h.
1079 1684 1102 1717 1.
1138 1684 1235 1717 idem
1270 1683 1319 1717 sit
1351 1693 1395 1717 ae
1427 1684 1559 1725 quippe
1583 1683 1656 1725 qui,

921 1733 960 1764 ut
987 1733 1067 1772 qui,
1093 1733 1260 1775 praestat
1284 1730 1568 1771 coniunctivus,
1593 1729 1656 1763 fir-

922 1781 1043 1812 matus
1070 1779 1180 1812 etiam
1198 1789 1220 1812 a
1237 1779 1330 1812 meis
1349 1777 1465 1812 Oodd.
1481 1797 1524 1801 --
1537 1777 1656 1820 reyes]

923 1825 1140 1868 Caesarem,
1170 1829 1212 1859 ut
1239 1825 1491 1869 Tarquinium
1516 1825 1655 1869 Super-

923 1873 1011 1907 bum
1029 1873 1070 1906 L.
1087 1873 1224 1906 Iunius
1242 1873 1395 1915 Brutus,
1420 1883 1443 1907 a
1469 1882 1543 1917 quo
1570 1871 1656 1906 stir-

922 1931 1006 1964 pem
1044 1920 1183 1954 ducere
1221 1920 1330 1965 volgo
1367 1920 1571 1964 putabatur
1608 1918 1655 1952 M.

1419 1967 1485 2012 qui
1520 1969 1577 2001 est
1614 1966 1655 1999 in

922 2015 1046 2049 verbis
1085 2017 1414 2056 reqes--Reqm‚
1452 2014 1550 2048 conf.
1577 2013 1654 2047 Gio.

923 2063 969 2095 ad
1001 2062 1087 2105 Ati:
1113 2065 1149 2105 1,
1182 2065 1242 2104 16,
1270 2065 1310 2096 8:
1349 2063 1562 2104 Quousque,
1599 2062 1656 2094 in-

924 2111 1000 2150 quit
1026 2109 1232 2153 (Clodms),
1269 2111 1363 2143 hune
1387 2117 1539 2151 reqem
1562 2109 1656 2150 sere-

921 2159 1026 2190 mus?
1066 2177 1108 2181 ——-
1149 2159 1346 2199 „Reqem
1379 2156 1563 2199 appellas,
1599 2157 1656 2188 in-

922 2214 1052 2247 quam,
1086 2214 1168 2239 cum
1194 2204 1253 2247 (Q.
1277 2203 1449 2247 Martius)
1475 2205 1572 2236 Reoe
1603 2204 1658 2236 tui

921 2254 1138 2286 mentionem
1157 2252 1212 2295 (in
1229 2254 1452 2285 testamento
1472 2250 1555 2292 suo)
1574 2250 1655 2283 nul-

925 2300 997 2332 lam
1028 2299 1201 2341 fecerit?“
1238 2318 1280 2322 ——
1316 2299 1388 2331 Ille
1421 2300 1544 2331 autem
1576 2298 1656 2330 Re-

922 2348 991 2387 qis
1016 2348 1252 2380 hereditatem
1283 2354 1344 2387 spe
1375 2346 1583 2378 devorarat.
1610 2363 1654 2367 —

921 2392 1305 2435 operum--tuorumJ
1333 2402 1471 2433 unum3
1499 2392 1592 2434 „hoc
1619 2394 1655 2425 te

922 2451 1011 2475 sane
1038 2442 1194 2487 dignum
1220 2441 1310 2474 est.“

969 2488 1068 2522 VIII.
1102 2487 1219 2522 Multa
1245 2497 1329 2520 cum
1355 2486 1543 2520 evidentia
1568 2496 1654 2519 nar-

921 2538 997 2578 rat,
1032 2546 1108 2580 quo
1133 2534 1297 2569 ridiculo
1323 2533 1432 2568 modo
1457 2532 1654 2567 Maecena-

921 2582 969 2616 tis
995 2583 1154 2627 Priapus
1179 2580 1403 2626 Esquilinus
1427 2580 1654 2624 perterrefe-

921 2630 1014 2664 cerit
1030 2629 1227 2671 veneficas,
1253 2627 1449 2662 Canidiam
1466 2628 1543 2662 sive
1563 2626 1654 2660 Gran

920 2677 1066 2719 fidiam,
1093 2687 1221 2722 quam,
1246 2675 1405 2710 fortasse
1429 2674 1536 2719 prius
1561 2674 1653 2707 ami-

920 2735 1020 2766 cam,
1058 2727 1211 2769 propter
1248 2722 1442 2767 perfidiam
1468 2731 1511 2756 ac
1537 2721 1653 2755 malas
