1774 2930
171 160 259 213 468
832 136 1043 207 noRA'rn

173 272 232 306 nis
269 272 437 307 fautores
471 276 681 318 temporum
719 273 887 308 rationes
920 274 1010 308 satis
1047 275 1318 319 perspexerint.
1369 275 1436 310 Cn.
1469 274 1568 310 enim
1604 276 1722 317 Pisov

172 323 298 364 pater,
333 320 399 365 qui
425 331 457 354 a.
484 331 520 354 u.
548 331 579 354 c.
606 322 687 354 708.
737 322 926 355 Adrumeti
958 330 1038 354 cum
1062 323 1283 356 Maurorum
1314 322 1464 357 circiter
1485 324 1598 358 tribus
1623 325 1693 356 mi-

176 368 266 400 libus
292 368 467 409 apparuit
494 367 609 410 (Bell.
635 367 715 402 Afr.
742 368 812 411 32),
846 369 956 402 cuius
983 368 1050 402 Cn.
1084 369 1204 412 filius,
1238 371 1281 404 ut
1313 370 1437 405 statim
1470 370 1690 412 videbimus,

173 414 245 448 iam
281 426 312 448 a.
347 426 383 448 u.
418 425 448 448 c.
484 416 563 448 728.
615 414 766 450 Tiberio
806 415 1029 460 obsequium
1068 416 1232 450 tribuere
1268 420 1433 462 poterat,
1469 417 1694 452 adolescens

173 461 288 507 igitur
324 462 476 496 circiter
507 461 590 496 XX.
625 473 810 497 annorum
843 465 935 497 tunc
970 465 1067 505 erat,
1101 463 1181 508 ipse
1215 475 1367 510 quoque
1400 468 1566 510 tempore
1599 465 1689 499 belli

172 508 343 544 Africani
368 509 565 543 minimum
598 510 812 544 vicenarius
839 520 920 545 esse
946 510 1125 553 debebat,
1157 513 1268 546 natus
1294 522 1382 557 ergo
1409 513 1509 554 688„
1542 512 1689 546 Horatii

173 557 251 590 fere
287 557 475 601 aequalis,
514 558 648 591 consul
681 569 713 592 a.
748 560 828 592 731.
867 569 966 592 anno
998 567 1084 600 suo,
1122 562 1164 592 ut
1200 558 1394 601 dicebant,
1430 558 1564 593 XLIII.
1612 559 1691 593 Iam

175 604 272 648 quod
305 604 349 638 ad
377 604 547 639 Gnaeum
580 604 695 638 huius
729 604 846 639 filium
872 605 1023 647 attinet,
1059 605 1231 646 Caesaris
1258 604 1491 649 Germanici,
1525 609 1566 640 ut
1593 607 1695 641 fama

174 655 271 693 erat,
306 652 604 693 interfectorem,
632 651 712 696 ipse
738 652 777 686 in
805 652 1006 694 codicillis,
1041 648 1240 698 antequa'm
1268 653 1338 687 sibi
1363 657 1527 688 mortem'
1546 654 1694 688 consci-

176 702 298 732 sceret
323 710 355 732 a.
375 710 411 733 u.
432 709 462 732 c.
489 700 582 741 713„
608 700 653 733 ad
673 699 865 733 Tiberium
893 699 1110 744 compositis
1135 700 1239 734 haec
1255 711 1404 746 quoque
1432 701 1601 745 scripsit:
1626 710 1693 743 per

173 747 334 787 quinque
360 749 394 779 et
418 747 670 788 quadraqinaea
697 755 880 780 annorum
906 749 1133 789 obsequium,
1165 757 1232 790 per
1267 749 1457 790 colleoium
1482 749 1693 782 consulatue

175 796 361 834 quondam
395 795 478 827 divo
511 796 673 835 Auqusto
707 796 855 836 parenti
887 797 949 828 luo
984 795 1162 836 probatus
1180 813 1194 819 -
1212 796 1400 829 -salalem
1431 797 1587 838 infelicis
1624 791 1694 838 filii

175 849 274 882 roqo.
327 841 413 875 Tac.
438 841 536 875 Ann.
563 844 603 885 3,
631 844 686 875 16.
738 842 881 876 Consul
915 843 1039 875 autem
1065 842 1213 876 volente
1240 843 1294 876 sic
1319 842 1490 888 Augusto
1517 853 1600 876 cum
1629 842 1691 876 Ti·

174 888 277 922 berio
302 888 435 923 fuerat
451 899 483 923 a.
500 900 537 922 u.
557 899 587 922 c.
611 890 691 922 747.
719 889 931 934 erravitque
958 889 1001 930 is,
1030 890 1094 934 qui
1119 889 1252 924 Fastos
1276 889 1410 924 Dionis
1438 889 1558 924 Cassii
1585 890 1692 924 libris

174 936 329 980 praefigi
365 935 495 970 solitos
530 936 712 979 confecit,
750 947 835 970 cum
869 936 1036 970 Gnaeum
1071 939 1233 980 patrem,
1268 937 1461 971 consulem
1495 937 1692 971 suffectum

174 994 206 1016 a.
233 995 269 1016 u.
296 994 327 1016 c.
354 985 452 1025 731.,
486 983 623 1017 iterum
650 984 863 1026 consulem,
899 984 962 1017 sed
989 980 1209 1026 ἐπώνυμον,
1245 984 1375 1018 statuit
1399 985 1490 1019 anni
1516 986 1596 1019 747.
1645 983 1694 1018 Et

176 1030 222 1064 de
255 1031 326 1064 hoc
360 1030 491 1065 eodem
527 1030 655 1065 Gnaeo
686 1031 827 1065 Pisone
861 1031 937 1064 filio
972 1031 1145 1075 equidem
1183 1032 1410 1076 interpretor
1443 1031 1560 1066 Tacit.
1594 1031 1692 1065 Ann.

177 1081 208 1120 1,
237 1080 311 1121 13.;
337 1088 422 1111 nam
448 1081 613 1122 patrem,
640 1079 724 1122 qui,
751 1078 781 1112 si
808 1079 974 1120 vivebat,
1001 1082 1090 1111 tunc
1115 1089 1233 1122 paene
1261 1079 1524 1124 octogenarius
1549 1079 1694 1122 fuisset,

175 1125 288 1159 nimis
313 1125 538 1159 incredibile
565 1128 623 1159 est
646 1125 882 1170 principatus
910 1135 1084 1169 capacem
1111 1136 1272 1170 eumque
1299 1136 1484 1170 occupare
1509 1137 1690 1159 ausurum

175 1172 307 1206 fuisse.
356 1172 435 1207 Iam
483 1173 514 1207 si
556 1172 736 1206 Horatius
777 1173 905 1206 Artem
955 1173 1139 1216 poeticam
1188 1172 1384 1216 scripisset
1429 1173 1531 1207 intra
1572 1183 1693 1207 annos

175 1221 388 1263 'law—735„
414 1219 567 1254 Gnaeus
592 1220 693 1254 filius
720 1230 810 1254 sane
835 1222 972 1253 iuvenis
997 1220 1122 1253 vocari
1148 1223 1313 1264 poterat3
1339 1219 1418 1262 sed,
1445 1230 1530 1253 cum
1555 1220 1695 1261 omnia,

176 1267 359 1311 imprimis
383 1267 581 1302 maturitas
609 1267 794 1312 quaedam
821 1266 935 1301 totius
971 1266 1272 1311 compositionis,
1305 1277 1374 1300 nos
1399 1268 1496 1301 hanc
1522 1267 1697 1311 scriptio·

175 1325 261 1348 nem
288 1315 335 1349 ad
361 1315 514 1349 ultimos
531 1317 664 1359 poetae
682 1325 802 1349 annos
821 1315 964 1348 referre
983 1314 1151 1355 iubeant,
1176 1315 1299 1347 virum
1316 1314 1466 1348 circiter
1483 1312 1695 1354 XXXVIII.

177 1373 298 1396 annos
324 1366 454 1396 natum
481 1362 572 1397 satis
598 1362 804 1396 absurdum
831 1362 966 1395 fuisset
991 1361 1043 1394 ita
1069 1361 1272 1405 appellare,
1298 1364 1341 1394 ut
1364 1361 1464 1395 facit.

274 1463 435 1508 Dignum
471 1466 528 1497 est
560 1466 767 1496 memoratu
794 1461 908 1504 illud,
944 1461 1044 1506 quod
1079 1461 1193 1495 tradit
1218 1461 1446 1506 Porphyrio:
1483 1460 1548 1503 „In
1583 1471 1694 1505 quem

178 1510 316 1544 librum
342 1510 533 1556 congessit
556 1513 758 1554 praecepta
781 1509 1017 1554 Neoptolemi
1053 1508 1143 1552 (τοῦ
1169 1508 1388 1556 Παριανοῦ)
1422 1508 1468 1542 de
1501 1511 1580 1542 arte
1606 1510 1694 1553 poe-

178 1559 270 1599 tica,
305 1568 380 1591 non
416 1557 569 1602 quidem
596 1557 740 1599 omnia,
775 1556 840 1591 sed
874 1556 1204 1590 en1inentissima.“
1254 1556 1336 1590 Hoc
1368 1558 1493 1590 autem
1518 1555 1607 1602 fingi
1633 1556 1695 1589 vix

178 1607 334 1649 poterat,
361 1605 437 1647 sed,
466 1608 507 1638 ut
532 1608 699 1650 apparet,
725 1604 962 1648 desumptum
989 1607 1046 1637 est
1071 1614 1116 1637 ex
1142 1604 1298 1648 antiquo
1324 1603 1451 1648 aliquo
1477 1602 1581 1636 Artis
1605 1605 1694 1646 poe-

178 1653 273 1686 ticae
300 1652 526 1697 interprete,
560 1652 600 1685 in
627 1651 766 1696 quibus
791 1652 864 1685 fuit
889 1651 931 1690 Q.
959 1651 1159 1685 Terentius
1187 1646 1584 1693 Scaurus,'Hadriani
1608 1653 1695 1683 tem-

175 1701 327 1740 poribus
352 1700 610 1742 qrammalicus
635 1700 693 1733 vel
718 1700 962 1732 nobilissimus
989 1698 1101 1740 (Gell.
1122 1700 1178 1740 11,
1206 1701 1261 1740 15,
1287 1698 1350 1740 3.)‚
1376 1698 1484 1731 cuius
1512 1698 1693 1730 Commen-

178 1749 359 1780 lariorum
390 1748 430 1780 in
455 1749 578 1780 Artem
607 1748 787 1788 poeticam
821 1747 1016 1789 (Horatii)
1052 1746 1184 1783 librum
1210 1747 1251 1778 X.
1285 1746 1465 1779 memorat
1499 1743 1693 1777 Charisius

177 1805 214 1838 p.
243 1795 328 1833 182,
363 1796 395 1827 5.
423 1799 459 1828 et
485 1796 572 1835 188,
608 1796 663 1827 17.
689 1793 730 1826 P.
780 1793 835 1826 De
861 1792 1106 1836 Neoptolemo
1140 1795 1265 1826 autem
1298 1791 1480 1832 Pariano,
1513 1792 1624 1834 poeta
1656 1792 1694 1824 et

178 1841 437 1885 grammatico,
470 1841 554 1874 vide
579 1841 742 1874 Fabricii
769 1840 867 1873 Bibl.
897 1839 959 1872 Gr.
986 1839 1043 1872 ed.
1069 1839 1173 1872 Harl.
1199 1838 1262 1871 VI.
1288 1849 1324 1882 p.
1351 1839 1451 1880 373„
1477 1836 1691 1871 Villoisonii

178 1888 323 1933 Proleg.
350 1888 397 1921 ad
421 1888 527 1921 Iliad.
555 1899 590 1931 p.
616 1886 756 1929 XXX.,
789 1885 969 1919 Meinekii
994 1885 1178 1919 Analecta
1201 1884 1405 1919 Alexandr.
1430 1895 1465 1928 p.
1492 1885 1592 1926 357„
1626 1884 1693 1928 qui

180 1935 333 1980 quidem
358 1935 459 1969 haud
495 1935 605 1968 nimis
638 1933 885 1978 probabiliter
919 1933 1155 1976 suspicatur,
1188 1932 1386 1967 Horatium
1421 1931 1575 1965 haurire
1600 1942 1695 1965 non-

178 1983 284 2017 nulla
317 1983 486 2027 potuisse
520 1993 565 2016 ex
598 1982 701 2015 illius
734 1983 903 2026 poemate
942 1981 1027 2027 περὶ
1058 1978 1296 2022 ἀστεϊσμῶν,
1333 1989 1417 2012 cum
1450 1978 1576 2023 potius
1609 1988 1695 2022 pro-

179 2031 301 2075 prium
328 2029 373 2064 de
399 2032 478 2063 arte
504 2029 653 2074 poetica
678 2029 861 2072 scriptum
888 2027 965 2061 sive
983 2029 1115 2072 poema
1138 2027 1212 2061 fuit
1237 2026 1314 2060 sive
1332 2026 1499 2071 pedestri
1525 2026 1695 2059 oratione

178 2078 445 2121 compositum,
478 2088 500 2110 a
525 2076 630 2110 nullo
666 2075 819 2121 quidem
853 2075 926 2108 alio
953 2085 1065 2119 quam
1099 2086 1121 2108 a
1144 2074 1404 2119 Porphyrione
1438 2074 1696 2115 memoratum,

179 2125 466 2170 intelligendum
502 2135 584 2158 esse
618 2123 802 2157 videatur.
854 2122 950 2156 Sane
986 2123 1137 2156 omnino
1172 2121 1300 2155 multis
1334 2121 1373 2154 in
1400 2121 1514 2154 rebus
1541 2122 1695 2154 secutus

180 2176 236 2206 est
260 2172 439 2207 Horatius
465 2171 806 2206 Alexandrinorum
831 2170 1159 2215 grammaticorum
1185 2168 1388 2203 doctrinas.

277 2272 428 2315 „Potest
460 2271 522 2305 hic
555 2271 710 2304 libellus
745 2270 936 2305 commode
970 2270 1100 2304 haberi
1135 2280 1203 2313 pro
1238 2269 1399 2313 epistola
1423 2267 1512 2302 libri
1538 2265 1696 2301 secundi

180 2320 309 2360 tertia,
344 2319 410 2364 qui
438 2319 493 2353 sic
527 2329 678 2363 quoque
706 2329 781 2351 non
816 2318 934 2351 maior
968 2318 1038 2351 erit
1072 2317 1168 2350 libro
1202 2316 1334 2360 primo.
1383 2314 1460 2349 Nec
1485 2317 1694 2359 temporum

179 2367 276 2400 ratio
303 2370 367 2400 aut
392 2365 495 2400 aliud
521 2365 797 2406 necessarium,
825 2365 925 2409 quod
952 2364 1085 2405 sciam,
1111 2365 1371 2409 argumentum
1398 2362 1532 2396 obstat.
1582 2360 1696 2395 Favet

180 2415 287 2448 etiam
326 2413 540 2456 Charisius,
576 2413 640 2457 qui
673 2424 709 2456 p.
739 2414 825 2452 182,
860 2415 892 2446 3.
927 2415 963 2445 et
992 2414 1076 2451 183,
1113 2413 1166 2444 10.
1203 2410 1423 2455 simpliciter
1447 2409 1697 2451 Epistularum

181 2461 352 2503 nomine,
395 2471 491 2505 quae
533 2461 595 2494 hic
634 2460 830 2505 leguntur,
873 2459 1008 2493 laudat.
1058 2458 1203 2492 Mature
1245 2461 1370 2491 tamen
1413 2460 1454 2490 ut
1491 2454 1694 2500 peculiaris

179 2509 331 2542 libellus
366 2508 543 2542 laudatur
577 2519 598 2542 a
632 2507 867 2546 Quintiliano
893 2505 1011 2550 Epist.
1045 2506 1092 2540 ad
1127 2505 1264 2549 Tryph.
1292 2507 1343 2546 2.,
1376 2503 1443 2538 ubi
1476 2502 1695 2547 simpliciter

179 2557 306 2590 Artem
327 2557 508 2597 poeticam
533 2558 658 2597 vocat,
692 2557 730 2588 et
755 2557 795 2596 8,
822 2556 861 2596 3,
896 2555 952 2586 60.
980 2564 1025 2587 ex
1047 2554 1170 2594 prima
1191 2555 1299 2594 parte
1333 2553 1414 2584 libri
1438 2552 1481 2584 de
1505 2552 1585 2583 arte
1607 2550 1695 2590 poi?—

180 2605 252 2637 lica
276 2604 401 2648 ipsum
426 2603 534 2636 affert
565 2601 806 2646 principium.
855 2600 1076 2634 Priscianus
1110 2609 1263 2644 quoque
1297 2602 1333 2632 et
1365 2597 1429 2632 alii
1461 2596 1695 2643 grammatici

179 2650 319 2694 passim
353 2651 553 2684 Horatium
585 2651 630 2682 de
663 2651 741 2682 arte
771 2650 916 2689 poetica
949 2647 1076 2681 citant.
1126 2646 1186 2680 An
1221 2646 1455 2680 occasionem
1494 2642 1694 2688 separandi

182 2698 384 2731 voluminis
417 2696 540 2740 dedit,
575 2695 675 2741 quod
709 2699 750 2729 ut
774 2697 959 2729 Somnium
983 2695 1159 2736 scipionis
1193 2702 1238 2727 ea:
1269 2693 1448 2727 Ciceronis
1481 2692 1525 2725 de
1556 2699 1598 2724 re
1627 2698 1696 2732 pu-

181 2747 276 2777 blica
310 2754 416 2786 opere
449 2747 663 2787 excerptum
698 2742 910 2776 Macrobius
945 2741 1164 2786 explicavit,
1196 2741 1249 2774 sic
1282 2742 1427 2773 mature
1460 2736 1694 2783 grammatici
1757 2774 1760 2779 ¹
