1774 2930
178 153 263 195 548
842 155 1006 191 INDEX.

175 247 316 300 Impios
341 265 474 300 parrae
500 255 708 291 recinentis
735 266 844 291 omen
870 256 940 292 od.
964 256 1031 292 111.
1058 260 1115 293 27.

177 296 366 337 Inclusam
390 303 549 338 Danaen
574 303 693 338 turris
719 306 838 339 aenea
863 304 933 339 Od.
958 305 1024 340 111.
1053 308 1108 341 16.

176 343 332 385 Intactis
359 351 575 395 opulentior
603 350 672 386 od.
697 351 764 386 ΠΙ.
791 353 848 386 24.

176 393 327 444 Integer
353 399 454 433 vitae
481 399 715 444 scelerisque
740 411 860 444 purus
887 399 956 435 Od.
981 401 1011 435 Ι.
1038 403 1094 436 22.

175 442 407 489 Intermissa,
433 446 577 490 Venus,
603 447 669 480 diu
695 446 764 481 Od.
789 447 854 482 IV.
883 450 915 483 1.

175 490 319 528 Iustum
347 496 384 528 et
406 496 577 529 tenacem
601 494 787 540 propositi
811 496 935 530 virum
961 495 1030 530 Od.
1054 497 1121 531 m.
1149 501 1181 532 3.

176 542 404 576 Laudabunt
428 542 493 577 alii
520 542 661 576 claram
686 543 847 577 Rhodon
873 546 939 578 aut
962 543 1170 589 Mytilenen
1197 546 1265 581 Od.
1291 547 1320 581 Ι.
1347 549 1379 582 ’1.

175 589 293 634 Lupis
320 592 357 624 et
381 589 490 636 agnis
516 593 658 635 quanta
684 591 816 625 sortito
843 591 977 638 obtigit
1002 592 1119 637 Epod.
1146 596 1178 627 4.

175 636 307 682 Lydia,
334 637 405 680 dic,
431 648 500 682 per
526 649 656 672 omnes
682 637 752 672 Od.
776 639 805 672 Ι.
833 641 865 674 8.

176 684 373 720 Maecenas
399 685 517 720 atavis
544 685 643 720 edite
671 686 823 732 regibus
851 686 918 721 Od.
943 687 972 721 Ι.
1001 689 1031 721 1.

175 732 274 767 Mala
298 733 422 767 soluta
446 733 553 768 navis
580 734 656 767 exit
681 735 768 768 alite
794 734 912 780 Epod.
941 737 995 769 10.

175 780 320 815 Martiis
348 781 496 815 caelebs
523 781 615 826 quid
640 792 748 827 agam
773 781 956 818 Kalendis
981 782 1049 817 Od.
1075 783 1141 818 ΠΙ.
1168 786 1200 819 8.

176 827 294 863 Mater
321 839 431 863 saeva
457 828 688 873 Cupidinum
714 829 782 864 od.
808 829 837 863 1.
866 832 920 865 19.

178 875 354 919 Mercuri,
379 877 542 911 facunde
569 888 686 922 nepos
712 877 874 912 Atlantis
900 877 968 912 od.
994 878 1023 913 I.
1052 881 1105 913 10.

175 923 358 966 Mercuri,
385 943 399 949 -
415 935 501 959 nam
528 927 564 958 te
590 924 724 960 docilis
750 926 929 971 magistro
956 926 1024 962 Od.
1049 926 1115 962 III.
1145 930 1199 962 11.

175 971 397 1006 Miserarum
423 974 481 1007 est
505 982 630 1017 neque
657 973 775 1007 amori
801 973 890 1008 dare
917 974 1048 1008 ludum
1073 985 1198 1020 neque
1225 975 1327 1010 dulci
1355 975 1423 1011 Od.
1449 976 1515 1010 ΠΙ.
1542 979 1599 1011 12.

175 1018 299 1054 Mollis
327 1019 466 1054 inertia
492 1030 559 1054 cur
585 1022 726 1054 tantam
753 1021 945 1056 diffuderit
970 1022 1055 1056 imis
1081 1022 1198 1068 Epod.
1227 1026 1281 1059 14.

173 1067 360 1102 Montium
387 1070 513 1102 custos
539 1078 824 1114 nemorumque,
850 1069 967 1115 Virgo
995 1069 1062 1104 od.
1086 1070 1153 1104 111.
1181 1072 1237 1105 22.

174 1114 317 1149 Motum
343 1126 389 1150 ex
413 1115 565 1149 Metello
592 1116 748 1150 consule
775 1116 933 1151 civicum
960 1117 1028 1151 Od.
1053 1117 1102 1152 11.
1131 1120 1160 1154 l.

175 1162 293 1197 Musis
318 1163 461 1197 amicus
486 1163 680 1198 tristitiam
705 1166 743 1199 et
766 1166 889 1199 metus
915 1163 983 1200 Od.
1009 1164 1038 1199 Ι.
1065 1167 1120 1201 26.

174 1210 280 1245 Natis
306 1211 345 1244 in
372 1221 483 1245 usum
509 1211 678 1245 laetitiae
705 1211 865 1257 scyphis.
884 1211 952 1246 Od.
977 1212 1006 1247 Ι.
1033 1214 1090 1248 27.

174 1258 229 1292 Ne
255 1258 354 1293 forte
381 1258 514 1293 credas
541 1259 756 1302 interitura,
787 1270 882 1304 quae
909 1259 977 1294 od.
1004 1259 1067 1294 IV.
1094 1262 1126 1295 9.

174 1305 228 1340 Ne
255 1307 304 1340 sit
329 1306 490 1340 ancillae
516 1306 585 1340 tibi
612 1318 715 1341 amor
741 1307 877 1352 pudori
905 1307 973 1342 Od.
998 1307 1044 1341 Π.
1071 1310 1105 1342 4.

174 1353 279 1388 Nolis
305 1354 419 1400 longa
443 1354 544 1388 ferae
571 1354 671 1389 bella
694 1353 920 1399 Numantiae
947 1355 1017 1390 Od.
1042 1355 1089 1390 Π.
1119 1358 1173 1391 12.

175 1401 350 1436 Nondum
377 1402 534 1436 subacta
558 1402 657 1436 ferre
684 1403 815 1448 iugum
841 1403 940 1437 valet
966 1403 1033 1438 Od.
1059 1403 1106 1437 II.
1133 1406 1165 1439 5.

174 1449 258 1483 Non
285 1450 380 1484 ebur
406 1461 530 1494 neque
557 1461 712 1484 aureum
739 1450 807 1484 Od.
831 1450 879 1484 11.
907 1452 962 1485 18.
1077 1440 1099 1460 ⁴*

173 1497 258 1531 Non
285 1508 431 1542 semper
457 1497 596 1532 imbres
622 1498 789 1533 nubibus
814 1498 986 1543 hispidos
1013 1498 1081 1533 Od.
1106 1499 1153 1534 11.
1179 1503 1213 1534 9.

173 1545 257 1579 Non
283 1545 423 1579 usitata
449 1555 520 1579 nec
546 1546 651 1579 tenui
677 1546 776 1581 ferar
803 1545 871 1580 od.
895 1545 943 1579 H.
971 1549 1028 1581 20.

173 1592 256 1627 Non
284 1592 400 1635 vides,
427 1595 566 1637 quanto
592 1604 740 1628 moveas
766 1594 909 1638 periclo
936 1593 1004 1629 Od.
1029 1594 1096 1629 ΠΙ.
1123 1596 1179 1629 20.

174 1640 256 1674 Nox
282 1643 362 1674 erat
388 1643 424 1674 et
450 1641 552 1675 caelo
578 1641 747 1686 fulgebat
770 1641 881 1676 Luna
905 1652 1040 1677 sereno
1065 1642 1184 1688 Epod.
1213 1643 1268 1677 15.

172 1687 336 1731 Nullam,
362 1688 472 1731 Vare,
499 1699 606 1723 sacra
631 1689 705 1723 vite
731 1690 837 1734 prius
864 1690 1005 1724 severis
1031 1690 1204 1726 arborem
1230 1689 1300 1725 Od.
1324 1691 1353 1725 I.
1382 1692 1440 1725 18.

173 1736 309 1770 Nullus
335 1738 490 1782 argento
516 1737 619 1770 color
646 1739 703 1771 est
726 1737 848 1771 avaris
874 1736 944 1771 Od.
968 1737 1017 1772 IL
1044 1739 1077 1772 2.

173 1783 283 1817 Nunc
310 1785 367 1818 est
390 1783 609 1826 bibendum,
634 1795 736 1818 nunc
761 1785 857 1829 pede
883 1784 1005 1820 libero
1033 1784 1102 1819 Od.
1126 1785 1155 1819 Ι.
1181 1787 1239 1820 37.

174 1830 205 1865 Ο
233 1830 399 1865 crudelis
425 1831 547 1865 adhuc
574 1834 610 1865 et
634 1831 797 1866 Veneris
822 1832 1045 1866 muneribus
1070 1835 1205 1876 potens
1230 1831 1301 1867 Od.
1326 1832 1391 1873 IV,
1420 1835 1477 1868 10.

174 1878 205 1912 O
230 1878 338 1920 Diva,
364 1881 509 1924 gratum
537 1890 633 1923 quae
659 1880 758 1924 regis
781 1879 936 1913 Antium
962 1878 1032 1913 Od.
1057 1879 1086 1913 Ι.
1112 1881 1168 1914 35.

175 1925 205 1960 Ο
231 1926 315 1960 fons
341 1926 567 1968 Bandusiae,
594 1926 828 1971 splendidior
854 1927 951 1961 vitro
978 1926 1046 1961 Od.
1070 1926 1136 1962 ΠΙ.
1163 1928 1218 1961 13.

175 1973 205 2007 Ο
231 1976 349 2008 matre
375 1974 533 2018 pulchra
558 1973 637 2008 filia
660 1974 855 2019 pulchrior
882 1973 949 2008 Od.
974 1973 1003 2007 I.
1031 1976 1087 2008 16.

175 2021 205 2055 Ο
232 2023 322 2056 nata
346 2032 494 2056 mecum
521 2021 677 2056 consule
702 2021 843 2056 Manlio
869 2021 938 2055 Od.
963 2021 1030 2056 ΠΙ.
1056 2024 1113 2057 21.

175 2068 205 2102 Ο
232 2069 351 2111 navis,
377 2070 545 2103 referent
568 2070 609 2102 in
634 2080 736 2104 mare
763 2070 801 2103 te
826 2069 914 2104 novi
942 2069 1011 2104 Od.
1035 2069 1066 2104 Ι.
1093 2072 1147 2104 14.

175 2116 205 2150 Ο
233 2127 344 2161 saepe
369 2127 514 2151 mecum
539 2120 687 2161 tempus
712 2117 753 2150 in
779 2117 955 2150 ultimum
982 2116 1050 2152 Od.
1075 2117 1123 2152 Π.
1150 2119 1182 2158 Ἰ.

176 2164 205 2198 Ο
232 2164 373 2207 Venus,
402 2165 536 2210 regina
562 2164 671 2198 Cnidi
695 2165 892 2210 Paphique
919 2164 987 2199 Od.
1010 2164 1040 2198 L
1066 2167 1124 2199 30.

175 2211 245 2246 Odi
271 2212 470 2256 profanum
497 2212 628 2257 volgus
655 2215 692 2246 et
716 2222 826 2246 arceo
852 2211 921 2247 Od.
946 2211 1012 2247 111.
1040 2214 1071 2246 1.

175 2257 302 2293 Otium
329 2260 432 2294 divos
458 2262 566 2305 rogat
590 2260 630 2293 in
655 2259 799 2304 patenti
825 2258 894 2293 Od.
919 2259 966 2293 Π.
995 2261 1050 2294 16.

175 2306 331 2342 Parcius
357 2307 507 2342 iunctas
533 2307 708 2352 quatiunt
731 2307 917 2342 fenestras
943 2306 1011 2341 Od.
1035 2307 1065 2341 Ι.
1091 2309 1146 2342 25.

174 2354 315 2389 Parcus
341 2355 498 2390 deorum
525 2356 647 2389 cultor
674 2357 711 2388 et
735 2354 959 2400 infrequens
985 2353 1054 2389 Od.
1078 2354 1108 2389 Ι.
1136 2357 1191 2389 34.

174 2401 345 2436 Parentls
372 2403 460 2436 olim
487 2403 518 2436 si
547 2403 633 2448 quis
659 2402 774 2447 impia
797 2413 911 2436 manu
936 2402 1054 2447 Epod.
1081 2405 1113 2437 3.

174 2449 307 2484 Pastor
334 2460 417 2484 cum
444 2451 611 2484 traheret
635 2461 702 2494 per
726 2450 822 2484 freta
847 2449 1007 2484 navibus
1033 2449 1102 2484 od.
1127 2449 1156 2484 Ι.
1187 2452 1238 2484 15.

174 2497 350 2532 Persicos
376 2498 448 2540 odi,
474 2509 581 2541 puer,
607 2500 808 2542 apparatus
835 2496 902 2531 Od.
929 2497 957 2531 I.
985 2499 1042 2532 38.

175 2545 285 2587 Petti,
312 2546 407 2579 nihil
433 2555 491 2579 me
518 2545 616 2579 sicut
641 2548 752 2579 antea
776 2545 879 2579 iuvat
904 2544 1021 2589 Epod.
1049 2548 1104 2580 11.

175 2592 324 2627 Phoebe
351 2593 605 2638 silvarumque
631 2595 765 2637 potens
790 2592 913 2627 Diana
938 2592 1059 2627 Carni.
1085 2603 1159 2627 sec.

175 2640 349 2675 Phoebus
375 2641 561 2675 volentem
587 2640 733 2686 proelia
757 2651 814 2673 me
841 2640 947 2685 loqui
973 2639 1043 2674 od.
1067 2640 1132 2675 IV.
1160 2642 1214 2674 15.

173 2687 380 2722 Pindarum
407 2689 581 2733 quisquis
609 2687 735 2722 studet
759 2688 939 2722 aemulari
967 2687 1034 2722 Od.
1059 2687 1124 2722 IV.
1151 2689 1183 2722 2.

173 2735 382 2770 Poscimur.
434 2735 471 2770 Si
500 2736 590 2780 quid
618 2735 726 2770 vacui
753 2735 822 2770 sub
849 2735 982 2769 umbra
1006 2734 1075 2770 Od.
1102 2735 1130 2768 Ι.
1158 2737 1212 2770 32.
