1774 2930
187 170 275 211 434

307 270 542 328 Splendida
571 270 684 313 facta
712 271 866 312 linunt.

656 169 864 205 HORATII
886 169 1236 206 EPISTOLARUM

927 271 1047 314 Idem
1075 286 1155 315 rex
1185 273 1278 328 ille,
1309 276 1464 330 poema

308 342 391 391 Qui
422 346 510 385 tam
539 341 764 384 ridiculum
794 345 885 384 tam
914 356 1011 385 care
1041 343 1245 400 prodigus
1277 345 1399 396 emit,

304 413 458 456 Edicto
489 413 644 467 vetuit,
675 427 731 456 ne
763 414 858 470 quis
890 427 938 456 se
967 417 1139 470 praeter
1168 414 1353 471 Apellen

305 484 512 540 Pingeret
542 488 616 526 aut
646 485 755 526 alius
785 484 978 541 Lysippo
1009 484 1183 528 duceret
1212 500 1314 529 aera

1619 488 1704 530 240

305 555 447 598 Fortis
478 554 714 598 Alexandri
743 556 906 598 voltum
937 557 1196 600 simulantia.
1249 557 1412 606 Quodsi

303 627 513 670 Iudjoium
544 627 701 669 subtile
730 627 928 670 videndis
960 627 1124 670 artibs
1156 628 1263 670 illud

305 697 376 740 Ad
403 698 536 740 libros
568 702 611 741 et
644 698 697 741 ad
726 698 833 741 haec
862 698 1082 741 Musarum
1112 698 1224 742 dona
1252 713 1448 754 vocarem

303 769 515 812 Boeotum
546 769 592 811 in
622 783 766 812 crasso
797 770 962 812 iurares
994 773 1094 813 aere
1126 774 1286 812 natum.

306 839 365 883 At
395 855 535 897 neque
566 840 824 883 dedecorant
854 844 929 883 tua
959 840 1012 883 de
1044 855 1091 883 se
1121 841 1281 884 iudicia
1311 845 1440 899 atque

1619 843 1704 884 245

284 979 363 1011 239.
412 977 565 1019 Apellen
600 976 701 1019 bSE,
743 979 900 1021 quartus
939 976 1119 1011 Schmidii
1160 979 1198 1011 et
1237 977 1452 1012 Bentleius:
1494 978 1659 1021 Apellam

233 1024 436 1059 LctFMJs.
462 1043 506 1048 —
534 1026 614 1058 240.
648 1026 795 1058 cuderet
821 1025 866 1059 de
891 1024 1065 1059 Lambini
1091 1025 1188 1059 coni.
1213 1024 1421 1060 Bentleius.

185 1143 284 1177 ros.“
314 1142 389 1176 Cfr.
403 1142 497 1186 Epp.
514 1146 544 1184 1,
560 1144 615 1185 19,
630 1144 693 1175 30:
721 1150 828 1183 quem
842 1150 921 1176 ver-

185 1191 284 1224 sibus
302 1191 442 1223 oblinat
460 1191 565 1223 atris.
580 1208 623 1213 -
637 1191 741 1223 Idem
754 1189 838 1232 cet.]
856 1189 922 1222 Di-

187 1240 288 1272 ctum
313 1238 386 1271 hoc
411 1239 468 1271 est
498 1247 583 1271 cum
617 1236 777 1281 quadam
812 1237 922 1281 quasi

186 1285 447 1327 admiratione,
473 1284 659 1329 quomodo
684 1283 767 1319 fieri
791 1286 923 1328 potue-

186 1333 247 1375 rit,
273 1335 315 1366 ut
331 1331 568 1374 Alexander,
595 1342 679 1366 cum
702 1331 748 1366 de
773 1331 924 1376 pictura

187 1379 279 1414 etde
294 1379 490 1424 sculptura
503 1379 714 1413 rectissime
725 1378 922 1422 iudicaret,

185 1427 227 1461 in
245 1427 351 1472 poesi
377 1427 474 1460 nihil
490 1427 639 1469 viderit,
668 1426 728 1470 „id
755 1426 857 1471 quod
882 1426 921 1460 in

186 1477 243 1516 te,
279 1474 436 1517 Caesar,
470 1474 584 1519 longe
618 1484 726 1508 secus
760 1474 850 1507 est.“
877 1493 923 1498 --

184 1522 314 1565 vetuit]
340 1522 439 1555 Plin.
456 1522 502 1555 Η.
520 1521 564 1555 N.
587 1523 620 1564 7,
647 1523 703 1564 37,
730 1523 794 1554 38:
822 1522 923 1554 Idem

185 1571 242 1602 hic
257 1571 463 1611 imperator
481 1570 604 1612 edioeit,
630 1578 675 1602 ne
700 1570 780 1609 quis
804 1570 924 1610 ipsum

186 1618 284 1650 alius
310 1625 420 1657 quam
437 1617 584 1658 Apelles
606 1618 783 1659 pingeret,
811 1625 923 1657 quam

185 1665 396 1706 Pyrqotelcs
427 1665 624 1706 sculperet,
660 1672 774 1704 quam
797 1665 922 1705 Lysip-

182 1721 253 1754 pus
292 1721 338 1745 ea-
375 1720 461 1745 aere
501 1713 660 1745 duceret.
688 1730 731 1734 ——
756 1711 922 1754 Apellen]

185 1759 285 1792 Plin.
303 1758 349 1792 H.
366 1758 410 1792 N.
429 1761 485 1801 35,
505 1761 561 1801 10,
580 1760 642 1791 38:
671 1759 803 1791 Omnes
818 1759 923 1799 prius

187 1807 324 1847 penites
342 1807 557 1847 futurosque
570 1807 699 1847 postea
726 1805 921 1849 (pictores)

184 1854 374 1894 superavit
403 1854 546 1894 Apelles
583 1854 674 1886 Cous
710 1853 923 1893 Olympiade

188 1901 298 1934 CXII.
342 1901 513 1933 Picturae
542 1900 656 1941 plura
685 1900 784 1932 solus
806 1908 923 1941 prope

187 1956 298 1988 quam
340 1948 449 1980 ceteri
486 1954 608 1980 omnes
654 1948 824 1989 contulit,
860 1955 922 1979 vo-

189 1996 385 2028 luminibus
424 1995 533 2027 etiam
571 1995 693 2036 edilis,
732 2003 826 2035 quae
859 1994 922 2026 do-

187 2044 345 2076 ctrinam
371 2050 452 2075 eam
477 2042 668 2074 continent.
716 2042 922 2083 Praecipua

189 2090 265 2123 eius
290 2091 330 2122 in
355 2092 436 2122 arte
462 2091 634 2122 venustas
659 2090 740 2130 suit.
757 2108 803 2112 —
826 2089 923 2122 alius

186 2136 356 2180 Lysippo]
383 2132 498 2177 ἄλλος
518 2135 734 2177 Λυσίππου,
760 2138 803 2170 ut
827 2135 921 2180 Epp.

191 2187 221 2226 1,
249 2186 304 2227 16,
331 2187 395 2218 2οε
423 2185 540 2217 alium
564 2185 727 2225 sapiente
746 2185 922 2224 bonoque.

187 2231 285 2265 Plin.
312 2231 358 2264 Η.
383 2230 427 2265 N.
454 2233 518 2273 34,
544 2232 584 2273 8,
614 2234 674 2265 19;
708 2232 923 2265 statuar-lae

188 2281 262 2312 arti
294 2280 499 2320 plurimum
537 2279 697 2312 traditur
730 2279 923 2311 contulisse

189 2326 420 2370 (Lysippus)
459 2327 633 2368 capillum
674 2327 922 2367 exprimendo,

189 2375 311 2414 capita
337 2375 483 2406 minora
507 2374 693 2415 saciendO,
721 2382 831 2414 quam
857 2381 923 2406 an-

189 2421 301 2461 tiqui„
337 2429 492 2462 corpora
518 2421 721 2462 araciliora
750 2421 921 2453 sicciora-

189 2476 268 2509 que,
292 2476 360 2509 per
387 2477 480 2508 quae
503 2468 710 2509 proceritas
735 2469 922 2509 siqnorum

188 2516 308 2548 maior
324 2516 519 2548 videretur.
539 2515 613 2548 Cfr.
630 2514 825 2559 Posidippi
843 2514 921 2558 epi-

188 2573 354 2608 gramma
378 2562 418 2595 in
444 2562 558 2595 Anth.
591 2562 670 2595 Pal.
699 2561 745 2595 H.
771 2573 807 2606 p.
834 2564 921 2595 661:

188 2606 381 2650 Λύσιππε,
421 2606 570 2642 πλείστα
595 2606 787 2652 Σικυώνιε,
825 2609 922 2655 θαρ-

190 2656 310 2700 σαλέη
336 2658 430 2713 χείρ,
455 2653 546 2689 Adia
571 2660 733 2698 τεχνῖτα,
764 2656 837 2704 πῦρ
862 2667 923 2690 τοι

190 2701 212 2737 ὁ
231 2702 376 2746 χαλκὸς
393 2705 478 2751 ορῇ,
490 2699 559 2738 ’Ὸν
577 2705 658 2737 κατ’
681 2700 920 2751 Ἀλεξάνδρου

188 2752 345 2798 μορφᾶς
365 2754 459 2794 χέες·
487 2749 615 2785 οὐκέτι
638 2753 806 2794 μεμπτοὶ
822 2752 921 2798 Πέρ-

970 1138 1287 1186 σαι··συγγνω’μη
1318 1141 1436 1183 βουσὶ
1468 1142 1605 1176 λέοντα
1630 1155 1705 1184 φυ-

969 1194 1061 1234 γεῖν.
1088 1209 1132 1213 -
1158 1190 1306 1224 duceret
1334 1189 1448 1233 aera]
1485 1201 1574 1234 pro:
1614 1190 1703 1233 „du—

971 1239 1074 1271 ceret
1099 1247 1144 1271 ex
1168 1247 1256 1271 aere
1278 1237 1485 1271 Alexandri
1509 1237 1704 1283 effigiem.“

969 1283 1063 1318 Nam
1088 1284 1129 1317 in
1155 1283 1291 1318 ceteris
1317 1284 1413 1318 locis
1437 1284 1505 1318 ubi
1521 1294 1557 1318 v.
1574 1286 1706 1318 ducere

970 1342 1039 1376 pro
1060 1331 1256 1374 „foi-mare,
1281 1331 1483 1377 effingere“
1498 1334 1710 1377 usurpatur

973 1379 1096 1424 (Virg.
1144 1378 1239 1413 Aen.
1278 1380 1320 1422 7,
1361 1380 1450 1412 634:
1499 1380 1571 1412 Aut
1614 1380 1706 1413 leves

972 1435 1097 1460 ocreas
1124 1427 1218 1460 lento
1243 1427 1382 1460 ducunt
1403 1426 1584 1470 arcente.)
1609 1426 1707 1461 illud

971 1476 1097 1508 tamen
1110 1473 1314 1508 discrimen
1329 1475 1513 1517 servatur,
1526 1475 1570 1507 ut
1581 1475 1706 1516 [orma

971 1522 1130 1555 ducatur
1148 1530 1194 1555 ex
1215 1523 1379 1564 arqenlo,
1404 1529 1490 1555 aere
1508 1523 1591 1564 cet„
1616 1531 1707 1564 non,

971 1571 1013 1603 ut
1045 1569 1127 1611 hic,
1168 1570 1327 1602 ducatur
1363 1569 1445 1610 ipsa
1476 1570 1636 1602 materia
1667 1570 1708 1602 in

971 1617 1131 1658 sormam
1155 1617 1341 1659 aliquam3
1374 1625 1445 1650 nec
1470 1618 1594 1650 tamen
1619 1627 1706 1661 pro-

970 1666 1102 1708 pterea
1114 1664 1262 1697 cuderet
1275 1662 1536 1708 recipiendum
1549 1664 1616 1705 est,
1630 1673 1706 1707 quo

971 1711 1086 1745 verbo
1112 1710 1159 1745 de
1185 1711 1306 1745 aereis
1332 1710 1466 1744 statuis
1493 1710 1705 1754 (nunquam

973 1753 1254 1804 σφυρηλάτοις,
1290 1757 1354 1791 sed
1381 1767 1529 1801 semper
1562 1767 1706 1797 χωνευ-

971 1806 1069 1847 ταῖς)
1097 1804 1153 1838 uti
1179 1805 1331 1838 omnino
1358 1814 1435 1837 non
1459 1806 1608 1848 poterat
1630 1803 1707 1838 Ho-

971 1852 1102 1886 ratius.
1130 1870 1174 1875 -
1199 1852 1318 1884 Fortis
1334 1851 1550 1895 Alexandri]
1578 1853 1706 1894 „cuius

971 1907 1126 1940 reanum
1151 1907 1176 1932 a
1201 1899 1379 1932 Thraciae
1409 1899 1548 1940 annulo
1577 1907 1707 1940 porre-

972 1949 1068 1979 ctum
1103 1948 1153 1980 est
1185 1955 1299 1986 usqae
1330 1947 1380 1979 ad
1414 1947 1499 1979 litus
1532 1946 1707 1987 incoaniti

969 1994 1119 2027 maris.⁴⁴
1163 1993 1306 2027 Seneca
1330 1993 1376 2027 de
1400 1992 1529 2027 Benef.
1552 1995 1586 2036 5,
1612 1995 1645 2035 6,
1674 1995 1704 2027 1.

972 2059 1015 2064 -
1050 2040 1286 2084 simulantia]
1340 2065 1356 2083 „
1369 2042 1543 2075 accurate
1585 2040 1706 2084 expri-

971 2088 1147 2131 mentia,“
1167 2090 1210 2122 ut
1224 2087 1267 2122 A.
1281 2087 1323 2121 P.
1343 2090 1407 2122 19:
1432 2089 1707 2129 cupressum-si-

971 2137 1129 2170 mulare.
1139 2155 1182 2159 —
1189 2136 1354 2169 videndis
1363 2134 1518 2178 artibus]
1535 2135 1597 2178 „in
1610 2134 1707 2168 diiu-

972 2182 1143 2217 dicandis
1177 2182 1315 2217 artium
1348 2182 1546 2227 operibus,
1579 2184 1707 2216 utrum

970 2230 1140 2275 perfecta
1173 2230 1249 2264 sint
1281 2230 1494 2274 artifexque
1531 2229 1706 2274 speciem,

973 2289 1084 2323 quam
1109 2279 1235 2312 mente
1261 2278 1506 2322 conceperat,
1538 2276 1707 2322 attigerit

972 2325 1127 2360 necne.“
1154 2342 1202 2349 —-
1225 2324 1419 2368 Boeotum]
1453 2324 1568 2370 genit.
1593 2324 1706 2368 plur.,

972 2383 1067 2415 non,
1106 2374 1149 2406 ut
1181 2373 1314 2406 volunt
1347 2371 1486 2406 Comm.
1519 2370 1635 2416 Cruq.
1669 2373 1707 2406 et

971 2420 1197 2462 Lambinus,
1240 2429 1363 2453 accus.
1406 2419 1501 2464 sing.
1544 2418 1621 2452 Cic.
1658 2417 1705 2452 de

971 2468 1063 2502 Fato
1090 2469 1129 2509 4,
1165 2468 1206 2500 7:
1243 2466 1393 2500 Athenis
1419 2468 1526 2499 tenue
1550 2465 1704 2506 caelum,

972 2524 1018 2549 eoe
1050 2523 1121 2555 quo
1158 2515 1342 2547 acutiores
1381 2514 1492 2547 eliam
1525 2514 1706 2554 putantur

970 2563 1099 2602 Allici‚·
1125 2570 1287 2595 crassum
1312 2562 1448 2603 Thebis,
1474 2561 1599 2600 itaque
1620 2559 1706 2600 pin·

970 2618 1056 2651 ques
1082 2609 1242 2642 Thebani
1266 2611 1300 2642 el
1324 2609 1497 2641 valentes.

1018 2658 1218 2690 245-249.
1267 2655 1315 2688 At
1348 2663 1464 2695 neque
1495 2653 1588 2697 cet]
1625 2652 1704 2696 „Tu

971 2706 1102 2738 contra
1134 2702 1391 2737 tantummodo
1422 2699 1704 2746 praestantissi-

968 2751 1039 2786 mis
1063 2750 1185 2795 pot'itis
1218 2749 1356 2784 faves.“
1397 2747 1550 2784 Sueton.
1575 2747 1704 2782 Ootar.
