1774 2930
155 175 241 218 518

814 178 1021 214 HORATII

271 276 378 320 Post
408 278 521 320 hunc
552 293 762 335 personae
792 280 1018 337 pallaeque
1049 286 1244 338 repertor
1272 282 1480 328 honestae

275 348 513 406 Aeschylus
547 354 590 392 et
619 350 797 393 modicis
829 352 1027 394 instravit
1057 353 1225 410 pulpita
1253 355 1385 411 tignis

272 419 331 461 Et
361 420 505 463 docuit
535 436 823 479 magnumque
854 423 971 479 loqui
1002 423 1167 480 nitique
1198 425 1418 469 cothurno.

1585 428 1673 470 280

273 491 489 534 Successit
518 495 643 535 vetus
674 493 742 534 his
774 494 1012 548 comoedia,
1044 509 1131 537 non
1163 495 1256 539 sine
1286 497 1422 540 multa

271 562 444 617 Laude,
478 563 553 606 sed
583 563 628 605 in
659 564 811 606 vitium
842 565 1018 607 libertas
1051 566 1211 608 excidit
1241 570 1284 610 et
1312 568 1401 609 vim

271 633 461 690 Dignam
489 634 586 690 lege
617 636 732 691 regi3
764 636 836 678 lex
868 640 934 679 est
965 641 1141 694 accepta
1170 637 1409 695 chorusque

154 809 295 844 Verum
320 811 413 846 haec
437 812 564 866 potius
589 813 635 846 ad
661 813 801 857 primas
828 823 889 848 co·

153 857 324 892 moediae
358 859 524 904 origines
562 860 776 904 pertinent,
814 861 887 895 nisi

155 905 280 939 omnia
312 906 400 940 ficta
433 909 521 940 sunt
554 918 599 941 ex
633 918 665 941 v.
704 907 890 955 τρυγῳδία

154 953 532 999 (Hesenqesano).

202 1049 317 1082 278-
322 1050 402 1082 280.
429 1049 623 1092 personae]
649 1048 731 1083 Hoc
756 1049 889 1083 inven-

154 1097 233 1129 tum
260 1096 435 1130 nonnulli
461 1096 678 1131 tribuebant
702 1097 776 1131 iam
795 1096 889 1131 'rhe-

155 1142 273 1188 epidi,
314 1146 409 1178 teste
449 1143 586 1178 Suida:
629 1144 778 1192 πρῶτον
818 1144 889 1187 μὲν

154 1192 300 1247 χρίσας
341 1188 384 1224 τὸ
443 1188 652 1246 πρόσωπον
710 1192 890 1238 ψιμυθίῳ

154 1234 428 1294 ἐτραγῳδησεν,
454 1250 537 1272 ειτα
560 1235 755 1286 ἀνδράχνῃ
781 1239 891 1272 ἐσκέ-

156 1295 276 1318 πασεν
314 1287 354 1319 ἑν
391 1285 444 1332 τῷ
482 1285 787 1327 ἑπιδείκιυσθαι,
824 1288 891 1320 καὶ

154 1331 251 1376 μετὰ
278 1333 429 1367 ταῦταε
414 1332 613 1389 εἰσήνεγκε
638 1335 704 1367 καὶ
730 1331 797 1377 τὴν
816 1334 890 1367 τῶν

155 1382 408 1435 προσωπείων
426 1382 566 1429 χρῆσιν
584 1382 624 1414 ἑν
640 1378 745 1428 μόνῃ
763 1379 890 1428 ὀθόνῃ

155 1424 458 1471 κατασκευάσας.
472 1429 580 1464 Hanc
593 1439 792 1473 personam
806 1440 891 1474 per-

155 1475 291 1510 fecisse
304 1475 515 1522 Aeschylus
532 1477 693 1519 videtur,
711 1479 754 1510 ut
770 1487 891 1523 χαρα-

155 1523 299 1571 κτῆρας
309 1523 476 1566 deomm,
490 1525 647 1558 heroum
663 1526 890 1558 ceterorum-

157 1581 231 1616 que
245 1573 414 1605 actorum
424 1572 638 1606 accuratius
649 1571 887 1616 exprimeret.

157 1637 200 1642 -
232 1619 458 1662 pallaeque]
493 1616 711 1666 σύρματος.,
748 1619 891 1652 Pallam

155 1667 310 1711 proprie
336 1666 472 1701 dictam
508 1667 562 1701 sic
594 1666 778 1700 describit
801 1666 889 1700 Isid.

157 1711 284 1759 Origg.
315 1716 378 1756 19,
404 1715 468 1757 25,
495 1716 534 1748 2;
576 1715 684 1747 Palla
719 1716 771 1747 est
802 1722 891 1754 qua-

156 1761 265 1794 drum
287 1762 446 1802 pallium
471 1762 660 1795 muliebris
687 1762 804 1803 vestis,
830 1762 890 1794 de-

156 1808 305 1841 ductum
341 1817 455 1849 usque
493 1810 543 1842 ad
580 1809 752 1850 vesliqia,
796 1809 892 1848 quod

157 1856 280 1896 affictis
317 1856 357 1888 in
395 1856 559 1888 ordinem
591 1856 735 1897 qemmis
767 1856 889 1888 micat.

158 1901 230 1936 Sed
255 1904 387 1946 poetae
413 1903 552 1947 pallam
570 1903 679 1936 etiam
706 1901 799 1935 viris
825 1901 891 1934 tri-

157 1949 298 1993 buunt,
325 1949 432 1983 Ovid.
458 1950 539 1983 Am.
564 1951 597 1992 2,
625 1951 679 1992 18,
708 1950 771 1982 15:
796 1950 891 1981 Risit

157 1997 271 2030 Amor
300 1998 516 2039 pallamque
550 2006 670 2030 meam
702 1997 890 2038 pictosque

158 2046 362 2078 cothurnos.
391 2064 434 2069 —-
472 2044 721 2087 honestae]„
733 2043 891 2077 decorae

158 2094 270 2136 atque
297 2092 452 2138 dignae,
487 2103 584 2137 quae
610 2092 650 2125 in
678 2101 790 2125 scena
816 2093 891 2125 tra-

158 2139 242 2184 gica
284 2141 550 2184 compareret!
591 2159 635 2163 —
672 2137 890 2181 Aeschylus]

157 2186 410 2221 Philostratus
449 2187 492 2220 V.
534 2186 645 2231 Soph.
683 2189 725 2228 9,
765 2188 802 2219 1:
845 2186 895 2218 Εἰ

159 2231 231 2288 γάρ
266 2232 332 2267 τὸν
357 2231 549 2275 Αἰσχύλον
581 2233 892 2287 ε’νθυμηθείημεν

159 2277 211 2323 ὠς
236 2279 358 2314 πολλὰ
376 2282 422 2337 τῇ
446 2280 663 2338 τραγῳδίᾳ
652 2285 735 2324 ςυν
720 2277 891 2320 εβάλετο,

160 2327 204 2361 ἐσ
208 2328 298 2372 9ῆτί
317 2340 354 2362 τε
371 2327 492 2373 αὐτὴν
517 2324 809 2369 κατασκευάσας
826 2329 893 2360 καὶ

160 2373 322 2431 οκριὸσι
325 2388 360 2410 τι
385 2375 524 2423 ὑψηλῷ
546 2378 608 2409 καὶ
637 2372 773 2423 ἡρώων
798 2374 893 2408 εἴδε-

161 2434 234 2462 σιν,
259 2435 284 2455 α
274 2421 436 2468 γγελοις
454 2435 492 2457 τε
510 2425 575 2457 καὶ
593 2422 811 2478 ἐξαγγελοις
829 2424 893 2455 καὶ

162 2467 220 2512 οἷς
245 2471 307 2504 ἐπὶ
330 2471 481 2526 σκηνῆς
498 2482 537 2504 τε
554 2472 620 2504 καὶ
647 2468 720 2504 υπὸ
747 2470 895 2525 σκηνῆς

161 2515 457 2613 ’έὲἶγῗὲἕτῖἓὲζ
477 2513 895 2608 ἔίιῖἶὲχῗέιξ.”7-κῖἷωο

162 2621 344 2655 anumque
365 2613 477 2656 loqui]
495 2613 686 2668 Aristoph.
704 2612 797 2647 Ran
814 2614 893 2645 823.

163 2660 209 2694 de
257 2661 460 2707 Aeschylo·
510 2658 760 2707 βρυχώιιενος
808 2655 896 2702 ἥσει

159 2704 331 2751 ἿἏήματα
377 2708 634 2753 γομφοπαγῆ,
684 2703 896 2749 πινακηδὸν

162 2752 349 2789 ἀποσπῶν
387 2757 541 2800 Γηγενεῑ
577 2751 788 2798 φυσήιιατι.
838 2753 895 2787 Ad

939 814 1055 848 verba
1080 815 1178 849 conf.
1205 814 1281 850 Cic.
1308 815 1420 850 Tusc.
1447 818 1480 860 2,
1506 819 1571 860 24,
1606 818 1672 851 56:

940 863 1152 896 exclamare
1176 864 1307 896 maius.

987 958 1102 990 281-
1107 958 1186 991 284.
1212 959 1387 992 Successit
1411 960 1510 992 velus
1536 959 1589 991 his
1615 967 1673 992 co·

937 1005 1105 1047 moedia]
1147 1004 1324 1049 Thespidi
1362 1007 1476 1050 atque
1508 1005 1675 1051 Aeschy-

938 1050 974 1085 lo
1009 1054 1095 1085 ante
1122 1050 1207 1085 Chr.
1242 1054 1355 1086 525—
1361 1054 1442 1086 456.
1494 1051 1672 1088 Cratinus

939 1099 977 1142 (a
1002 1098 1087 1132 Chr.
1106 1100 1201 1132 519-
1205 1100 1305 1133 -422.
1308 1099 1335 1142 ),
1360 1099 1518 1144 Eupolis
1544 1100 1672 1143 (natus

938 1156 971 1179 a.
990 1145 1086 1188 446.)
1112 1146 1303 1191 huiusque
1329 1146 1501 1191 aequalis
1525 1146 1671 1181 Aristo—

937 1193 1100 1237 phanes3
1142 1204 1218 1227 non
1257 1195 1311 1226 his
1351 1193 1523 1239 „Satyris
1559 1196 1672 1238 atque

939 1240 1166 1285 tragoediae,
1171 1241 1188 1258 “
1224 1243 1266 1274 ut
1299 1243 1479 1275 enarrant
1504 1240 1671 1275 Scholia-

940 1289 1031 1322 stao.
1066 1287 1120 1321 De
1145 1290 1266 1324 vetere
1292 1289 1476 1322 comoedia
1501 1287 1569 1322 cfr.
1597 1286 1672 1343 Sat.

941 1336 1043 1377 1,4,
1071 1337 1102 1368 1.
1130 1354 1173 1358 —
1203 1335 1351 1369 libertas
1377 1335 1570 1378 eaecidilJ„
1575 1332 1673 1382 παρ-

939 1379 1058 1429 ῥησία
1075 1383 1218 1426 impetu
1237 1381 1398 1427 quodam
1424 1393 1492 1416 suo
1518 1367 1674 1427 delapsa

940 1432 997 1463 est
1029 1430 1069 1462 in
1103 1429 1383 1474 petulantiam.“
1434 1429 1518 1469 Qua
1549 1429 1595 1464 de
1629 1440 1671 1464 re

940 1477 1215 1532 conqueritur
1219 1477 1404 1511 Isocrates
1437 1476 1483 1511 de
1513 1476 1611 1511 Pace
1638 1477 1672 1520 ξ.

941 1526 1004 1557 14·
1068 1522 1146 1557 Οὐκ
1195 1535 1278 1557 εστι
1327 1521 1526 1572 παῤῥησία
1574 1522 1674 1567 πλὴν

939 1568 1077 1604 ενθάδε
1116 1570 1188 1614 μὲν
1237 1571 1301 1615 (ἐν
1342 1571 1551 1616 ἐκκλησίᾳ)
1593 1575 1674 1614 τοῖς

938 1616 1264 1666 αφρονεστάτοις,
1296 1618 1338 1652 ἐν
1370 1617 1410 1652 δὲ
1442 1618 1495 1665 τῷ
1526 1615 1673 1666 θεάτρῳ

940 1670 1020 1708 τοῖς
1053 1663 1472 1712 κωμῳδοδιδασκάλοις.
1523 1665 1599 1699 Cic.
1625 1665 1673 1700 de

938 1713 1031 1759 Rep.
1059 1716 1091 1756 4,
1120 1716 1181 1755 10,
1208 1715 1271 1747 33:
1298 1715 1402 1755 apud
1425 1722 1514 1754 quos
1538 1713 1672 1755 (Grae-

939 1770 997 1793 cos
1039 1760 1288 1804 antiquiores)
1329 1761 1400 1802 suit
1442 1761 1550 1793 etiam
1595 1760 1671 1800 leae

939 1816 1152 1849 concessum,
1179 1808 1333 1848 acquod
1354 1808 1461 1840 vellet
1487 1807 1673 1840 comoedia

939 1856 983 1887 de
1010 1863 1080 1895 quo
1104 1855 1211 1888 vellet
1238 1855 1517 1898 (praeterquam
1540 1853 1586 1887 de
1612 1865 1671 1892 ar-

940 1902 1095 1935 chonte:
1123 1900 1246 1935 Schol.
1264 1901 1455 1945 Aristoph.
1480 1900 1578 1934 Nub.
1598 1900 1671 1943 31.)

939 1950 1154 1982 nominatim
1179 1949 1325 1982 diceret.
1369 1949 1483 1990 Quem
1507 1949 1575 1981 illa
1599 1956 1675 1980 non

940 1997 1073 2038 allicit,
1098 1997 1157 2029 vel
1177 1996 1314 2038 potius,
1340 2004 1446 2037 quem
1463 2003 1537 2028 non
1560 2003 1673 2028 vexa-

939 2045 1018 2076 vit?
1044 2043 1103 2077 cui
1125 2044 1311 2085 pepercit?
1335 2062 1377 2066 —-
1404 2042 1491 2086 vim]
1518 2052 1562 2076 ea
1586 2052 1673 2086 pro·

940 2101 986 2136 pe
1006 2090 1292 2136 significatione,
1310 2101 1387 2135 qua
1404 2091 1564 2123 utuntur
1581 2088 1674 2132 ICti,

941 2139 1228 2180 qewaltsame
1282 2138 1545 2178 Verlelzunq
1595 2145 1674 2169 an-

941 2187 1086 2227 derer,
1129 2195 1225 2230 quae
1268 2195 1344 2218 non
1386 2194 1495 2219 secus
1536 2194 1579 2217 ac
1619 2184 1674 2216 vis

940 2234 1141 2266 hominibus
1191 2233 1344 2265 armatis
1386 2232 1562 2265 coactisve
1604 2231 1675 2263 civi

940 2281 1050 2313 illata
1083 2281 1165 2325 lege
1200 2279 1367 2313 coerceri
1400 2278 1576 2322 debebat.
1619 2277 1674 2312 Ac

941 2338 981 2361 re
1007 2338 1096 2361 vera
1121 2326 1305 2361 eiusmodi
1331 2327 1574 2369 ψηφίσματα
1597 2325 1674 2358 lata

941 2377 1031 2409 sunt
1064 2374 1110 2408 ab
1140 2373 1361 2408 Antimacho
1395 2375 1433 2407 et
1458 2371 1673 2417 Syracosi03

943 2432 1102 2467 quorum
1140 2423 1263 2455 tamen
1302 2413 1450 2465 tempus
1487 2420 1674 2453 incertum

943 2472 1017 2503 est:
1067 2469 1252 2502 fluctuant
1301 2468 1401 2502 enim
1452 2465 1673 2510 chronologi

941 2517 1041 2550 inter
1069 2515 1213 2561 Olymp.
1248 2517 1311 2557 90,
1345 2516 1378 2548 4.
1404 2516 1441 2548 et
1466 2513 1614 2555 Ol.94‚
1642 2515 1673 2545 1.

944 2565 1054 2604 (ante
1097 2563 1182 2596 Chr.
1225 2564 1312 2596 417-
1303 2541 1412 2618 ’ἑ404)
1455 2559 1590 2594 Suidas
1633 2558 1673 2592 in

940 2609 1170 2665 Ἀντίμαχος·
1199 2605 1324 2642 ἐδόκει
1349 2608 1462 2649 οὗτος
1479 2603 1674 2650 ψήφισμα

944 2658 1211 2712 πεποιηκέναι,
1257 2654 1313 2699 μή
1360 2654 1437 2688 δεῖν
1477 2651 1675 2699 κωμῳδεῖν

944 2704 985 2748 ἐξ
1010 2702 1203 2747 ὀνόματος
1236 2703 1350 2746 (alibi
1383 2700 1575 2757 ὀνομαστὶ
1598 2711 1675 2732 κω·

943 2751 1118 2798 αῳδεῖν),
1143 2751 1182 2785 id
1208 2753 1280 2792 est,
1311 2760 1380 2792 „ne
1408 2749 1493 2793 quis
1518 2747 1673 2792 proprio
