1774 2930
166 152 251 193 386
285 190 291 195 s

638 151 843 187 HORATII
867 152 1213 188 EPISTOLARUM

280 251 418 296 Deme
450 254 678 309 supercilio
710 253 892 308 nubem3
925 254 1177 311 plerumque
1209 256 1425 300 modestus

283 323 475 380 Occupat
505 325 675 366 obscuri
707 325 915 380 speciem,

946 326 1181 368 taciturnus
1213 327 1370 370 acerbi.
1623 331 1678 371 95

281 395 398 438 Inter
429 398 579 438 cuncta
609 395 727 451 leges
761 399 803 438 et
833 397 1139 452 percontabere
1170 398 1336 452 doctori,

284 465 380 515 Qua
408 467 572 509 ratione
604 481 734 522 queas
766 467 987 510 traducere
1018 468 1173 512 leniter
1203 484 1375 523 aevum3

282 536 396 580 Num
426 541 470 580 te
502 552 671 594 semper
701 538 826 594 inops
858 539 992 594 agitet
1021 544 1235 596 vexetque
1268 541 1441 597 cupido,

281 608 395 651 Num
426 623 558 665 pavor
590 613 632 651 et
663 623 805 652 rerum
836 609 1107 653 mediocriter
1138 611 1307 653 utilium
1340 626 1462 668 spes3

260 741 316 773 98.
331 741 387 773 99.
412 741 467 774 Ne
480 758 495 764 -
509 758 523 764 -

166 907 315 939 Potores
342 907 373 939 b.
391 914 437 938 m.
462 907 504 939 de
527 915 562 939 n.
580 907 619 938 F.
645 905 808 950 positum
836 905 900 939 ad-

166 953 316 987 modum
342 954 507 998 languet.
555 952 686 997 Itaque
711 955 828 986 totum
854 953 900 986 il-

165 1000 243 1034 lum
277 1011 426 1035 versum
464 1002 507 1034 ut
539 1000 646 1034 valde
684 1002 899 1044 suspectum

166 1047 404 1082 seclusimus.
420 1066 467 1071 -—
484 1047 556 1081 Vel
580 1050 733 1092 propter
756 1047 848 1091 Epp.
869 1050 899 1089 1,

168 1096 231 1138 14,
259 1097 314 1128 34.
348 1095 463 1129 verba
487 1097 635 1128 Potores
666 1098 735 1128 cet.
761 1094 806 1128 ab
839 1095 899 1137 iis,

166 1143 304 1187 quibus
329 1143 536 1177 Horatiana
560 1143 750 1184 videntur,
785 1141 902 1186 expli-

167 1189 288 1225 canda
320 1192 409 1224 sunt
443 1189 573 1232 „avidi
606 1189 683 1223 vini
717 1189 898 1223 Falerni“

165 1238 303 1282 potius,
322 1248 450 1282 quam:
470 1238 619 1270 Potores
634 1238 747 1270 bibuli
763 1236 900 1279 (acres)

167 1287 320 1319 oderunt
355 1284 432 1328 (te)
457 1287 689 1318 recusantem
721 1285 902 1318 eoesiccare

163 1333 300 1374 pocula
316 1333 467 1366 Falerni
489 1333 554 1365 tibi
576 1334 641 1365 sub
658 1333 814 1365 mediam
838 1339 902 1364 no-

168 1382 257 1414 ctem
292 1381 476 1421 porrecta.
527 1379 675 1421 (Media
716 1380 759 1413 de
801 1381 902 1412 nocte

168 1427 355 1472 significat
383 1438 471 1471 „per
496 1426 641 1460 mediae
668 1426 791 1460 noctis
814 1428 904 1459 tem—

167 1475 291 1519 pus.“)
313 1494 354 1498 —
373 1474 542 1516 vapores]
570 1477 725 1516 „aestus
751 1475 904 1507 noctur-

168 1523 279 1564 nos“,
308 1522 590 1564 Wallunqen,
621 1524 663 1555 ut
687 1521 904 1555 etiamnunc

169 1569 269 1603 Galli
296 1572 334 1603 et
356 1569 442 1603 Itali
471 1570 518 1602 les
535 1578 707 1611 vapeurs,
733 1569 903 1610 ivapori.

170 1616 279 1656 Quod
304 1616 477 1661 plerique
504 1615 618 1650 Godd.
645 1616 824 1650 exhibent
854 1618 904 1649 le-

166 1673 285 1706 pores,
312 1664 444 1708 utique
467 1663 594 1697 minus
612 1666 739 1707 aptum
758 1673 904 1705 censeo,

170 1712 260 1756 quia
293 1713 329 1745 et
361 1722 429 1755 per
465 1722 503 1745 se
538 1711 650 1745 nimis
684 1710 904 1755 languidum

170 1761 226 1793 est
243 1761 281 1792 et
298 1761 435 1792 statum
451 1758 617 1792 hominis
638 1768 793 1802 prorsus
811 1757 905 1799 sani,

171 1817 218 1839 ne
236 1806 324 1839 vino
343 1805 494 1850 quidem
512 1805 788 1849 aliquantulum
809 1804 906 1838 cale-

170 1853 272 1894 facti,
300 1853 485 1897 exprimit.
521 1851 633 1895 (Cels.
660 1854 692 1894 3,
719 1853 758 1884 6:
788 1852 906 1892 Opor—

171 1902 220 1933 tet
244 1901 337 1933 scire
363 1908 437 1933 non
460 1900 666 1940 febricitare
686 1907 776 1940 cum,
804 1899 906 1931 cuius

170 1956 284 1980 venae
319 1943 541 1980 naturaliter
578 1947 771 1980 ordinatae
812 1947 907 1987 sunt,

173 1997 427 2036 teporque
462 1995 549 2027 talis
584 1995 652 2035 est,
688 1994 807 2034 qualis
835 2001 907 2025 esse

171 2043 273 2075 sani
295 2042 410 2085 solet.)
437 2040 567 2075 Ortum
587 2041 733 2074 videtur
753 2051 798 2074 ex
813 2040 909 2074 falsa

173 2089 483 2133 interpretatione
517 2087 621 2122 verbi
655 2096 807 2129 vapores
838 2087 908 2121 hac

173 2136 318 2171 febrilis
337 2138 462 2170 aestus
487 2135 759 2181 significatione
783 2135 908 2169 minus

174 2184 317 2218 usitati.

223 2256 279 2288 94.
306 2256 361 2288 95.
387 2254 532 2296 nubem]
560 2253 774 2296 „tristitiam
791 2263 834 2287 ac
853 2263 910 2286 se·

176 2302 368 2336 veritatem
407 2311 491 2334 cum
533 2300 691 2345 quadam
732 2300 911 2334 iactantia

177 2349 450 2383 coniunctam.“
470 2349 666 2392 Frequens
681 2348 813 2392 imago.
833 2347 910 2381 Cic.

177 2396 217 2429 in
244 2396 319 2430 Pis
347 2398 379 2438 9,
407 2397 475 2429 20.
500 2396 735 2437 supercilium
760 2397 888 2428 tuum-

177 2444 309 2484 sronlis
343 2445 427 2476 luae
461 2431 686 2476 nubeculam.
738 2442 911 2497 Sophocl.

178 2489 303 2535 Antig.
319 2492 403 2523 528:
422 2489 575 2533 Νεφέλη
593 2488 623 2521 δ’
643 2486 802 2543 ὀφρύς»
820 2484 912 2535 ὕπερ

179 2533 364 2580 αἱματόεν
390 2534 519 2577 Ῥέθος
549 2533 733 2576 αἰσχύνει.
781 2535 912 2590 Eurip.

179 2584 441 2629 Hippol.173:
479 2581 647 2627 Στυγνὸν
685 2583 716 2616 δ’
754 2580 913 2629 ὀφρύων

180 2634 300 2674 νέφος
347 2627 562 2674 αὐξάνεται.
608 2650 650 2654 -
698 2632 912 2673 plerumque

180 2679 265 2722 cet]
294 2678 444 2723 „Saepe,
470 2678 534 2723 qui
561 2688 601 2711 re
622 2689 710 2712 vera
734 2680 913 2712 modestus

182 2729 248 2768 est,
276 2726 423 2760 videtur
450 2727 631 2768 obscurus,
659 2725 696 2759 id
723 2728 798 2766 est,
824 2736 914 2771 κρυ-

538 741 591 774 Ne
616 738 705 781 LCt,
730 739 927 774 Bentleius
954 736 1046 774 et’s.
1073 740 1358 781 (Num--Num
1384 742 1503 776 nostri
1527 742 1633 776 bSEc

213 790 248 821 et
265 787 439 821 Pottierii
457 788 642 832 plerique,
669 789 937 821 Nunc--Nunc
954 799 990 832 p,
1016 789 1097 822 Non

1107 807 1144 814 --
1154 790 1237 822 Non
1253 788 1277 822 d
1295 791 1333 823 et
1348 789 1522 823 Pottierii
1540 790 1632 833 seX.)

949 907 1101 948 ψίνους,
1119 906 1271 941 minime
1289 910 1440 951 apertus
1458 909 1495 941 et
1513 906 1682 952 simplex,

950 953 1015 987 sed
1042 954 1107 998 qui
1140 954 1294 988 intimos
1327 965 1414 989 suos
1449 965 1582 989 sensus
1609 955 1683 988 cal-

948 1000 1024 1034 lide
1040 1002 1198 1044 occulat,
1216 1003 1420 1036 taciturnus
1433 1012 1567 1036 rursus
1582 1010 1683 1035 acer-

949 1049 1029 1089 bus,
1063 1048 1187 1082 animo
1220 1060 1242 1083 a
1266 1051 1418 1093 potente
1444 1048 1562 1083 amico
1588 1049 1682 1083 clam

949 1096 1112 1129 averso.“
1166 1095 1243 1129 Cic.
1268 1096 1314 1129 de
1340 1095 1446 1130 Offio.
1472 1099 1504 1138 3,
1533 1098 1587 1138 15,
1614 1098 1683 1130 57:

948 1143 1028 1175 Hoc
1063 1144 1184 1176 autem
1217 1144 1361 1176 celandi
1393 1152 1506 1184 oenus
1531 1161 1546 1167 -
1571 1162 1586 1168 -
1611 1152 1684 1176 non

950 1191 1086 1232 aperti,
1112 1198 1186 1223 non
1208 1191 1398 1233 simplicis,
1423 1199 1498 1223 non
1521 1191 1683 1232 inqenui,

950 1245 1024 1269 non
1047 1238 1149 1279 iusti,
1176 1245 1249 1270 non
1272 1238 1346 1270 viri
1370 1238 1455 1270 boni
1479 1237 1580 1280 (est),
1602 1245 1683 1270 ver-

950 1284 1024 1316 suti
1045 1285 1177 1326 polius,
1204 1285 1399 1326 obscuri,
1425 1285 1546 1327 astuti,
1571 1284 1684 1326 salla-

952 1332 1020 1373 cis,
1057 1332 1250 1374 malitiosi,
1284 1332 1427 1374 callidi,
1458 1332 1684 1373 veteratoris,

951 1379 1062 1420 vafri.
1104 1378 1255 1413 Tacitus
1280 1378 1368 1424 Agr.
1395 1380 1459 1412 42:
1484 1379 1686 1412 Domitiani

952 1427 1219 1467 natura--quo
1245 1427 1442 1469 obscurior,
1477 1434 1517 1459 eo
1541 1427 1687 1459 irrevo-

952 1474 1116 1506 cabilior.
1136 1493 1178 1497 ——
1197 1473 1332 1518 acerbi]
1361 1473 1460 1518 „qui,
1486 1472 1685 1507 dummodo

952 1522 1101 1564 posset,
1148 1520 1310 1555 libenter
1352 1523 1388 1555 te
1429 1520 1686 1565 vituperaret:

953 1577 1056 1601 nunc
1091 1568 1221 1602 saltem
1261 1578 1338 1602 non
1375 1567 1443 1602 tibi
1480 1566 1686 1612 applaudit,

954 1615 1020 1649 sed
1045 1625 1191 1650 morose
1218 1615 1351 1650 tacet.“
1400 1614 1562 1649 Merkel:
1600 1615 1687 1647 Lass

954 1664 1049 1695 nicht
1076 1664 1226 1696 Wolken
1250 1663 1463 1696 umdiletcrn
1486 1663 1544 1695 die
1568 1662 1686 1701 stim,-

953 1710 1018 1742 der
1044 1711 1282 1744 Bescheidene
1306 1711 1462 1744 scheinel
1488 1710 1549 1751 on
1580 1709 1688 1741 heim-

954 1758 1131 1799 tuclcisch,
1165 1759 1229 1790 der
1253 1758 1504 1798 Schweiaende
1534 1756 1599 1797 aill
1631 1756 1688 1787 als

955 1805 1100 1836 bitterer
1126 1805 1270 1837 Tadler.

1002 1877 1045 1908 96
1063 1893 1105 1898 —
1121 1876 1177 1908 99.
1210 1876 1313 1907 Inter
1337 1876 1468 1906 cuncta
1493 1873 1577 1916 cet]
1602 1872 1687 1907 Noli

955 1920 1199 1965 interpretari
1214 1921 1274 1955 vel
1293 1931 1403 1965 „prae
1417 1920 1553 1955 ceteris
1571 1919 1688 1954 omni-

956 1968 1077 2010 bus,“
1111 1968 1172 2002 vel
1205 1969 1285 2002 bei
1317 1969 1425 2002 alle
1458 1969 1584 2011 dem3
1622 1967 1689 2001 sed

955 2018 998 2049 ut
1021 2017 1115 2048 inter
1141 2017 1228 2049 haec
1253 2017 1311 2050 est
1343 2015 1446 2057 „hoc
1470 2014 1687 2059 tempore,“

956 2063 1009 2097 ita
1032 2064 1130 2096 inter
1154 2065 1296 2105 cuncta,
1324 2061 1455 2105 „omni
1480 2060 1688 2107 temporest

959 2111 1028 2152 „in
1067 2120 1294 2155 quacunque
1332 2109 1555 2144 condicione
1593 2109 1692 2142 vitae

957 2157 1071 2191 huius
1081 2158 1180 2202 apud
1193 2159 1383 2202 potentem
1396 2152 1556 2191 a'micum
1571 2158 1692 2190 trans·

958 2208 1062 2239 actae
1082 2205 1159 2238 noli
1177 2205 1295 2239 multo
1314 2205 1464 2249 gravius
1482 2207 1594 2248 atque
1620 2202 1693 2236 uti-

958 2253 1033 2286 lius
1048 2262 1158 2286 verae
1177 2252 1383 2296 sapientiae
1403 2250 1569 2285 studium
1587 2250 1692 2284 omit-

959 2302 1038 2333 tere
1057 2302 1094 2334 et
1111 2298 1317 2333 oblivisci.“
1333 2318 1376 2322 —
1393 2298 1500 2341 leqes]
1526 2297 1692 2342 philoso-

958 2347 1119 2391 phorum
1137 2346 1278 2390 scripta
1301 2348 1339 2380 et
1357 2346 1617 2387 percontabere
1635 2354 1692 2378 sa-

959 2394 1106 2438 pientes
1139 2393 1297 2435 amicos,
1333 2401 1421 2427 num
1453 2394 1490 2426 te
1523 2391 1623 2426 lucri
1656 2393 1693 2425 et

959 2441 1148 2486 potentiae
1160 2441 1355 2485 cupiditas,
1366 2439 1427 2474 cui
1436 2449 1581 2484 semper
1589 2438 1694 2472 deest

960 2488 1105 2532 aliquid
1122 2490 1160 2522 et
1184 2498 1279 2531 quae
1301 2497 1495 2532 nunquam
1509 2486 1691 2530 expletur

959 2536 1101 2581 agitare
1144 2535 1296 2577 debeat,
1345 2545 1393 2568 an
1430 2533 1504 2568 alia
1543 2531 1693 2566 vivendi

960 2582 1055 2617 ratio
1093 2581 1252 2626 reperiri
1292 2583 1405 2625 queat
1443 2580 1558 2614 multo
1592 2582 1693 2613 tran-

961 2629 1398 2711 332¹¹23;⁸⁰..{⁶.¹¹05332.
1405 2636 1695 2708 ῬἭὲἕοέῗὲ

962 2688 1054 2757 nuni,
1100 2724 1212 2768 poeta
1260 2721 1445 2767 significat
1492 2723 1695 2767 negaturos
