1774 2930
119 147 201 191 182

614 133 822 184 HORATII
847 149 1133 185 SATIRARUM

233 249 411 292 Mobilia
443 254 485 292 et
517 264 645 292 caeca
675 250 889 292 fluitantia
920 255 1035 294 sorte
1066 252 1232 294 laboret

232 320 431 364 Reddere
463 325 578 364 certa
609 321 704 375 sibi,
735 321 869 363 nihilo
901 322 999 378 plus
1030 323 1231 379 explicet,
1264 338 1314 365 ac
1346 308 1383 365 si

1551 325 1641 366 270

231 392 425 435 Insanire
455 396 579 448 paret
610 396 727 435 certa
757 392 924 435 ratione
956 393 1181 450 modoque.

234 462 359 517 Quid,
393 478 488 505 cum
518 463 692 505 Picenis
725 478 961 520 excerpens
994 465 1160 507 semina
1190 465 1329 521 pomis

235 534 420 588 Gaudes,
454 535 490 576 si
523 549 732 576 cameram
763 536 951 590 percusti
985 535 1107 589 forte,
1139 550 1274 592 penes
1306 540 1350 578 te
1382 536 1462 578 es?

234 605 360 659 Quid,
394 620 489 647 cum
519 605 648 648 balba
679 605 780 648 feris
814 620 975 648 annoso
1006 607 1325 663 verba'palato,

231 676 499 719 Aedificante
531 690 651 719 casas
683 677 754 733 qui
788 677 963 719 sanior?
994 676 1119 720 Adde
1150 691 1343 720 cruorem

1552 678 1638 719 275

233 747 450 790 Stultitiae
473 751 601 804 atque
622 747 768 804 ignem
790 748 932 804 gladio
956 752 1160 791 scrutare.
1193 748 1336 802 Modo,
1358 749 1558 805 inquam,

210 868 290 900 276.
331 870 508 900 scrutare.

558 868 686 909 Modo,
720 867 891 909 inquam,
926 867 1087 900 Hellade
1119 866 1218 909 Lct,
1255 866 1473 909 Bentleius,
1510 866 1588 900 FJ:

160 916 329 947 scrutare
353 915 470 956 modo,
495 915 657 955 inquam.
707 915 864 948 Hellade
891 924 977 947 cum
1003 914 1089 948 aliis
1115 913 1163 948 M.
1191 915 1381 956 (scrutare
1406 915 1524 956 modo,
1550 915 1591 947 in

162 970 267 1002 quem
293 962 452 995 Hellade
476 961 626 995 Franke
651 963 752 995 Fasti
778 963 909 994 Horat.
935 972 971 1006 p.
1001 961 1096 1004 115.)

113 1068 272 1101 Ratione
307 1071 406 1101 certa
439 1069 579 1110 sace-re,
617 1068 731 1100 nihilo
766 1069 851 1109 plus

114 1123 205 1155 aqas
233 1115 351 1156 Quam
376 1116 408 1148 si
433 1117 494 1148 des
521 1123 679 1157 operam,
704 1117 745 1148 ul
772 1123 852 1148 cum

113 1163 261 1195 ratione
285 1164 462 1196 insanias,
490 1182 533 1187 —-
561 1162 730 1205 explicet]
767 1173 852 1205 „ea,

115 1220 213 1253 quae
231 1209 409 1243 intricata
427 1212 535 1252 sunt3
549 1210 566 1227 “
595 1235 611 1252 „
626 1209 723 1243 nihil
742 1220 852 1254 expe·

115 1256 211 1298 diat,
244 1257 452 1301 proficiat.“
506 1256 583 1290 Cic.
609 1256 656 1291 ad
691 1256 791 1290 Fam.
820 1258 851 1299 3,

115 1305 156 1345 2,
185 1307 200 1337 1
219 1315 226 1337 :
251 1306 479 1345 provinciam
493 1323 507 1328 -
522 1323 536 1328 -
552 1313 663 1344 quam
692 1306 852 1337 maxime

113 1352 203 1383 milii
228 1354 354 1393 aptam
376 1353 670 1393 explicatamque
694 1352 852 1385 tradere.

117 1418 159 1422 —
187 1398 245 1441 ac]
285 1399 392 1432 Conf.
417 1398 536 1444 Epod.
573 1401 636 1441 12,
671 1401 725 1432 14.
778 1399 852 1432 Sat.

117 1448 147 1487 1,
175 1448 206 1488 6,
236 1448 313 1480 130.

164 1495 332 1527 272-275.
352 1493 508 1536 Picenis]
534 1494 578 1527 In
596 1493 737 1528 Piceno
758 1493 854 1538 opti-

114 1551 174 1574 ma
214 1540 298 1585 pira
340 1543 376 1574 et
417 1551 526 1587 poma
569 1541 852 1585 proveniebant.

116 1587 192 1622 Sat.
219 1589 256 1628 2,
283 1591 322 1630 4,
350 1590 405 1622 80.
447 1588 575 1621 Iuven.
605 1590 664 1628 11,
692 1590 759 1622 74:
786 1589 854 1621 Ae-

115 1636 219 1669 mula
237 1637 379 1669 Picenis
405 1638 438 1669 el
456 1637 578 1669 odoris
603 1637 706 1668 mala
731 1644 854 1669 recen-

116 1684 171 1716 lis.
190 1703 235 1706 —
249 1683 426 1725 percusti]
446 1682 553 1717 Conf.
572 1694 603 1716 v.
624 1684 702 1716 168.
718 1689 761 1706 -·-
775 1682 852 1716 Ioci

118 1740 234 1764 causa
271 1733 439 1764 amantes
476 1741 672 1774 pomorum
712 1730 855 1763 semina

118 1777 193 1811 uda
218 1777 378 1811 duorum
409 1777 618 1821 primorum
650 1777 854 1821 digitorum

119 1835 338 1869 compressu
366 1828 403 1858 et
428 1825 593 1869 impulsu
623 1824 709 1858 ideo
735 1825 775 1857 in
802 1824 855 1857 al-

117 1875 196 1906 tum
214 1871 385 1917 agebant,
404 1875 446 1905 ut
463 1872 563 1913 inde,
582 1871 614 1905 si
628 1871 771 1906 semina
787 1870 854 1905 illa

117 1919 164 1953 ad
179 1926 363 1953 cameram
380 1919 585 1961 (conclavis
603 1919 773 1963 laquear)
793 1930 854 1952 us-

120 1978 191 2011 qne
224 1967 485 2008 exsiluissent,
517 1967 682 2000 faustum
717 1967 854 2000 amoris

119 2014 178 2048 sui
205 2014 406 2059 augurium
433 2016 622 2059 caperent.
661 2013 796 2047 Pollux
823 2016 855 2053 9,

122 2064 199 2095 128.
221 2081 262 2084 —
279 2071 389 2103 penes
416 2062 464 2105 le]
495 2064 581 2105 „tua
599 2061 637 2094 in
656 2063 855 2106 potestate,

119 2119 232 2143 sanae
258 2109 427 2143 mentis.“
447 2129 492 2133 —
510 2108 613 2151 seris]
642 2119 755 2151 „cum
782 2109 854 2142 iam

118 2157 270 2190 vetulus
296 2157 418 2199 balba,
443 2160 485 2190 ut
511 2157 634 2190 solent
660 2159 856 2197 amatores,

119 2204 234 2237 verba
271 2204 453 2248 profers.“
504 2203 710 2237 Feriuntur
749 2204 855 2248 quasi

119 2251 245 2293 verba,
264 2262 348 2284 cum
367 2263 388 2286 a
405 2251 530 2296 palato
547 2251 856 2295 repercutiuntur

120 2298 264 2342 hacque
279 2298 590 2342 pronuntiatione
610 2299 780 2332 affectata
798 2309 856 2332 so-

120 2355 194 2379 nus
229 2356 358 2379 eorum
394 2346 623 2379 debilitatur.
651 2366 695 2369 —
721 2346 856 2387 Aedifi-

121 2395 226 2425 canle
254 2394 371 2436 casas]
400 2393 474 2426 Cfr.
500 2404 533 2426 v.
561 2394 642 2426 247.

170 2441 250 2473 275.
292 2442 371 2473 276.
422 2442 523 2473 Adde
565 2449 729 2474 cruorem
773 2440 860 2482 cet]

124 2486 252 2530 „Adde
267 2487 379 2521 stulto
395 2490 458 2521 tuo
474 2487 591 2521 amori
608 2488 708 2521 rixas
723 2498 858 2521 cruen-

123 2536 199 2576 tas,
235 2534 364 2579 quales
391 2534 491 2568 inter
517 2535 654 2568 rivales
681 2535 773 2568 oriri
801 2545 858 2568 so·

122 2581 235 2615 lent.“
286 2581 343 2615 De
383 2584 520 2622 morte,
564 2592 674 2626 quam
716 2584 858 2616 amator

125 2628 194 2662 sibi
220 2629 301 2673 ipse
329 2628 559 2670 consciscat,
593 2629 709 2662 nolim
742 2630 858 2663 inter-

124 2676 264 2720 pretari
299 2687 383 2710 cum
415 2676 631 2720 Boettigero
667 2675 803 2720 Opusc.
829 2675 859 2708 I.

124 2735 159 2767 p.
187 2725 267 2757 277.
295 2743 333 2747 —r
363 2725 485 2765 ionem
510 2724 632 2764 eladio
656 2723 748 2766 sen]
787 2723 858 2768 Py-

901 1067 1136 1112 thagoricum
1176 1071 1256 1101 erat
1294 1067 1527 1112 symbolum:
1566 1066 1641 1113 πῦρ

900 1117 1076 1162 μαχαίρᾳ
1116 1112 1172 1158 μὴ
1215 1113 1415 1148 σκαλεύει-ι’
1456 1114 1639 1159 (Diogen.

900 1161 1026 1196 Laert.
1053 1164 1093 1206 8,
1129 1165 1171 1196 17
1207 1173 1284 1207 seq.
1309 1162 1446 1196 Athen.
1477 1160 1524 1195 X.
1557 1162 1639 1195 452.

902 1209 972 1253 d.);
1007 1221 1082 1254 quo
1108 1209 1289 1243 Horatius
1323 1209 1524 1255 negatione
1551 1208 1639 1243 sub-

902 1257 977 1290 lata
1003 1257 1055 1291 ita
1073 1258 1204 1300 utitur,
1231 1257 1340 1301 quasi
1358 1257 1477 1290 dicat:
1506 1255 1641 1298 „turba

903 1306 940 1338 et
955 1304 1142 1348 permisce
1158 1304 1300 1347 omnia3
1319 1303 1473 1338 insanos
1492 1303 1642 1337 concita

903 1352 1122 1385 tumultus.“
1151 1370 1194 1375 -
1219 1353 1398 1385 scrutare.
1431 1352 1559 1393 Modo,
1585 1351 1641 1383 ιἠ·

903 1408 1034 1441 quam,
1066 1400 1248 1442 Hellade]
1285 1398 1346 1433 Sic
1374 1397 1528 1432 distinxi
1556 1408 1640 1431 cum

902 1446 1074 1480 Bentleio
1110 1446 1294 1490 aliisque(
1331 1444 1501 1488 Etenim,
1537 1447 1642 1489 post-

904 1504 1014 1538 quam
1047 1505 1104 1527 vv.
1131 1495 1315 1528 272-275.
1338 1492 1541 1534 stultitiae,
1575 1491 1641 1527 sed

903 1543 1028 1575 tamen
1060 1541 1276 1575 innocentis
1309 1540 1479 1585 exempla
1501 1550 1642 1584 propo—

904 1589 997 1630 suit,
1022 1599 1090 1634 per
1115 1587 1374 1633 gradationem
1399 1587 1570 1632 procedit
1594 1586 1641 1620 ad

903 1635 1007 1669 aliud
1025 1636 1165 1669 furoris
1188 1634 1409 1680 perniciosi,
1433 1634 1550 1668 veluti
1575 1633 1642 1667 ho-

903 1682 1044 1716 micidii
1089 1683 1135 1716 ob
1173 1681 1404 1725 ζηλοτυπίαν
1441 1680 1641 1723 commissi,

902 1730 972 1763 hac
992 1729 1172 1763 orationis
1198 1729 1319 1763 forma
1345 1739 1460 1763 usus:
1489 1727 1642 1772 „Nugis‚

905 1787 998 1820 quas
1018 1777 1245 1819 enumeravi,
1269 1775 1364 1810 adde
1380 1777 1455 1810 iam
1471 1775 1643 1809 facinora

905 1826 1080 1866 cruenta,
1115 1824 1162 1858 ad
1188 1834 1283 1869 quae
1311 1823 1499 1857 violentae
1525 1822 1641 1857 animi

902 1871 1208 1915 perturbationes
1245 1870 1417 1905 homines
1459 1869 1641 1915 instigare

905 1918 1046 1962 solent3
1073 1919 1128 1952 uti
1153 1920 1260 1952 modo
1287 1918 1465 1962 (nuper),
1490 1919 1642 1957 inquam
1678 1920 1681 1921 ’

906 1966 1004 2010 (quo
1047 1966 1114 1999 tibi
1160 1968 1290 1999 notum
1340 1964 1550 2010 exemplum
1600 1962 1640 1996 in

904 2013 1121 2047 memoriam
1162 2011 1374 2046 revocando
1417 2011 1640 2046 sententiam

905 2071 1024 2095 meam
1042 2060 1181 2094 clarius
1199 2059 1309 2094 etiam
1329 2059 1541 2104 exponam),
1566 2057 1644 2092 Ma-

904 2108 984 2142 rius
1009 2108 1075 2141 ille
1100 2106 1259 2141 Hellade
1285 2106 1470 2140 trucidata
1494 2117 1534 2140 se
1558 2106 1642 2150 ipse

905 2155 1123 2190 interfecit:
1156 2154 1239 2195 hic,
1272 2154 1486 2199 interrogo,
1519 2152 1643 2187 fuitne

906 2204 1071 2245 cerritus,
1090 2202 1258 2243 insanus,
1277 2213 1324 2236 an
1344 2201 1470 2235 iudice
1487 2203 1524 2234 te
1537 2210 1642 2234 men—

906 2250 953 2284 tis
987 2250 1141 2294 quidem
1176 2259 1348 2294 compos,
1383 2247 1448 2283 sed
1482 2247 1644 2282 scelera-

906 2298 992 2331 tus?
1027 2297 1111 2331 Mea
1143 2307 1232 2331 sane
1260 2307 1305 2330 ex
1331 2295 1518 2330 sententia
1542 2294 1642 2328 insa-

906 2355 979 2378 nus
1004 2344 1110 2378 fuit.“
1155 2343 1204 2377 At
1227 2353 1316 2376 vero
1343 2343 1397 2376 ita
1419 2343 1563 2376 mutata
1587 2339 1643 2374 di-

907 2392 1130 2425 stinctione:
1165 2392 1286 2432 ionem
1319 2390 1443 2432 gladio
1473 2390 1642 2422 scrutare

905 2441 1030 2482 modo,
1056 2440 1226 2479 inquam.
1276 2438 1436 2470 Hellade
1467 2443 1642 2478 percussa

907 2489 976 2520 cet.
1019 2486 1130 2531 longe
1172 2484 1282 2518 aliter
1330 2484 1456 2518 locum
1498 2481 1642 2526 accepit

907 2534 1028 2567 Voss:
1053 2534 1130 2566 und
1149 2533 1268 2565 Feuer
1290 2532 1355 2564 mil
1379 2531 1486 2565 Slahl
1511 2530 1642 2563 darch-

906 2582 1023 2615 wilhle
1049 2581 1156 2622 doch,
1188 2587 1254 2620 saa
1277 2580 1358 2612 ich!
1394 2578 1557 2618 Marius,
1584 2576 1642 2609 als

909 2637 949 2661 er
965 2629 1023 2661 die
1039 2627 1170 2660 Hellas
1188 2625 1416 2666 durchslach,
1436 2624 1513 2658 und
1530 2624 1642 2656 herai)

907 2684 989 2709 vom
1015 2675 1167 2715 Geklipp
1190 2681 1338 2715 spranq,
1373 2671 1463 2705 War
1485 2671 1557 2704 ihm
1583 2679 1643 2712 qe-

908 2723 1078 2763 schlaqen
1116 2723 1183 2754 der
1216 2721 1313 2753 Geisc
1345 2727 1415 2753 von
1449 2717 1642 2751 [Ineter-bli-
