1774 2930
618 137 713 172 Lm.
738 137 768 172 L
817 136 970 171 EPIST.
994 136 1079 172 ΧΠ.

1523 139 1610 180 335

210 239 257 282 Si
285 239 424 282 ventri
454 239 585 292 bene,
617 239 655 280 si
685 238 810 281 lateri
842 242 908 280 est
939 237 1207 294 pedibusque
1238 238 1347 291 tuis,
1380 238 1440 279 nil
1583 241 1608 280 5

207 309 399 352 Divitiae
427 313 627 366 poterunt
656 309 833 365 regales
855 307 1013 351 addere
1045 308 1199 350 maius.

181 367 190 375 ⁷
211 380 259 423 Si
287 379 397 423 forte
426 380 471 422 in
500 379 641 422 medio
672 380 907 436 positorum
937 379 1172 422 abstemius
1203 378 1348 422 herbis

209 450 333 493 Vivis
363 455 407 494 et
436 451 593 504 urtica,
626 451 687 492 sic
717 451 836 492 vives
868 451 1083 506 protinus,
1113 453 1162 491 ut
1190 453 1235 492 te

211 521 446 564 Confestim
476 521 663 577 liquidus
692 520 910 563 Fortunae
939 521 1056 562 rivus
1087 521 1274 573 inauret,

210 591 294 634 Vel
323 592 424 648 quia
452 596 649 634 naturam
680 596 845 633 mutare
878 591 1060 647 pecunia
1089 591 1244 644 nescit,

1557 594 1609 634 10

191 717 222 748 8.
246 715 412 757 protinus
435 713 583 748 bSch:
606 717 780 755 proteum
804 724 889 748 cum
914 713 1107 758 plerisque
1132 712 1226 749 Edd.
1250 713 1298 747 Μ.

95 816 234 848 cultum
266 818 299 847 σε
336 815 387 848 ad
421 815 565 848 victum.
614 813 827 858 Opponitur

95 870 183 895 usus
219 861 417 906 mancipio.
466 860 544 895 Cic.
577 860 624 894 ad
657 861 758 895 Fam.
793 862 827 902 7,

96 910 162 942 30:
202 909 376 950 Atticum,
409 909 512 942 cuius
542 909 717 949 quomam
738 916 826 949 pro-

91 956 217 996 prium
249 957 282 988 te
316 963 390 988 me
420 956 547 988 scribis
578 956 762 996 mancipio
794 957 826 987 el

95 1010 209 1041 nexo,
243 1010 365 1035 meum
387 1004 511 1036 aulem
535 1010 605 1035 usa
630 1005 664 1035 el
687 1003 825 1043 fructu,

94 1051 284 1082 contemnas
317 1050 389 1082 islo
419 1057 511 1082 sum.
563 1049 608 1082 Id
641 1050 737 1081 enim
774 1051 825 1082 est

96 1096 269 1136 caiusque
304 1097 517 1138 proprium,
559 1103 631 1136 quo
673 1096 826 1136 quisque

93 1143 234 1184 mitur
268 1144 376 1183 alque
411 1144 541 1176 autur.
590 1142 698 1176 Conf.
731 1142 825 1187 Epp.

95 1190 204 1231 2,2,
238 1191 304 1224 158
338 1201 420 1234 sqq.
448 1208 490 1213 —
515 1191 555 1223 Si
587 1191 707 1222 ventri
740 1189 825 1233 cet]

96 1235 303 1290 Theognis
310 1229 590 1271 v.719.100'v
623 1247 684 1270 τοι
709 1235 826 1270 πλου-

95 1282 245 1324 τοῦσιν,
277 1277 356 1337 ότῳ
380 1281 498 1325 πολὺς
523 1279 692 1337 ἄργυρός
722 1283 826 1316 ἐστιν

95 1329 172 1362 Καὶ
207 1327 352 1385 χρυσὸς
389 1332 453 1363 καὶ
489 1330 561 1384 γῆς
598 1328 825 1377 πυροφόρου

96 1375 224 1432 πεδία,
253 1372 389 1410 Ἵπποι
416 1377 451 1408 θ’
486 1374 645 1420 ἡμίονοί
670 1387 729 1415 τε,
760 1379 827 1410 καὶ

95 1414 128 1468 ᾧ
159 1420 207 1456 τὰ
239 1422 377 1457 δέοντα
409 1420 590 1470 πάρεστιν
614 1424 757 1479 Γαστρι
787 1435 826 1457 τε

94 1471 162 1503 καὶ
187 1469 366 1525 πλευραῖς
395 1472 463 1504 καὶ
487 1472 603 1504 ποσὶν
626 1467 731 1525 ἁβρὰ
755 1482 828 1504 πα-

95 1517 180 1550 θεῖν
210 1514 356 1559 Παιδός
391 1519 421 1550 τ’
453 1515 521 1561 ἠδὲ
552 1515 745 1561 γυναικός
780 1538 823 1542 -

92 1563 269 1607 pedibas]
303 1564 479 1610 Intellige
512 1564 628 1609 pedes
661 1565 827 1610 podagra

95 1622 174 1665 non
198 1611 425 1654 laborantes,
449 1611 516 1646 sed
532 1611 649 1646 fortes
674 1622 718 1646 ac
743 1624 827 1657 per-

95 1667 213 1692 nicos.

141 1706 243 1738 7-11.
261 1706 302 1739 Si
316 1706 412 1746 forle
430 1705 515 1748 eet.]
539 1705 618 1739 Iam
644 1705 826 1750 sapientis

94 1751 364 1796 temperantiae
382 1753 594 1797 exemplum
609 1752 735 1787 affert:
763 1753 827 1794 „Si

93 1799 202 1840 torto,
227 1798 267 1832 id
293 1798 394 1843 quod
411 1810 489 1834 non
505 1810 575 1844 pro
601 1803 704 1834 certo
722 1801 824 1834 scio“

95 1845 146 1888 (v.
162 1846 257 1887 [orte
273 1846 427 1880 minime
446 1846 713 1891 negligendum
739 1848 825 1890 est),

97 1902 205 1933 „cum
229 1892 325 1927 cibis
341 1893 568 1928 lautioribus
584 1894 689 1928 vesci
715 1894 825 1929 facile

95 1938 165 1973 tibi
189 1939 342 1982 liceret,
374 1943 500 1974 tamen
526 1942 740 1983 abstemius,
766 1953 826 1976 so-

95 1985 214 2027 brius,
237 1997 366 2021 manes
390 1997 435 2020 ae
458 1987 553 2021 vivis
570 1988 826 2032 leguminibus

97 2031 340 2076 oleribusque
372 2036 485 2077 atque
518 2035 617 2067 inter
648 2035 742 2068 haec
768 2036 827 2069 vel

97 2078 234 2120 urtica,
257 2089 378 2123 aeque
394 2090 509 2123 parco
527 2083 564 2114 et
581 2081 687 2114 tenui
712 2081 827 2123 victu,

97 2124 211 2158 etiam
223 2127 414 2166 protinus*
439 2127 479 2168 (i.
497 2137 530 2160 e.
549 2136 682 2168 „porro
700 2130 734 2161 el
747 2130 826 2161 siue

96 2172 381 2206 intermissione*
406 2173 504 2207 Non.
538 2184 574 2217 p.
600 2175 701 2216 375,
734 2176 827 2207 auch

97 2219 266 2262 ferm),
314 2220 384 2262 „in
430 2224 655 2264 perpetuum
695 2219 827 2264 uteris,

98 2265 245 2300 etiamsi
281 2267 406 2301 subito
442 2266 547 2301 dives
583 2267 706 2302 factus
739 2268 826 2310 eris,

100 2313 156 2346 vel
189 2312 280 2357 quia
312 2316 450 2348 natura
481 2314 582 2348 ultro
613 2318 826 2359 temperans

98 2369 159 2401 es,
194 2360 254 2394 vel
287 2361 379 2404 qnia
410 2371 457 2394 ex
488 2360 597 2395 firmo
634 2362 826 2406 proposito

97 2405 264 2440 abstines
288 2416 311 2440 a
342 2407 511 2450 luxuria,
543 2411 587 2442 ut
618 2408 826 2453 sapientiae

96 2453 310 2498 praeceptis
327 2455 570 2490 munheiuf‘
587 2474 631 2479 -
645 2458 694 2489 In
709 2458 827 2490 medio

94 2500 237 2541 poeitae
261 2504 353 2536 sunt
376 2512 451 2544 res,
475 2513 635 2546 quarum
660 2506 827 2547 potestas

98 2546 208 2580 nobis
232 2550 290 2582 est
313 2558 358 2582 ac
390 2548 488 2583 liber
512 2560 627 2593 usus3
658 2550 731 2585 hoc
756 2550 808 2595 igi

98 2596 162 2626 tur
185 2593 270 2628 loco
295 2594 371 2629 cibi
389 2596 611 2641 ceteroquin
629 2596 731 2631 haud
755 2597 827 2631 dif-

97 2637 246 2674 ficulter
257 2651 328 2676 nec
341 2642 458 2676 nimia
473 2643 644 2688 impensa
656 2644 827 2688 parandi,

99 2685 236 2728 quibus
251 2690 376 2724 tamen
390 2689 515 2724 Iccius
532 2691 828 2735 simplicioribus

876 813 989 847 etiam
1044 817 1245 848 contentus
1285 814 1483 849 abstineat.
1533 815 1608 849 etr.

876 860 952 894 Sat.
979 862 1086 902 1,2‚
1122 862 1199 895 108.
1226 880 1271 885 -
1296 863 1493 895 abstemius

877 903 1050 950 ,ἅοινοςη
1083 909 1148 952 qui
1173 908 1260 942 vino
1285 909 1486 951 abstinet&
1519 909 1556 943 h„
1583 910 1607 942 1.

877 954 1088 995 „sobrius“
1138 955 1361 999 generatim.
1426 956 1610 990 Similiter

875 1001 1054 1036 Sidonius
1082 1001 1209 1046 Apoll.
1241 1002 1335 1047 Epp.
1362 1005 1406 1044 8,
1440 1006 1481 1037 3:
1512 1005 1610 1037 inter

875 1050 1002 1091 epulas
1020 1050 1244 1090 abstemium,
1270 1052 1368 1083 inter
1382 1053 1609 1092 purpuratos

876 1097 1080 1130 linteatum.
1107 1115 1150 1119 —-
1181 1097 1322 1140 urtica]
1356 1097 1423 1130 Est
1455 1098 1609 1131 omnino

873 1143 1005 1187 planta
1036 1143 1152 1177 huius
1189 1144 1372 1186 nominis,
1410 1155 1487 1189 qua
1522 1144 1610 1179 Itali

874 1191 1092 1224 etiamnunc
1125 1201 1231 1233 vere,
1264 1191 1352 1224 dum
1382 1194 1515 1226 tenera
1540 1196 1609 1230 est,

874 1237 976 1271 vesci
1012 1237 1204 1271 interdum
1245 1238 1386 1280 solent3
1427 1238 1526 1272 Plin.
1562 1239 1609 1272 H.

873 1284 918 1317 N.
944 1286 1009 1326 21,
1046 1286 1110 1325 15,
1137 1286 1205 1318 55:
1247 1286 1430 1326 acipiens
1464 1287 1609 1326 quidem

874 1333 957 1372 ipsa
970 1331 1123 1373 (urtica)
1137 1333 1240 1365 nasci
1252 1340 1348 1374 vere,
1361 1333 1609 1374 minorato,

874 1379 998 1411 multis
1031 1381 1145 1411 eliam
1178 1380 1349 1420 reliqioso
1380 1381 1421 1412 in
1453 1381 1531 1413 cibo
1558 1383 1609 1413 est

875 1426 925 1458 ad
958 1426 1145 1466 aellendos
1178 1427 1287 1459 lolius
1319 1427 1410 1459 anni
1440 1428 1610 1461 morbos.-

875 1473 1096 1516 neutiquam
1115 1473 1239 1506 urtica
1254 1473 1412 1515 marina,
1429 1472 1608 1509 Medusae

873 1529 1007 1564 genus,
1025 1530 1122 1563 quae
1135 1520 1176 1553 in
1190 1521 1345 1564 opipare
1359 1521 1501 1564 paratis
1515 1532 1609 1565 pon-

876 1565 1018 1600 tificum
1060 1567 1166 1600 cenis
1207 1567 1478 1611 apponebatur.
1531 1567 1609 1603 Ma-

875 1613 977 1647 crob.
1004 1612 1155 1647 Saturn.
1180 1615 1214 1655 2,
1240 1617 1274 1647 9.
1306 1614 1458 1648 Dictum
1483 1618 1609 1650 autem

875 1664 931 1693 est
955 1661 1140 1694 herbis-et
1163 1662 1297 1703 urtica,
1321 1665 1365 1696 ut
1388 1661 1497 1695 Ovid.
1522 1661 1609 1696 Met.

875 1709 939 1748 10,
977 1709 1066 1741 261:
1104 1711 1137 1741 et
1170 1709 1276 1749 flores
1311 1710 1413 1742 mille
1447 1710 1609 1742 colorum

873 1755 1051 1795 Lucaque.
1078 1774 1122 1778 —
1150 1751 1342 1799 protinus]
1374 1755 1484 1790 Hanc
1516 1757 1609 1790 scri-

873 1803 1022 1844 pturam
1060 1813 1108 1836 ex
1139 1801 1256 1835 Codd.
1293 1802 1391 1837 Med.
1427 1807 1466 1837 et
1501 1803 1608 1838 Rom.

874 1849 1097 1883 auctoritate
1115 1850 1156 1882 in
1169 1849 1330 1894 Virgilio
1344 1860 1493 1895 semper
1510 1851 1608 1885 asci-

874 1895 928 1928 vit
966 1895 1132 1941 Wagner
1181 1897 1351 1938 Orthoar.
1396 1899 1529 1939 Verail.
1571 1909 1608 1942 p.

874 1944 957 1975 466.
984 1962 1027 1966 -
1051 1944 1114 1986 ιιι]
1144 1944 1265 1986 „licet,
1292 1944 1504 1988 quamvis?
1532 1956 1608 1979 non

875 1987 948 2021 ἵνα.
998 1989 1072 2023 cfr.
1106 1990 1225 2034 Epod.
1262 1993 1302 2032 1,
1327 1993 1384 2025 21.
1411 2011 1455 2015 —
1482 1993 1610 2034 Conse-

873 2037 958 2068 stim
993 2037 1152 2077 liquidas
1185 2038 1270 2080 eet]
1304 2037 1483 2082 Suspicor
1521 2050 1609 2083 pro-

874 2083 995 2116 verbii
1021 2083 1146 2117 locum
1183 2084 1393 2118 obtinuisse
1418 2085 1608 2119 Fortunae

875 2139 1032 2162 aureum
1049 2130 1184 2172 rivum,
1209 2131 1276 2175 qui
1302 2131 1367 2165 ubi
1393 2132 1536 2165 homini
1552 2133 1608 2166 af-

874 2175 1000 2218 fluxit,
1035 2176 1098 2210 hic
1130 2179 1335 2218 confestim,
1367 2177 1409 2211 id
1441 2182 1517 2221 est,
1549 2190 1609 2214 re·

874 2225 999 2266 pente,
1025 2223 1130 2258 dives
1155 2223 1208 2257 fit.
1234 2223 1310 2258 Cfr.
1333 2225 1541 2260 Lucillium
1565 2227 1606 2260 in

874 2269 988 2303 Anth.
1014 2270 1094 2304 Pal.
1118 2270 1167 2304 Π.
1191 2282 1228 2326 p.
1254 2273 1343 2305 315:
1379 2269 1466 2306 Κᾶν
1490 2283 1608 2307 ποτα-

873 2314 950 2396 ἰξῗις
974 2317 1127 2411 3323?
1158 2315 1607 2402 ἴξμῒῖαῶἵῶῗρεὲἕί.

875 2409 953 2444 Cic.
985 2411 1034 2445 ad
1057 2411 1606 2457 Fam.7‚13:11‹m·ar‚ni,

875 2466 970 2498 quae
994 2460 1061 2492 tua
1083 2460 1206 2500 aleria
1230 2463 1293 2502 est,
1318 2464 1410 2503 puto
1436 2464 1468 2494 te
1491 2463 1606 2495 malle

875 2512 901 2537 a
917 2505 1072 2539 Caesare
1088 2508 1229 2540 consuli
1245 2516 1358 2548 quam
1379 2510 1606 2542 inaurari.

812 2569 827 2576 -
877 2569 921 2575 —
937 2555 1115 2586 naturam
1136 2557 1280 2588 mutare
1280 2557 1453 2608 ‘pecunia
1478 2556 1606 2598 nescit]

877 2597 973 2641 „Qui
998 2601 1135 2634 natura
1166 2602 1226 2635 vel
1259 2601 1341 2635 sine
1366 2602 1607 2646 philosopho-

875 2656 960 2680 rum
1007 2648 1220 2692 praeceptis
1276 2651 1488 2702 temperaps
1538 2652 1606 2690 est,

875 2692 988 2727 etiam
1013 2693 1118 2729 dives
1141 2695 1265 2729 factus
1289 2696 1395 2739 prius
1420 2695 1518 2729 vitae
1543 2706 1606 2741 ge·
