1774 2930
629 162 723 198 LIB.
746 163 776 197 L
824 161 980 197 EPIST.
1006 161 1071 197 vl.

217 265 305 318 Τιι,
337 268 490 321 quotus
521 278 618 307 esse
646 264 774 317 velis,
806 263 992 306 rescribe
1023 266 1068 306 et
1097 263 1227 306 rebus
1259 264 1428 306 omissis

1522 157 1607 205 2⁴93

1549 265 1607 306 30

215 335 341 378 Atria
370 339 611 379 servantem
641 335 804 391 postico
835 334 935 376 falle
967 334 1178 377 clientem.

620 535 955 578 EPISTOLA
984 535 1075 579 VI.

215 618 288 660 Nil
318 618 517 661 admirari
547 631 680 674 prope
710 631 779 659 res
810 622 876 659 est
906 631 1009 669 una,
1041 617 1230 670 Numici,

99 747 191 781 tius.
217 766 261 770 —
288 747 587 789 Tuurescribe]
615 746 829 789 „Quocirca

100 794 284 836 rescribe,
319 796 411 838 quot
442 804 526 828 cum
557 794 755 828 comitibus
780 793 827 827 ad

100 851 232 876 cenam
245 844 552 875 meamventurus
571 842 657 875 sis.“
673 840 827 882 Senon„

96 899 174 932 quo
200 888 343 931 omnia,
368 888 426 922 nti
450 888 575 931 decet,
609 888 826 932 praeparari

98 935 257 979 possint.
305 934 463 969 Martial.
508 938 570 977 14,
612 937 699 969 217:
747 936 825 977 Dic,

99 985 230 1022 quotus
255 985 288 1016 et
315 984 444 1023 quami
469 983 593 1024 cupias
619 990 826 1015 cenare.—

98 1029 227 1072 relms]
266 1029 459 1074 „negotiis
495 1030 590 1063 iuris
628 1028 750 1063 civilis
783 1039 826 1063 ac

97 1075 264 1110 litibus!
291 1094 335 1100 —
359 1077 451 1118 salle
477 1076 664 1119 clientem]
695 1076 826 1110 Iocosa

98 1122 279 1167 epistolae
297 1123 487 1157 clausula:
512 1124 630 1166 „clam
648 1123 826 1157 subtrahe

98 1171 135 1204 te
161 1170 292 1204 clienti
310 1170 566 1215 qualicunque
592 1171 684 1214 (non
704 1171 827 1204 solum

98 1216 251 1251 Moscho
275 1217 361 1259 illi),
388 1218 453 1262 qui
477 1219 537 1251 vel
563 1217 633 1252 sub
659 1217 748 1251 solis
767 1228 827 1251 oc-

96 1273 247 1306 casum,
282 1265 378 1298 hora
412 1265 566 1298 minime
606 1267 826 1308 opportuna,

97 1311 135 1343 te
160 1310 207 1344 de
231 1321 346 1344 causa
364 1322 432 1344 sua
455 1312 652 1345 consulere
670 1322 826 1356 eamque

100 1359 137 1390 te
162 1356 298 1391 docere
324 1358 439 1401 cupit,
463 1361 577 1402 atque
601 1359 738 1391 atrium
764 1358 827 1391 do-

99 1413 184 1437 mus
210 1405 296 1438 tuae
320 1407 460 1446 servat,
485 1405 525 1438 id
550 1407 618 1446 est,
643 1405 697 1438 ibi
723 1405 829 1439 sedet

99 1449 234 1492 (Taciti
246 1450 344 1485 Dial.
359 1453 419 1485 12:
436 1453 579 1485 sedente
594 1455 676 1485 ame
695 1454 825 1485 ostium

101 1497 310 1541 minatore.)
336 1498 396 1531 vel
420 1499 603 1539 ambulat,
629 1499 737 1532 anxie
764 1510 825 1533 ex-

97 1543 271 1588 plorans,
303 1545 426 1579 sicubi
450 1548 529 1579 tute
561 1556 739 1590 appareas
764 1546 823 1580 vel

99 1591 210 1625 etiam
234 1592 411 1626 ostiarius
435 1592 593 1636 aliquis,
618 1603 685 1636 per
712 1604 822 1637 quem

97 1637 145 1671 ad
169 1640 206 1672 te
230 1638 466 1681 admittatur,
498 1651 566 1684 per
598 1640 735 1674 ostium
758 1649 823 1682 po-

91 1685 225 1718 sticum
249 1683 517 1733 (ψευδόθυρον
547 1688 624 1720 sive
650 1684 823 1734 παραθύ-

96 1741 167 1778 ραν
198 1732 239 1765 in
271 1734 480 1777 posteriore
512 1728 660 1767 aedium
690 1734 820 1778 parte)

97 1779 268 1814 evadens.
273 1780 291 1798 “³
341 1779 446 1825 Virg.
471 1780 564 1815 Aen.
591 1783 630 1823 1,
658 1783 743 1815 567:
780 1783 822 1814 li—

95 1827 195 1860 mina
237 1827 363 1862 Vestae
407 1829 820 1870 servantem-Tyn-

93 1873 239 1907 darida.

142 1919 204 1953 VI.
236 1921 293 1954 De
325 1924 545 1966 argumento
570 1922 654 1956 vide
679 1923 822 1956 Excur-

93 1975 189 2000 sum.

146 2015 176 2046 1.
202 2015 235 2046 2.
261 2015 325 2047 Nil
349 2015 543 2058 admirari]
567 2017 720 2049 Nichls
746 2026 822 2049 απ-

95 2061 296 2093 staunen.
329 2061 362 2094 A
386 2061 558 2095 ridiculis
582 2062 730 2096 Horatii
756 2063 821 2096 ob-

98 2106 363 2141 trectatoribus
374 2108 468 2141 haec
481 2109 593 2143 verba
610 2109 696 2143 data
708 2121 823 2154 opera

97 2152 138 2184 in
162 2152 386 2188 deteriorem
403 2157 546 2199 partem
569 2156 747 2199 explicari
765 2167 822 2190 so-

97 2199 188 2241 lent,
206 2201 316 2244 quasi
334 2201 525 2235 exhaustis
543 2203 712 2246 corporis
730 2203 821 2235 viri-

98 2245 168 2280 bus
199 2250 236 2280 et
268 2248 364 2281 vitae
397 2248 518 2282 taedio
553 2252 683 2292 captus
718 2260 821 2283 suam

73 2300 77 2301 ⁷
96 2290 357 2346 ἀναισθησίαν
368 2295 539 2329 Numicio
558 2296 821 2330 commendans

96 2339 137 2373 in
171 2351 215 2374 ea
245 2343 479 2386 proruperit3
513 2343 578 2376 sed
612 2343 706 2376 nihil
737 2354 822 2387 pro-

94 2386 194 2421 fecto
220 2388 323 2421 aliud
348 2389 449 2431 fecit,
475 2401 585 2434 quam
610 2393 652 2423 ut
676 2392 822 2434 repete-

97 2436 155 2468 ret
191 2435 383 2480 antiquam
418 2436 647 2470 Graecorum
684 2437 822 2471 doctri-

96 2491 193 2523 nam,
218 2493 314 2526 quae
339 2484 500 2527 primum
516 2484 750 2538 potissimum
776 2496 820 2519 eo

97 2507 304 2572 spectabat,
346 2533 388 2564 ut
427 2527 646 2574 φαινόιιενα
685 2532 820 2576 priscis

96 2575 316 2610 mortalibus
338 2580 520 2612 terrorem
544 2579 714 2612 incutere
734 2579 820 2613 soli-

98 2622 136 2654 ta
151 2623 290 2657 rectius
307 2625 511 2668 explicaret
522 2625 819 2670 perterritosque

99 2668 370 2713 tranquillaret,
396 2672 530 2705 deinde
556 2673 617 2715 (in
644 2684 718 2717 quo
744 2674 820 2707 ela-

97 2713 280 2750 borabant
304 2720 340 2751 et
355 2717 543 2762 Epicurus
568 2723 605 2753 et
622 2720 751 2762 Stoici)
778 2724 820 2754 ut

876 748 1072 790 praeterea
1096 747 1232 790 partim
1250 747 1297 780 ad
1316 747 1465 781 nimiam
1491 746 1607 781 bono-

876 804 959 826 rum
977 796 1218 827 externorum
1236 794 1505 838 appetitionem
1531 805 1607 828 mo-

876 839 1079 874 derandam
1093 840 1321 886 divitiasque
1334 841 1606 886 despiciendas,

875 887 1010 931 partim
1044 887 1092 921 ad
1125 888 1247 922 omnis
1278 889 1429 933 generis
1453 890 1607 923 timores

876 934 964 968 forti
978 934 1102 969 animo
1117 935 1350 969 abiiciendos
1364 936 1527 980 graviter
1546 947 1608 970 ex-

874 981 1102 1016 hortaretur.
1132 982 1383 1016 Archilochus
1409 982 1606 1017 Lieb.1·]d.

876 1038 950 1062 sec.
966 1040 1003 1073 p.
1023 1031 1079 1062 60.
1106 1028 1338 1064 Schneidew.
1363 1030 1445 1064 Del.
1462 1042 1498 1075 p.
1520 1033 1606 1064 178:

876 1071 930 1108 Οὔ
952 1087 1022 1118 μοι
1045 1073 1093 1109 τὰ
1117 1073 1244 1127 Γύγεω
1269 1076 1337 1110 τοῦ
1363 1074 1606 1133 πολυχρύσου

874 1122 991 1165 μέλει,
1018 1121 1105 1156 Οὐδ’
1131 1120 1207 1156 εἷλέ
1224 1121 1281 1157 πώ
1280 1135 1346 1179 με
1363 1124 1487 1168 ζῆλος,
1512 1123 1606 1158 οὐδ’

874 1167 1123 1273 ἕῖἕῡῗᾷοὲἕέξ,
1131 1167 1405 1273 Θτὶἷῗξνῖιῧζζ
1424 1169 1608 1266 5352}ss

877 1264 942 1296 θεν
983 1261 1057 1311 γάο
1094 1265 1198 1298 ἐστιν
1234 1263 1452 1308 ὀφθαλμῶν
1491 1267 1606 1310 ἐμῶν.

875 1295 1110 1355 Polystratus
1151 1312 1192 1345 in
1228 1312 1313 1346 Vol.
1350 1313 1504 1347 Hercul.
1541 1314 1605 1348 IV.

875 1369 910 1401 p.
939 1360 1002 1391 14:
1028 1359 1141 1391 Ποιεῖ
1162 1358 1201 1391 δὲ
1227 1357 1251 1402 ἡ
1279 1359 1514 1404 φυσιολογία
1537 1359 1604 1394 τὸν

876 1404 945 1436 νοῦ
948 1417 968 1437 ν
980 1403 1280 1454 καταγινώσκειν
1295 1405 1340 1439 τὰ
1349 1406 1497 1449 φυσικὰ
1510 1404 1606 1441 ,τάν-

872 1462 928 1488 τα
937 1450 1015 1493 (ἴας’
1033 1454 1079 1486 οὑ
1099 1450 1170 1496 τὴν
1187 1453 1315 1487 πᾶσαν
1335 1452 1534 1498 ὑποψίαν
1533 1453 1607 1488 aci-

873 1509 981 1532 ταιον
1026 1497 1196 1555 ἀφαιρεῖ.
1245 1500 1350 1535 Idem
1394 1502 1485 1536 ibid.
1521 1514 1604 1548 pag.

871 1547 935 1579 43:
959 1543 1020 1579 Ἐκ
1032 1545 1120 1600 γὰρ
1145 1544 1286 1591 ταύτης
1309 1548 1393 1592 (τῆς
1416 1549 1605 1590 φυσιολο-

870 1593 970 1635 γίας)
986 1589 1111 1637 μόνης
1123 1592 1167 1627 τὸ
1183 1593 1341 1642 θαρῥεῒν
1353 1595 1522 1639 βεβαίως
1534 1599 1601 1631 καὶ

870 1637 1147 1683 ἀμεταπτώτως
1183 1643 1344 1686 γίνεται
1382 1645 1446 1676 καὶ
1485 1656 1605 1678 κατα-

870 1691 1027 1743 φρονεῖν
1052 1685 1165 1721 πάλιν
1188 1691 1290 1722 zaza
1279 1690 1393 1734 γελᾷν
1410 1689 1604 1734 ἀληθινῶς

868 1733 932 1767 ἐπὶ
956 1739 1036 1778 τοῖς
1059 1734 1272 1783 ἀβελτέρως
1298 1739 1362 1770 καλ
1387 1738 1506 1780 κενῶς
1528 1737 1603 1773 ὕπὸ

867 1778 1044 1826 ἀνοήτων
1074 1783 1307 1827 λεγομένοις.
1341 1785 1441 1820 Plut.
1466 1785 1514 1820 de
1538 1798 1604 1821 au-

868 1828 1005 1863 diendo
1024 1833 1088 1865 13:
1103 1828 1270 1873 Εκεῖνος
1284 1832 1578 1887 (Pythagoras)
1560 1846 1603 1867 εκ

872 1874 1143 1919 φιλοσοφίας”
1124 1889 1270 1922 εφησεν
1283 1877 1386 1925 αὑτῷ
1404 1891 1602 1927 περιγεγο-

868 1924 974 1957 νέναι
990 1923 1040 1958 τὸ
1065 1924 1210 1969 μηδὲν
1236 1915 1502 1969 θαυιιάζειι.
1527 1928 1601 1963 De-

868 1971 1048 2006 mocritus
1073 1973 1114 2005 in
1132 1972 1265 2007 Orellii
1284 1961 1379 2030 opp.
1404 1978 1499 2009 sent.
1516 1976 1546 2009 I.
1562 1987 1599 2020 p.

870 2019 934 2050 94:
954 2019 1079 2062 Σοφίη
1098 2015 1318 2065 ἅθαμβος
1333 2020 1422 2064 ἀξίη
1440 2018 1602 2063 πάντων,

871 2063 1079 2108 τιμιωτάτη
1104 2066 1216 2099 οὐσα.
1241 2068 1369 2112 Longe
1395 2072 1519 2103 autem
1545 2070 1601 2103 di-

869 2121 1001 2145 versus
1019 2116 1076 2146 est
1092 2123 1216 2156 neque
1234 2115 1374 2158 opponi
1391 2115 1503 2149 debet
1520 2116 1598 2159 ille,

872 2158 935 2200 qui
953 2169 1021 2191 nos
1039 2159 1170 2192 incitat
1183 2161 1228 2193 ad
1246 2171 1371 2194 rerum
1390 2172 1522 2197 causas
1540 2163 1599 2197 in-

869 2204 1117 2249 vestigandas,
1130 2205 1365 2250 θαυμασμὸς
1378 2206 1601 2253 φιλόσοφος

868 2250 1036 2286 Platonis
1062 2252 1214 2287 Theaet.
1240 2266 1275 2298 p.
1303 2257 1381 2289 155.
1406 2256 1471 2290 D.:
1495 2254 1601 2300 μάλα

870 2295 942 2345 γὰρ
967 2297 1192 2341 φιλοσόφου
1210 2301 1324 2335 τοῦτο
1347 2301 1391 2335 τὸ
1409 2299 1535 2346 πάθος
1550 2303 1599 2339 τὸ

870 2343 1135 2388 θαυαοίζειν·
1155 2346 1202 2381 οὗ
1218 2346 1292 2396 γὰρ
1304 2345 1401 2393 ἄλλη
1418 2349 1518 2398 ἀρχὴ
1533 2364 1599 2393 φι-

869 2390 1099 2435 λοσοφίας“
1072 2406 1098 2437 η
1111 2390 1218 2438 αὕτη.
1230 2397 1409 2440 —propeJ
1425 2410 1515 2441 „axe
1499 2396 1598 2440 εδόν,

868 2447 907 2472 so
930 2441 1111 2485 ziemlich3
1125 2443 1142 2460 “
1180 2454 1254 2487 quo
1288 2443 1413 2478 addito
1447 2449 1598 2480 senten-

870 2486 958 2520 tiam
983 2468 1199 2535 παράδοξον
1224 2490 1418 2535 aliquanto
1444 2494 1598 2538 mitigat,

868 2544 1025 2576 prorsus
1049 2538 1093 2569 ut
1118 2535 1190 2570 Sat.
1218 2539 1259 2579 1,
1285 2540 1324 2579 3,
1351 2540 1419 2572 98:
1456 2541 1597 2573 utilitas

868 2582 955 2614 iusti
977 2591 1093 2624 prope
1116 2586 1235 2617 mater
1260 2588 1291 2617 ec
1317 2587 1438 2626 aequi.
1457 2606 1502 2610 —
1518 2588 1595 2620 Nu-

867 2628 964 2670 mim]
991 2629 1107 2670 „Nota
1131 2642 1223 2675 gens
1248 2631 1441 2673 Numida,
1476 2644 1495 2666 e
1522 2644 1597 2677 qua

869 2676 1002 2709 consul
1027 2676 1069 2710 Τ.
1101 2676 1296 2712 Numicius
1321 2679 1475 2713 Priscus
1510 2690 1596 2714 cum

867 2721 909 2755 A.
936 2722 1116 2768 Verginio
1141 2724 1310 2759 Tricosto
1337 2737 1370 2759 a.
1388 2737 1425 2759 ιι.
1444 2736 1476 2760 c.
1502 2729 1594 2770 284„
