1774 2930
697 120 864 156 mun.

913 120 1017 156 ΕΔΤ.
1041 120 1107 156 VI.
1571 123 1659 164 219

257 199 444 265 Praedia
471 221 651 275 Caesar,
684 235 739 264 an
769 225 836 264 est
863 221 974 264 Itala
1001 221 1155 265 tellure
1185 221 1392 264 daturus?

195 327 231 335 --
258 291 475 335 Ius-antem
506 306 575 335 me
607 293 716 334 scire
746 292 855 334 nihil
884 292 1093 335 mirantur
1121 296 1170 334 ut
1200 307 1333 335 unum

261 362 433 406 Scilicet
462 363 627 420 egregii
656 364 878 406 mortalem
907 363 1067 419 altique
1097 363 1254 406 silenti.

257 433 460 476 Perditur
489 433 597 476 haec
626 434 738 477 inter
767 435 923 476 misero
953 434 1030 476 lux
1059 449 1147 477 non
1178 435 1272 476 sine
1302 435 1438 476 votis:

261 503 300 547 Ο
319 518 413 558 rus,
445 505 614 560 quando
636 519 716 560 ego
736 509 780 547 te
801 505 1065 562 adspiciam?
1096 505 1349 562 quandoque
1379 505 1526 548 licebit
1602 506 1660 547 60

259 574 384 617 Nunc
413 579 607 618 veterum
635 575 778 629 libris,
810 590 924 618 nunc
953 590 1103 618 somno
1134 580 1177 618 et
1206 576 1416 619 inertibus
1448 576 1564 619 horis

258 645 429 689 Ducere
459 646 667 689 sollicitae
697 646 882 689 iucunda
911 645 1070 688 oblivia
1099 647 1246 688 vitae?

261 715 300 758 Ο
331 716 499 773 quando
530 716 631 759 faba
657 716 929 773 Pythagorae
959 721 1141 772 cognata
1171 717 1383 774 simulque

238 840 295 873 57.
319 841 505 874 nis-antur
527 840 638 885 bScp,
662 840 837 885 plerique
861 839 1057 881 Pottierii‚
1091 840 1216 874 LctF:
1250 842 1409 874 miratur
1434 845 1613 886 quattuor

190 885 374 929 Pottiorii,
398 898 443 921 ex
469 887 559 922 Cod.
585 887 719 921 Battel.
745 887 941 922 Bentleius
967 890 1003 922 et
1027 887 1075 921 Η.

144 991 315 1036 scripsit,
363 994 566 1027 etiamtunc
606 993 876 1039 ambigebatur,

142 1041 321 1073 utrumne
357 1040 397 1073 in
436 1038 567 1074 Sicilia
604 1051 652 1074 an
689 1041 729 1074 in
766 1041 877 1074 Italia

143 1086 331 1120 veteranis
375 1088 695 1122 tumultuantibus
737 1087 875 1122 Caesar

142 1143 254 1178 agros
279 1133 435 1168 daturus
460 1138 570 1169 esset.
595 1154 639 1159 ——
667 1136 875 1179 Triquetra]

144 1180 340 1223 ‚tellure“,
364 1192 441 1215 non
469 1182 677 1226 „praedia.“
726 1184 875 1224 Trique-

144 1229 204 1260 tra
226 1238 297 1272 pro
322 1230 513 1270 trianauta
539 1229 640 1264 <licta
664 1232 722 1263 est
748 1229 876 1264 Sicilia

144 1284 168 1308 a
196 1273 316 1309 forma
346 1276 593 1320 triangulari,
634 1277 756 1310 tribus
788 1288 875 1321 pro-

144 1321 354 1364 montoriis,
377 1321 565 1367 Pachyno,
590 1323 782 1368 Lilybaeo,
806 1324 876 1357 Pe-

145 1366 228 1400 loro
252 1367 372 1401 finita.
414 1368 490 1402 cfr.
516 1370 673 1409 Quintil.
703 1373 734 1411 1,
760 1373 794 1411 6,
820 1372 875 1404 30.

146 1414 348 1447 Trt’suteam
388 1415 544 1449 eandem
585 1417 725 1460 apellat
766 1417 876 1451 Clau-

147 1459 249 1495 dian.
273 1460 317 1494 B..
342 1461 385 1494 P.
412 1465 444 1503 1,
470 1465 549 1496 145.

194 1509 314 1541 57-64.
330 1508 458 1552 unum]
478 1510 744 1554 „praecipuum
757 1512 876 1544 omni-

146 1564 230 1596 um,
267 1557 453 1600 quotquot
477 1557 598 1590 sunt!
647 1557 699 1591 Ut
723 1557 875 1592 Cicero:

145 1609 240 1634 unus
274 1603 464 1643 aladiator
493 1605 544 1638 M.
569 1605 769 1646 Amemus,
808 1606 876 1640 Ga-

144 1647 283 1682 tullus:
320 1658 415 1683 umas
440 1652 697 1693 caprimum&
723 1671 767 1676 —
796 1653 875 1696 tux]

146 1693 285 1736 „dieu
324 1695 399 1730 Cfr.
426 1696 502 1731 Sat.
530 1701 561 1740 1,
586 1701 619 1740 5,
646 1700 703 1732 39.
741 1699 816 1733 Sat.
842 1702 875 1741 2,

144 1743 188 1784 2,
222 1744 300 1781 116.
334 1762 376 1767 -
409 1753 482 1777 non
513 1747 591 1778 sine
622 1746 736 1789 votis]
775 1758 873 1788 „non

144 1789 226 1824 sine
243 1789 459 1824 huiusmodi
473 1793 646 1836 optatis“,
672 1793 801 1838 qualia
818 1805 874 1828 se-

145 1840 326 1880 quuntur.
348 1857 397 1862 —
427 1840 607 1882 veterum]
645 1842 874 1885 scriptorum

144 1886 231 1918 ante
255 1884 508 1919 Alexandrum
524 1886 572 1920 M.
591 1886 783 1929 Similiter,
809 1889 875 1922 sed

144 1929 227 1964 κατ’
239 1932 444 1977 εἰρωνείαν,
458 1932 613 1967 Lucian.
626 1934 735 1968 Rhet.
744 1935 874 1969 Praec.

147 1978 210 2010 17:
234 1975 496 2022 ἀναγίγνωσκε
522 1979 574 2013 τὰ
598 1980 780 2014 παλαιὰ
804 1983 875 2024 μὲν

143 2021 200 2067 μὴ
218 2021 266 2058 σύ
282 2036 337 2068 ye,
349 2025 875 2071 Isocratem,Demosthenem,

144 2069 341 2105 Platonem
366 2073 613 2118 subiungens.
665 2075 771 2109 Conf.
795 2064 875 2110 Sat.

146 2118 181 2158 2,
197 2119 232 2160 3,
250 2121 313 2151 11:
339 2120 521 2161 Quorsum
543 2123 721 2162 pertinuit
737 2124 875 2164 stipare

146 2165 302 2198 Platona
332 2167 558 2210 Menandro,
590 2170 770 2210 Eupoting
807 2172 875 2202 Ar-

147 2212 365 2254 chilochum,
402 2216 545 2248 comites
577 2215 691 2257 (rus)
725 2217 875 2250 educere

146 2259 291 2293 uncos?
314 2259 407 2304 Epp.
434 2265 466 2303 1,
491 2264 524 2303 2,
552 2264 589 2295 1:
616 2264 766 2296 Troiani
791 2264 876 2296 bem·

145 2306 358 2347 scriptorem
374 2325 390 2332 -
406 2325 422 2332 -
439 2310 635 2343 Praeneste
677 2311 799 2351 reteqi.
827 2329 876 2334 —

145 2353 292 2396 somno]
337 2354 564 2397 meridiano,
603 2358 733 2399 sie-tta,
774 2358 875 2401 quod

146 2397 338 2434 Varro-R.
363 2401 407 2435 R.
434 2406 474 2445 1·,
499 2405 541 2445 2,
566 2405 599 2436 5.
625 2404 734 2437 dicit:
767 2406 875 2438 aesti-

144 2454 232 2480 vum
255 2448 352 2481 diem
374 2451 407 2482 si
429 2459 502 2483 non
531 2452 759 2492 diffinderem
788 2452 876 2484 insi·

146 2494 225 2526 titio
240 2503 365 2529 somno
380 2499 543 2539 mer-tate,
566 2499 688 2531 vivere
704 2507 778 2531 non
790 2507 875 2539 pos-

145 2548 229 2574 sem.
266 2541 360 2587 Epp.
388 2546 420 2586 1,
448 2547 502 2586 14,
527 2547 589 2578 35:
630 2547 725 2578 Cena
758 2547 875 2579 brevis

146 2587 249 2620 inum
282 2592 316 2622 et
349 2599 466 2632 prope
500 2593 622 2625 rivum
653 2601 799 2626 somnus
835 2594 875 2626 in

147 2633 268 2668 herba.
306 2655 349 2660 —-
386 2639 561 2672 inertibus
602 2640 721 2682 horis]
770 2641 874 2680 quet

148 2679 278 2715 dolce
302 2684 381 2724 sar
403 2687 571 2719 niente.
609 2686 748 2720 Tibull.
776 2690 814 2728 1,
842 2690 872 2728 1,

925 995 966 1027 5:
996 995 1057 1028 He
1082 1002 1163 1027 mea
1186 998 1387 1036 paupertas
1410 995 1509 1027 vitae
1533 996 1663 1028 tradu-

925 1044 983 1074 cat
1007 1042 1127 1074 inerti.
1148 1061 1190 1065 —
1208 1041 1363 1084 Ducere]
1387 1037 1525 1080 ἕλκειν,
1551 1042 1661 1086 quasi

925 1089 1054 1122 vinum
1082 1088 1321 1130 „obsorbere,
1347 1089 1538 1123 haurire.“
1589 1088 1659 1122 Od.

928 1138 966 1177 1,
994 1137 1056 1177 17,
1083 1137 1146 1169 21:
1184 1137 1256 1169 Hie
1288 1138 1490 1170 innocentis
1523 1137 1662 1177 poeula

924 1184 1042 1215 Lesbii
1057 1185 1176 1216 Duces
1192 1185 1258 1216 sub
1274 1185 1418 1216 umbra.
1444 1183 1550 1228 Virg.
1564 1184 1673 1217 Aen.-

926 1233 967 1271 6,
994 1232 1082 1263 713:
1123 1232 1493 1264 Animae--Lethaei
1517 1232 1567 1263 ad
1591 1232 1660 1271 ltu-

926 1278 1031 1309 mt‘m'e
1043 1278 1181 1310 undam
1194 1279 1345 1311 Securos
1362 1279 1487 1310 latices
1501 1281 1534 1310 et
1550 1279 1660 1319 tonna

926 1325 1062 1356 oblivia
1084 1327 1225 1365 potant.
1246 1343 1289 1348 -
1316 1326 1403 1366 [aba
1429 1326 1660 1366 Pythaqorae

925 1372 1102 1413 coartata]
1138 1371 1302 1405 Serenus
1337 1371 1485 1405 Samon.
1510 1382 1544 1404 v.
1570 1373 1659 1405 741:

925 1419 1152 1462 Pfflhaqorae
1176 1421 1334 1459 coartata
1351 1419 1467 1460 (faba)
1487 1419 1556 1451 lem·
1576 1427 1661 1452 con-

924 1464 1002 1497 dita
1027 1467 1171 1498 cumino
1201 1467 1382 1499 Proderit.
1433 1465 1662 1507 „Dubitabat

925 1512 1023 1544 enim
1040 1511 1286 1557 Pythagoras,
1310 1523 1359 1546 an
1377 1514 1416 1546 in
1436 1523 1480 1547 eo
1501 1523 1659 1558 corpore

924 1558 1058 1592 lateret
1073 1559 1199 1593 anima
1215 1560 1333 1603 patris
1351 1560 1411 1594 sui
1428 1571 1477 1594 an
1499 1561 1661 1595 alterius

923 1605 1151 1650 propinqui,
1186 1618 1262 1651 qua
1295 1606 1341 1640 de
1376 1618 1417 1641 re
1450 1607 1548 1641 ridet
1574 1618 1660 1641 eum

923 1651 1103 1687 Horatius
1121 1656 1159 1686 et
1176 1654 1258 1687 eius
1277 1656 1492 1698 sequaces.“
1529 1655 1659 1688 Comt.

925 1699 1046 1738 CRUQ.
1109 1700 1357 1746 Pythagoreis
1413 1701 1659 1736 interdictum

924 1757 1018 1787 esse,
1044 1757 1091 1780 ne
1117 1745 1285 1790 κυάμοις
1309 1752 1574 1791 vescerentur,
1601 1760 1660 1783 re-

923 1794 997 1827 fert
1023 1794 1154 1828 Cicero
1188 1795 1235 1829 de
1260 1795 1386 1829 Divin.
1414 1799 1454 1838 1,
1488 1798 1553 1838 30,
1586 1798 1657 1838 62„

924 1843 1021 1881 quod
1046 1843 1152 1875 habet
1182 1844 1405 1884 inflationem
1430 1852 1602 1885 maenam
1627 1845 1660 1876 is

924 1890 1033 1929 cibus,
1052 1891 1315 1930 tranquillitati
1331 1892 1460 1924 mentis
1478 1900 1659 1931 quaeren-

924 1937 968 1967 tis
994 1945 1083 1969 vera
1100 1939 1345 1981 contrariam3
1371 1938 1437 1971 alii
1456 1939 1550 1972 alias
1569 1949 1658 1972 cau-

924 1993 984 2016 sas
1010 1983 1181 2017 afferunt.
1208 1984 1657 2030 (Cfr.Aristot.ap.Diog.

923 2029 1046 2063 Laert.
1074 2033 1114 2073 8,
1149 2032 1221 2072 34.)
1270 2031 1434 2066 Prorsus
1468 2033 1661 2066 contraria

925 2080 981 2109 est
1004 2077 1222 2111 Aristoxeni
1252 2080 1557 2120 narratiuncula,
1590 2079 1658 2123 qui

923 2123 1023 2166 apud
1043 2123 1138 2157 Gell.
1155 2127 1189 2165 4,
1217 2128 1277 2157 11:
1303 2126 1410 2158 nullo
1434 2128 1580 2167 saeptus
1607 2127 1658 2159 te·

925 2174 1091 2209 numento
1130 2172 1378 2212 Pythaqoram
1418 2172 1512 2207 dicit
1551 2182 1659 2206 usum

925 2225 1036 2256 quam
1068 2219 1182 2259 sabis,
1221 2221 1392 2258 quoniam
1425 2220 1588 2253 is‘cibus
1623 2223 1659 2254 et

922 2265 1136 2297 subduceret
1159 2267 1293 2298 sensim
1309 2267 1434 2299 alvum
1462 2270 1495 2300 et
1522 2268 1658 2309 tevioa-

923 2313 991 2344 ret.
1040 2311 1241 2356 Volgarem
1291 2314 1545 2348 narrationem
1594 2315 1657 2349 hic

924 2358 1123 2392 manifesto
1172 2363 1323 2394 secutus
1364 2364 1422 2395 est
1461 2361 1656 2396 Horatius.

923 2404 1047 2439 Locus
1073 2409 1129 2439 est
1152 2417 1309 2450 prorsus
1342 2408 1476 2442 similis
1501 2408 1595 2453 Epp.
1622 2411 1657 2451 2,

926 2455 957 2493 1,
982 2454 1047 2486 52:
1075 2456 1107 2486 et
1131 2456 1274 2487 somnia
1299 2457 1540 2497 Pythaqorea.
1575 2456 1658 2489 Hoc

924 2499 1039 2543 igitur
1052 2499 1161 2534 dicit:
1181 2500 1334 2542 „Nobile
1353 2502 1449 2536 illud
1468 2503 1656 2547 legumen,

924 2546 1025 2590 quod
1050 2547 1183 2592 volgus
1209 2549 1359 2593 quidem
1386 2560 1566 2593 spernere
1593 2560 1654 2583 so·

923 2593 993 2635 let,
1027 2594 1093 2627 sed
1123 2606 1191 2638 pro
1226 2599 1384 2640 cognato
1420 2596 1490 2629 sibi
1524 2596 1657 2630 habuit

921 2640 981 2674 vel
1004 2641 1087 2684 ipse
1110 2641 1375 2688 Pythagoraa*
1413 2641 1552 2687 Utique
1578 2644 1654 2677 uti-

920 2691 982 2721 tur
1007 2687 1133 2732 lepida
1156 2689 1298 2731 ironia,
1332 2689 1398 2723 sed
1423 2690 1531 2724 nulla
1555 2690 1658 2724 inest
