1774 2930
657 151 751 186 LIB.
774 151 823 185 11.
871 149 974 186 SAT.
999 149 1100 184 vm.

1542 151 1628 192 243

236 253 455 296 Convivae
483 252 584 295 lecti
613 251 796 293 nihilum
825 264 1008 293 nocuere
1036 250 1219 306 lagenis.

238 323 428 366 Affertur
441 323 633 379 ‘squillas
663 323 775 364 inter
804 335 1008 364 muraena
1035 324 1232 363 natantes

237 394 288 436 In
306 395 455 450 patina
473 397 681 450 porrecta.
720 392 810 434 Sub
831 392 913 434 hoc
932 392 1083 434 herus:
1114 391 1237 435 Haec
1257 391 1450 447 gravida,
1473 391 1629 447 inquit,

152 494 169 500 ι
239 464 377 521 Capta
407 469 491 518 est,
521 464 706 507 deterior
734 467 832 519 post
860 467 1030 519 partum
1061 477 1187 505 carne
1217 462 1374 504 futura.

238 535 321 577 His
350 536 532 577 mixtum
562 536 629 576 ius
661 539 749 577 est:
782 534 896 587 oleo,
929 533 1042 589 quod
1072 532 1210 589 prima
1239 532 1416 576 Venafri

1574 533 1631 574 45

238 605 405 648 Pressit
435 606 564 659 cella3
595 619 698 661 garo
729 605 782 648 de
814 605 926 646 sucis
957 604 1087 660 piscis
1118 604 1295 657 Hiberi3

239 675 352 718 Vino
384 677 665 732 quinquenni,
696 689 845 718 verum
875 675 981 717 citra
1009 689 1127 718 mare
1157 679 1276 728 nato,

239 746 355 788 Dum
385 747 580 803 coquitur
602 771 655 776 —
678 750 795 788 cocto
818 745 972 788 Chium
1003 746 1064 788 sic
1094 747 1310 799 convenit,
1342 750 1390 787 ut
1419 759 1505 788 non

241 817 338 859 Hoc
356 818 492 873 magis
512 818 646 859 ullum
666 816 783 859 aliud
806 829 879 869 ——3
902 816 1048 872 pipere
1070 817 1186 870 albo,
1213 831 1300 858 non
1321 817 1412 859 sine
1433 821 1573 870 aceto,

243 887 367 935 Quod
395 888 737 944 Methymnaeam
767 887 872 929 vitio
902 888 1129 929 mutaverit
1158 901 1298 929 uvam.

122 1024 303 1057 Convivae
321 1022 415 1066 lecti]
434 1023 692 1057 Nomentanus
710 1026 747 1056 et
763 1022 853 1056 Por-

122 1070 221 1112 cius,
244 1069 438 1104 Nasidieni
456 1070 623 1114 parasiti,
649 1069 855 1114 prudenter

126 1117 318 1160 cavebant,
343 1128 391 1151 ne
417 1128 502 1151 eum
524 1116 755 1151 offenderent
781 1117 855 1150 lar-

123 1163 211 1210 gius
246 1163 429 1207 bibend03
469 1167 652 1208 patronus
690 1165 771 1208 ipse
809 1164 855 1198 ob

126 1211 428 1263 avaritiamssibi
453 1211 682 1256 temperabat
706 1222 729 1244 a
751 1213 855 1255 potu.

128 1257 204 1291 Ofr.
228 1257 320 1302 Epp.
348 1261 387 1300 1,
419 1260 482 1301 18,
517 1261 577 1292 1οε
615 1260 680 1291 imi
704 1260 856 1291 Derisor

131 1305 221 1337 teeti.

128 1353 297 1396 *342-50.
321 1352 488 1394 squillas]
501 1353 539 1384 K
546 1360 566 1383 r
574 1361 598 1384 a
609 1354 628 1385 b
638 1354 658 1384 ὸ
669 1361 686 1385 e
696 1360 732 1384 n.
751 1351 857 1385 Conf.

130 1397 207 1431 Sat.
232 1399 265 1439 2,
290 1400 324 1440 4,
349 1399 406 1431 58.
430 1416 473 1421 -
499 1399 694 1441 muraena]
719 1400 763 1432 M
770 1407 860 1430 eer-

127 1445 221 1478 nal.
245 1444 497 1478 Romanorum
523 1445 691 1479 deliciae.
715 1444 858 1478 Macro-

130 1491 218 1525 bius
243 1491 392 1525 Saturn.
426 1493 460 1534 2,
488 1495 549 1525 11:
573 1493 612 1525 L.
631 1494 779 1525 Crassus
803 1493 859 1525 vir

132 1539 326 1580 censorius,
351 1547 434 1572 oum
448 1547 566 1580 supra
590 1541 723 1572 ceteros
747 1540 859 1572 diser-

131 1587 190 1618 tus
206 1586 411 1627 haberetur,
436 1588 594 1626 essetque
617 1587 715 1619 inter
732 1587 859 1619 claris-

127 1633 239 1665 simos
263 1633 356 1665 cives
369 1634 549 1674 minoem,
564 1635 696 1666 ’tamen
710 1642 858 1666 murae-

129 1686 218 1712 nam
249 1680 290 1712 in
309 1680 453 1720 piscina
483 1681 611 1713 ‘domus
642 1689 731 1714 suae
763 1688 859 1713 mor-

129 1728 235 1759 tuam
266 1728 410 1760 atratus
443 1729 631 1767 tamquam
663 1728 778 1768 filiam
805 1729 859 1760 lu—

128 1773 248 1806 xtt.--
258 1774 539 1807 Arcessebantur
562 1777 685 1807 autem
712 1783 859 1807 murae-

133 1827 202 1852 nae
234 1821 283 1854 ad
312 1821 473 1861 piscinas
505 1823 653 1854 nostrae
685 1823 785 1854 urbis
814 1823 861 1854 ab

130 1873 245 1907 usque
283 1868 377 1908 freto
417 1869 549 1901 Siculo.
574 1886 620 1893 --
644 1869 729 1902 Illic
767 1870 861 1901 enim

134 1914 290 1954 optimae
314 1923 338 1946 a
358 1916 522 1956 prodiqis
548 1924 622 1948 esse
652 1917 859 1949 creduntur.

135 1978 180 1983 -—-
202 1961 388 2003 porrecta]
414 1961 488 1994 Cfr.
515 1960 589 1994 Sat.
616 1964 648 2003 2,
674 1964 707 2003 2,
733 1965 789 1996 39.
816 1982 859 1986 —

138 2007 268 2048 herus]
303 2007 381 2040 Iam
413 2008 512 2052 ipse,
546 2011 588 2041 ut
620 2009 666 2042 de
699 2009 860 2043 Calvisio

135 2052 276 2086 Sabino
308 2054 362 2086 ait
395 2053 537 2088 Seneca
559 2054 677 2099 Epist.
711 2057 774 2088 27:
806 2058 861 2088 in-

138 2100 223 2140 cipit
249 2101 415 2133 convivas
435 2109 518 2133 suos
541 2103 756 2143 inquietare,
782 2103 862 2136 lau-

140 2145 206 2179 des
237 2145 411 2180 videlicet
447 2151 611 2191 captans.
639 2166 681 2171 —
707 2150 864 2182 deterior

139 2192 226 2234 cet]
262 2192 395 2226 Utrum
420 2194 512 2227 haec
537 2194 700 2239 volgaris
726 2195 775 2228 sit
799 2195 863 2229 do-

141 2239 274 2281 ctrina,
298 2249 346 2272 an
371 2251 478 2283 nova,
507 2251 583 2275 non
609 2241 699 2274 satis
725 2241 864 2286 liquet3

138 2286 369 2326 inventionis
395 2290 495 2321 certe
513 2288 673 2332 gloriola
697 2289 865 2322 cernitur

141 2331 182 2366 in
223 2333 297 2366 illis
340 2344 372 2366 v.
415 2336 472 2368 51.
522 2344 585 2376 eoo
630 2337 783 2376 primus.
822 2355 864 2359 -

137 2383 220 2421 post
242 2381 413 2424 partum]
449 2383 564 2415 nach
596 2384 676 2415 der
708 2384 866 2415 Laictt-

139 2428 209 2460 zei
218 2429 242 2459 t.
269 2446 311 2450 —
337 2428 460 2470 carne]
499 2429 620 2473 „quod
645 2429 692 2462 ad
717 2440 866 2463 carnem

114 2474 308 2523 xattinet.“
337 2493 378 2498 —
412 2477 481 2508 His
517 2477 672 2510 mixtum
708 2478 764 2509 ius
802 2477 866 2519 est]

142 2519 236 2563 ·‚.His
261 2521 392 2563 rebus,
425 2533 522 2566 quae
546 2533 603 2556 vv.
629 2525 748 2557 45-53.
775 2535 867 2557 enu-

143 2570 347 2610 merantur,
374 2569 564 2603 conditum
589 2573 645 2603 est
670 2570 764 2604 ius.“
793 2570 867 2604 Cfr.

146 2611 219 2647 Sat.
244 2616 277 2657 2,
301 2618 334 2657 4,
360 2618 403 2649 63
430 2627 511 2661 sqq.
549 2617 644 2650 Male
669 2617 867 2651 Dacierius

145 2660 322 2704 explicat:
349 2663 429 2704 „his
454 2664 602 2707 squillis
627 2664 786 2698 affusum
812 2667 869 2698 est

147 2705 246 2749 ius3¹⁴
274 2709 375 2752 quod
391 2711 543 2743 mimum
560 2711 773 2756 significare
791 2723 867 2745 non

1578 887 1635 928 50

903 1024 1036 1066 potest.
1063 1041 1107 1046 —
1134 1023 1224 1064 oleo,
1252 1023 1348 1063 quod
1370 1023 1494 1064 prima
1523 1023 1635 1055 Vena-

903 1070 955 1111 sri
980 1069 1073 1112 cet.]
1117 1080 1191 1112 „eo
1226 1070 1307 1103 oleo
1340 1069 1555 1103 Venafrano
1590 1080 1636 1104 ex

905 1115 1118 1161 Campania,
1143 1116 1243 1161 quod
1261 1117 1301 1150 in
1321 1117 1442 1159 cellis,
1467 1117 1532 1150 ubi
1559 1120 1636 1151 tor-

905 1164 1048 1198 cularia
1088 1167 1215 1205 erant,
1257 1175 1302 1198 ex
1344 1164 1452 1198 olivis
1489 1166 1634 1208 trapeto

905 1211 1126 1252 (Oetpresse)
1153 1211 1359 1255 suppositis
1375 1211 1539 1256 primum
1560 1222 1636 1246 ma-

904 1258 1010 1291 navit
1034 1261 1071 1291 et
1102 1261 1302 1302 propterea
1334 1259 1478 1302 primae
1514 1262 1636 1299 notae,

906 1305 1072 1338 omnium
1106 1305 1368 1338 dulcissimum
1401 1316 1444 1339 ac
1478 1306 1636 1349 purissi-

906 1362 1007 1384 mum
1033 1354 1100 1385 est.
1151 1352 1257 1385 Conf.
1283 1351 1351 1385 Od.
1379 1353 1416 1393 2,
1442 1354 1482 1394 6,
1511 1355 1565 1386 16.
1592 1371 1635 1376 —

907 1398 1010 1440 qaro]
1038 1400 1221 1432 Caviar.
1255 1399 1352 1432 Plin.
1378 1399 1424 1432 H.
1450 1398 1494 1432 N.
1521 1401 1577 1442 31,
1604 1401 1636 1441 7,

906 1447 986 1478 43τ
1008 1447 1120 1478 Aliud
1154 1447 1351 1479 etiamnum
1389 1447 1541 1487 liquoris
1575 1456 1637 1480 ea:-

908 1494 1032 1532 quisiti
1056 1501 1178 1534 oenus,
1205 1494 1303 1534 quod
1325 1503 1444 1538 garon
1463 1502 1638 1527 vocavere

906 1541 1086 1572 intestinis
1106 1541 1262 1581 piscium
1294 1542 1508 1583 ceterisque,
1544 1550 1637 1582 quae

908 1587 1113 1619 abiicienda
1131 1590 1256 1627 essent,
1280 1588 1358 1620 sale
1375 1589 1638 1629 macerati-auat

906 1635 952 1666 sit
977 1634 1046 1666 itta
1068 1636 1353 1675 putrescentium
1376 1636 1509 1668 sanies.
1558 1637 1639 1668 Hoc.

907 1682 994 1713 otim
1025 1682 1281 1723 conficiebatur
1310 1691 1355 1715 ex
1376 1683 1495 1723 pisce,
1532 1691 1637 1722 quem

908 1728 1041 1761 Graeci
1076 1739 1192 1773 garon
1225 1730 1406 1762 vocabant
1415 1739 1484 1768 ‚·--
1500 1738 1594 1762 nunc
1620 1739 1638 1762 e

907 1776 1069 1808 scombro
1091 1777 1191 1816 pisce
1218 1776 1478 1818 (Mam-ele)
1508 1777 1638 1809 lauda-

908 1823 1086 1855 tissimum
1109 1824 1149 1855 in
1165 1824 1400 1864 Karthaqinis
1422 1825 1639 1864 spartariae

909 1870 1071 1902 cetariis:
1117 1871 1298 1903 sociorum
1337 1871 1376 1903 id
1416 1871 1639 1913 appellatur,

907 1917 1060 1957 sinqutis
1096 1918 1243 1950 milibus
1276 1925 1463 1950 nummum
1492 1927 1640 1959 permu-

909 1965 1070 1996 tantibus
1095 1966 1240 2005 congios
1264 1966 1342 2005 sere
1368 1965 1479 1997 binos.
1524 1967 1639 1998 Oeno·

910 2019 1001 2050 varo
1026 2014 1175 2054 praeter
1201 2011 1277 2045 alia
1307 2011 1550 2045 immiscenda
1574 2012 1639 2046 do-

911 2059 970 2090 cet
994 2058 1102 2101 piper
1128 2061 1164 2091 et
1189 2058 1313 2091 oleum
1334 2058 1491 2102 Apicius
1520 2062 1556 2099 1,
1583 2062 1639 2092 31.

912 2121 955 2126 -
978 2105 1086 2144 piscis
1111 2104 1257 2147 Hiberi]
1284 2105 1446 2138 scombri
1473 2106 1519 2138 ad
1545 2105 1639 2139 Kar-

911 2150 1111 2194 thaginem,
1137 2150 1342 2195 Hispaniae
1361 2153 1503 2193 urbem,
1529 2154 1639 2196 capti.

912 2215 957 2219 —
983 2198 1075 2229 citra
1106 2205 1208 2230 mare
1240 2198 1348 2240 nato]
1380 2198 1568 2240 „Italico.“
1597 2219 1639 2223 —

913 2245 1009 2275 cocto
1031 2245 1155 2276 Chium
1181 2244 1266 2287 cet.]
1294 2244 1450 2279 Ooctum
1475 2257 1559 2279 cum
1584 2249 1642 2280 est

914 2290 993 2329 ius,
1030 2290 1170 2324 affundi
1205 2291 1316 2325 debet
1340 2292 1469 2326 vinum
1495 2293 1641 2335 Chium,

914 2336 1028 2380 quod,
1053 2337 1207 2371 mixtum
1226 2349 1311 2372 cum
1328 2340 1454 2382 priore
1478 2340 1544 2374 illo
1568 2340 1641 2374 Ita-

914 2383 998 2425 lico,
1024 2384 1189 2428 insolito,
1214 2386 1280 2419 sed
1298 2389 1403 2430 grato
1421 2398 1553 2431 sapore
1579 2398 1641 2421 ex-

915 2431 1044 2464 citabit
1058 2433 1258 2475 palatum.“
1282 2450 1318 2456 ὴ
1335 2435 1641 2477 Methymnaeam]

914 2489 937 2511 a
968 2477 1199 2523 Methymna,
1240 2480 1352 2514 Lesbi
1390 2481 1537 2525 oppido.
1586 2482 1641 2515 De

915 2525 1002 2558 vino
1027 2525 1162 2560 Lesbio
1189 2526 1254 2560 cfr.
1281 2527 1351 2560 Od.
1379 2531 1410 2569 1,
1439 2530 1492 2569 17,
1524 2530 1578 2561 21.
1599 2547 1641 2550 —

914 2573 1002 2605 vilio
1035 2574 1252 2617 mutaverit]
1292 2577 1460 2615 „acetum
1487 2586 1531 2608 ex
1557 2575 1641 2608 vino

915 2618 1051 2653 Lesbio
1071 2621 1279 2654 confectum
1298 2623 1396 2660 vitio,
1421 2621 1459 2654 id
1478 2624 1545 2663 est,
1571 2621 1643 2654 fer-

915 2669 1060 2708 mento,
1099 2668 1308 2708 Gdhrunq.“
1362 2667 1466 2701 Conf.
1510 2667 1584 2702 Sat.
1610 2670 1645 2710 2,

917 2715 957 2755 2,
983 2715 1039 2746 58.
