1774 2930
176 139 263 181 444

649 139 859 174 HORATH
881 139 1228 175 EPISTOLARUM

299 239 472 283 Scilicet
503 243 552 282 ut
582 240 740 283 vellem
771 254 901 282 curvo
932 240 1154 284 dinoscere
1185 246 1348 285 rectum

294 311 440 367 Atque
471 311 584 353 inter
615 311 745 353 silvas
777 310 985 354 Academi
1017 326 1223 368 quaerere
1251 327 1415 356 verum.
1448 311 1452 313 ’

1640 314 1716 355 45·

293 381 416 423 Dura
447 382 525 424 sed
556 396 754 424 emovere
783 382 878 424 loco
909 397 978 425 me
1008 386 1204 439 tempora
1233 387 1368 440 grato,

295 452 533 509 Civilisque
563 453 715 495 rudem
744 453 848 495 belli
879 453 978 495 tulit
1009 458 1154 496 aestus
1185 454 1230 496 in
1261 469 1381 498 arma

295 523 494 566 Caesaris
526 523 714 580 Augusti
744 538 831 566 non
861 539 1121 581 responsura
1150 525 1334 568 lacertis.

291 595 416 638 Unde
448 595 575 637 simul
605 596 793 651 primum
823 609 893 638 me
925 596 1125 639 dimisere
1155 596 1368 654 Philippi,

290 665 462 709 Decisis
493 666 701 709 humilem
730 667 884 723 pennis
915 668 1173 724 inopemque
1203 669 1374 724 paterni

1639 669 1695 710 50

267 798 325 829 44.
350 797 481 830 vellem
499 795 615 830 Codd.
633 796 754 839 Torr.,
777 795 993 831 Hochederi
1010 797 1267 842 antiquissimi
1285 798 1454 843 quinque
1470 796 1650 841 Menace„

219 843 367 888 aliquot
383 844 483 878 Feae
508 845 546 878 et
571 854 668 878 corr.
687 854 726 877 c:
748 852 891 885 possem
917 843 967 878 bs
995 847 1031 879 et
1055 856 1111 889 pr.
1139 855 1169 887 c,
1195 845 1286 879 item
1311 856 1454 889 omnes,
1480 848 1523 880 ut
1546 845 1650 880 vide-

219 893 301 934 tur,
334 890 528 934 Pottierii,
561 890 727 925 LCtFMs
753 893 791 925 et
815 891 1032 934 Bentleius,
1064 893 1199 934 possim
1222 892 1279 927 Ed
1303 894 1342 926 et
1366 893 1514 938 aliquot
1536 893 1647 927 Feae.

218 958 265 962 —
289 940 483 977 dinoscere¹
500 938 625 972 bSEc:
652 940 860 980 dianes-cere
886 938 1088 974 LOtFMJs.
1131 958 1177 963 ——
1208 942 1266 974 46.
1299 940 1453 975 Habent
1479 949 1645 974 emovere

219 985 338 1029 bScd,
372 997 450 1020 non
484 994 673 1028 amovere,
707 989 750 1019 ut
777 985 892 1020 Codd.
918 987 1006 1031 aliq.
1032 987 1253 1030 Pulmanni,
1287 987 1362 1022 duo
1393 988 1491 1022 Feae
1524 990 1562 1023 et
1585 988 1649 1022 AJ-

218 1033 330 1067 dinae
355 1036 444 1067 tres.

168 1152 274 1185 actae
312 1151 542 1185 memoriam.
593 1151 669 1186 Cic.
711 1151 757 1185 de
800 1150 907 1186 offic.

170 1200 203 1241 1,
222 1201 254 1241 1,
273 1201 305 1232 1.
340 1198 452 1233 Corn.
469 1199 562 1243 Nep.
579 1198 655 1232 Att.
674 1201 706 1241 3,
725 1201 758 1232 3.
795 1199 910 1233 Athe-

166 1256 237 1279 nas
262 1246 396 1280 urbem
420 1249 537 1289 vocat,
562 1255 655 1287 quae
679 1247 908 1289 antiquitate,

169 1294 407 1336 humanitate,
421 1296 590 1328 doctrina
599 1296 761 1335 praestet
775 1302 907 1327 omnes.

168 1359 214 1364 —
244 1343 330 1382 plus
371 1341 478 1384 artis]
521 1344 678 1375 etwas
717 1342 908 1374 hehere

165 1389 327 1422 Eunde
351 1388 461 1431 Voss,
487 1389 682 1432 „culturae
705 1389 907 1423 exactior-is

166 1445 224 1478 ea,
250 1447 362 1481 quam
380 1436 523 1470 Romae
549 1436 740 1470 dumtaxat
765 1435 906 1480 degens

165 1483 259 1516 mihi
293 1495 428 1528 parare
452 1483 678 1528 potuissem,
711 1485 754 1517 ut
785 1484 907 1527 philo-

165 1531 278 1574 phiae
309 1531 443 1565 morali
478 1542 630 1576 operam
665 1531 758 1565 dans
790 1531 907 1564 virtu-

163 1580 241 1611 tem
267 1578 502 1623 distinguere
528 1579 658 1613 avitio
685 1578 905 1612 discerem.“

165 1626 320 1659 Rectum
343 1627 379 1659 h.
399 1627 435 1669 1.,
465 1628 509 1660 ut
534 1626 608 1660 Sat.
628 1628 661 1669 2,
680 1628 712 1667 6,
731 1628 794 1660 75:
819 1635 906 1659 usus

164 1675 362 1707 rectumne.
387 1691 436 1697 —
452 1673 636 1716 Athenae]
664 1673 741 1707 Cic.
768 1673 815 1707 de
841 1673 904 1707 Or.

164 1722 200 1762 3,
219 1722 275 1763 11,
293 1722 358 1754 43:
384 1722 533 1754 Athenis
557 1722 633 1754 iam
657 1722 722 1754 diu
738 1722 906 1754 doctrina

162 1768 330 1808 ipsorum
357 1768 633 1802 Atheniensium
656 1769 813 1807 interiit‚·
843 1769 906 1800 do-

163 1816 342 1848 micilium
368 1818 513 1849 tantam
536 1817 576 1848 in
591 1816 660 1848 illa
678 1816 767 1847 urbe
783 1823 904 1847 rema-

164 1864 226 1895 net
243 1863 459 1905 studiorum,
487 1864 614 1903 quibus
639 1864 774 1894 vacant
799 1863 904 1903 cives,

160 1911 352 1950 pereurini
380 1911 570 1951 fruuntur,
602 1910 701 1950 capti
729 1909 904 1949 quodam-

163 1957 270 1990 modo
297 1958 443 1990 nomine
471 1958 573 1990 urbis
603 1959 636 1989 et
673 1957 903 1990 auctoritate.

162 2002 221 2037 De
245 2003 396 2038 Horatii
419 2004 580 2038 Athenis
610 2003 904 2037 commoratione

163 2050 239 2085 vid.
257 2051 305 2085 ad
322 2062 474 2085 versum
492 2053 536 2084 82
556 2062 612 2095 sq.
630 2070 673 2074 -
692 2054 731 2084 ut
756 2050 903 2093 vellem]

165 2101 232 2140 „ut
248 2099 420 2133 arderem
439 2099 563 2133 studio
583 2098 662 2132 veri
686 2097 903 2143 reperiendi

163 2146 319 2190 proprio
346 2146 463 2180 animi
488 2145 707 2180 instinctu.“
729 2165 772 2169 -—
792 2154 903 2179 curvo

162 2194 352 2227 dinoscere
376 2194 530 2236 rectum]
555 2193 661 2227 Pers.
686 2195 720 2234 4,
739 2194 800 2226 12:
832 2195 903 2226 Re-

163 2242 262 2273 ctum
284 2243 469 2283 discernis,
494 2242 558 2274 ubi
579 2242 676 2274 inter
701 2242 820 2274 Curva
843 2249 904 2273 sa-

163 2288 226 2321 ba.
270 2288 355 2322 Noli
385 2292 509 2322 autem
540 2297 651 2321 curvo
680 2298 749 2332 pro
778 2287 902 2322 dativo

162 2334 315 2377 habere,
346 2336 411 2370 sed
442 2335 540 2370 conf.
570 2335 663 2379 Epp.
697 2337 727 2376 1,
761 2337 815 2377 15,
846 2337 903 2368 29.

165 2400 209 2405 —
233 2384 329 2416 inter
352 2385 463 2417 silvas
487 2382 676 2425 Academi]
705 2382 761 2416 De
786 2383 902 2416 heroe

162 2428 352 2463 Academo
383 2431 450 2463 cfr.
475 2430 575 2463 Plut.
601 2430 711 2463 Thes.
738 2431 794 2463 32.
827 2429 903 2463 Eu-

163 2476 262 2521 polis
295 2477 475 2511 Meinekii
508 2477 557 2511 H.
586 2480 624 2519 1,
657 2488 693 2521 p.
720 2479 812 2511 437:
842 2474 903 2509 Ἐν

163 2521 334 2567 εὐσκίοις
350 2521 553 2572 δρόμοισιν
567 2519 778 2567 Ἀκαδήμου
799 2524 903 2557 θεοῦ.

162 2571 408 2606 Academicos
447 2572 564 2617 igitur
605 2572 705 2605 inter
741 2571 902 2605 aliarum

164 2618 453 2664 disciplinarum
487 2618 660 2653 doctores
694 2619 814 2652 audiit
854 2618 901 2653 ab

164 2666 290 2711 iisque
304 2667 448 2709 didicit,
466 2677 596 2701 verum
615 2665 801 2710 quomodo
816 2676 902 2700 cum

162 2717 347 2758 perpetua
370 2717 495 2748 tamen
520 2713 643 2759 ἐποχῇ
673 2713 902 2759 investigan-

957 1151 1046 1185 dum
1087 1152 1148 1186 sit.
1197 1151 1447 1197 Philosophos
1488 1151 1694 1197 Epicureos

959 1210 1048 1233 sane
1075 1210 1151 1233 non
1177 1199 1355 1245 neglexit.

1004 1248 1157 1280 46—-51,
1181 1247 1358 1290 emovere]
1385 1246 1461 1290 μί,
1485 1246 1548 1280 cui
1569 1247 1695 1282 resisti

957 1304 1034 1328 non
1062 1296 1222 1338 poterat,
1251 1295 1442 1339 expulere,
1470 1295 1587 1328 rissen
1613 1296 1714 1335 hers

957 1341 1059 1375 au5.“
1098 1341 1284 1383 „Athenis
1310 1341 1411 1375 enim
1437 1343 1612 1376 evocatus
1639 1344 1713 1376 est*

956 1399 978 1422 a
1018 1388 1156 1432 Bruto,
1197 1389 1263 1433 qui
1304 1391 1396 1423 tunc
1434 1387 1616 1423 Achaiam
1658 1392 1696 1424 et

955 1435 1123 1470 Athenas
1157 1436 1326 1479 tenebat,
1366 1436 1486 1470 Bruto
1521 1437 1694 1482 cognitus

956 1494 978 1517 a
995 1483 1129 1517 studiis
1154 1483 1428 1528 philosophiae,
1451 1484 1493 1517 in
1511 1494 1587 1528 qua
1603 1487 1694 1519 tunc

956 1533 1038 1564 erat
1055 1531 1194 1565 celebri
1212 1531 1399 1565 nomine.“
1425 1530 1554 1565 Comi.
1573 1531 1694 1571 CRUQ.

956 1577 1032 1611 Sat.
1064 1581 1102 1620 1,
1128 1580 1160 1620 6,
1191 1580 1255 1612 48:
1290 1579 1395 1620 Quod
1425 1579 1515 1612 mihi
1542 1581 1695 1620 pareret

958 1626 1050 1666 leqio
1083 1627 1254 1659 Romana
1295 1627 1450 1659 tribuno.
1509 1625 1585 1660 Cfr.
1619 1626 1693 1660 Sat.

957 1674 996 1715 1,
1023 1674 1061 1715 7,
1090 1674 1144 1707 18.
1170 1692 1216 1697 -
1242 1674 1434 1714 Civilisque
1465 1673 1555 1716 cet.]
1594 1672 1692 1706 Con-

955 1722 1083 1754 strue:
1119 1721 1241 1754 Civilis
1275 1722 1397 1753 aestas
1427 1719 1548 1762 (furor
1575 1721 1692 1753 civilis

955 1765 1022 1800 Od.
1057 1770 1097 1809 4,
1133 1769 1194 1809 15,
1231 1767 1306 1809 18.)
1339 1777 1399 1800 me
1442 1767 1573 1800 rudem
1603 1768 1692 1800 belli

954 1823 1065 1847 caeco
1081 1814 1243 1858 quodam
1259 1813 1402 1857 impetu
1421 1814 1504 1846 tulit
1517 1814 1559 1846 in
1571 1823 1692 1857 arma,

953 1860 1117 1905 imagine
1170 1860 1370 1904 desumpta
1421 1859 1468 1894 ab
1522 1862 1690 1896 torrente

954 1909 1079 1942 omnia
1113 1918 1240 1942 secum
1273 1909 1429 1950 serente,
1466 1907 1690 1953 abripiente.

954 1954 1031 1989 Cfr.
1066 1954 1135 1989 Od.
1169 1957 1208 1998 2,
1242 1956 1275 1997 7,
1311 1957 1377 1988 15:
1412 1957 1459 1988 Te
1490 1963 1619 1989 rursus
1651 1957 1692 1990 in

955 2003 1088 2036 bellum
1116 2004 1306 2036 resorbens
1339 2004 1443 2036 Unda
1475 2003 1579 2043 fretis
1609 2004 1693 2036 tulit

954 2051 1142 2083 aestuosis.
1163 2069 1206 2074 -
1225 2058 1299 2083 non
1322 2050 1559 2093 responsura]
1593 2050 1691 2092 „fato

954 2097 1007 2131 sic
1033 2098 1200 2140 iubente,
1229 2097 1338 2142 paria
1362 2107 1438 2131 non
1463 2097 1626 2131 futura.“
1646 2116 1689 2122 —

955 2145 1114 2188 lacertis]
1142 2144 1378 2188 „fortitudini
1402 2154 1447 2179 ac
1470 2145 1590 2178 multo
1615 2155 1691 2179 ma-

952 2192 1025 2226 iori
1050 2191 1275 2237 potentiae,“
1304 2191 1412 2236 quasi
1434 2191 1481 2225 de
1505 2192 1690 2226 luctatore

952 2239 1226 2274 robustissimo.
1238 2258 1281 2264 -
1291 2240 1402 2272 simul
1410 2239 1587 2282 primum]
1600 2239 1690 2274 Fre-

955 2287 1133 2330 quentius
1163 2289 1221 2321 est
1248 2289 1289 2320 ut
1315 2287 1490 2329 primum,
1522 2288 1587 2320 ubi
1611 2287 1691 2328 pri-

951 2342 1067 2376 mum,
1092 2335 1258 2367 simulac.
1278 2352 1322 2358 —
1340 2333 1522 2376 dimisere]
1559 2333 1690 2376 „Tam-

954 2393 1065 2426 quam
1090 2382 1123 2416 si
1147 2381 1366 2415 missionem
1390 2381 1638 2425 accepissem,
1667 2391 1690 2415 a

951 2429 1088 2463 militia
1118 2439 1178 2463 me
1212 2428 1392 2470 subduxi,
1431 2428 1543 2462 aliter
1578 2438 1688 2473 qnam

951 2476 1040 2510 fecit
1072 2476 1275 2520 Pompeius
1309 2475 1387 2517 ille,
1418 2483 1583 2509 meorum
1607 2475 1688 2516 pri-

951 2532 1031 2556 mus
1063 2523 1278 2557 sodalium.“
1321 2521 1391 2556 od.
1426 2524 1458 2565 2,
1493 2524 1525 2565 7,
1561 2523 1616 2556 15.
1643 2540 1687 2545 -

950 2570 1126 2613 Philippi]
1151 2569 1217 2603 ubi
1234 2570 1376 2604 Brutus
1399 2571 1438 2603 et
1454 2568 1609 2604 Cassius
1630 2568 1688 2602 in-

951 2618 1140 2652 terierunt
1169 2628 1200 2651 a.
1228 2628 1265 2650 u.
1291 2627 1322 2650 c.
1353 2618 1433 2650 712.
1453 2635 1496 2640 -
1514 2617 1654 2650 Decius
1671 2633 1687 2641 -

947 2665 1091 2708 pennis]
1119 2664 1195 2698 Cic.
1220 2663 1268 2698 ad
1292 2664 1368 2698 Att.
1394 2665 1427 2706 4,
1453 2665 1486 2706 2,
1511 2664 1552 2696 5:
1578 2664 1688 2697 iidem

950 2714 1023 2755 illi,
1066 2713 1130 2753 qui
1168 2713 1259 2745 mihi
1296 2712 1431 2753 pinnas
1469 2711 1685 2753 inciderant,
