1774 2930
621 162 715 197 Lm.
738 161 786 196 11.
834 159 987 195 EPIST.
1010 160 1041 194 1.

1499 159 1588 200 429

192 264 295 308 Mox
323 263 508 307 trahitur
536 263 733 306 manibus
763 275 915 318 regum
944 261 1116 303 fortuna
1144 259 1329 313 retortis,

192 334 360 378 Esseda
389 334 612 387 festinant,
643 333 818 390 pilenta,
849 333 1069 389 petorrita,
1100 345 1247 384 naves,

194 406 423 462 Captivum
452 408 648 462 portatur
677 404 796 457 ebur,
828 403 997 459 captiva
1026 402 1271 444 Corinthus.

194 476 242 518 Si
270 476 381 519 foret
408 476 455 518 in
484 476 625 528 terris,
656 474 815 517 rideret
842 473 1129 526 Democritus,
1160 487 1237 515 seu

193 547 424 590 Diversum
456 546 634 588 confusa
664 559 798 601 genus
828 545 1039 601 panthera
1069 543 1251 597 camelo,

1505 542 1589 583 195

195 617 296 660 Sive
326 617 503 673 elephas
536 617 657 659 albus
687 616 803 671 volgi
835 618 1102 658 converteret
1131 628 1227 667 ora3

195 687 419 745 Spectaret
447 688 653 744 populum
682 686 794 728 ludis
825 687 1030 728 attentius
1061 685 1183 741 ipsis,

172 796 250 828 196.
275 794 492 827 converterit
519 803 604 826 cum
629 791 814 827 Prisciani
841 791 930 826 Cod.
956 791 1171 836 Cantabrig.
1196 789 1404 825 Bentleius.

75 890 135 921 est
165 897 255 921 sane
292 887 392 932 apud
416 887 520 932 Virg.
546 886 612 920 Ge.
644 888 685 928 3,
715 887 807 920 461:

76 942 231 974 acerque
249 935 408 968 Gelonus
426 935 512 968 Cum
535 935 630 975 [uait
655 935 695 966 in
710 934 807 966 Rho-

76 982 195 1022 dopen
218 983 326 1022 atque
349 982 391 1014 in
413 982 557 1015 deserta
582 981 769 1014 Getarum.

124 1076 294 1109 191-193.
315 1075 407 1109 Mox
422 1074 507 1117 cet]
534 1073 646 1116 „Post
668 1073 805 1118 proelii

76 1120 314 1155 simulacrum
349 1121 563 1166 triumphus
599 1121 724 1166 agitur
764 1121 804 1154 in

0 1166 6 1181 ¹
75 1167 222 1202 scena-‘⁴
248 1168 360 1202 an.
387 1187 431 1192 —
457 1168 632 1211 trabitur]
665 1167 805 1202 Eodem

73 1214 188 1248 verbo
242 1215 289 1249 de
342 1215 499 1260 captivis
551 1225 620 1259 per
676 1216 806 1248 trium-

74 1261 189 1304 phum
213 1261 397 1296 ducendis
422 1273 515 1296 usus
533 1264 591 1296 est
607 1262 718 1296 etiam
736 1261 806 1295 Od.

75 1310 117 1349 4,
142 1309 185 1350 2,
211 1309 279 1342 34:
317 1310 534 1349 quandoque
558 1310 677 1342 trahet
709 1308 807 1350 (Au-

75 1355 224 1398 gustus)
247 1357 385 1396 seroces
409 1357 481 1388 Per
504 1364 650 1388 sacrum
675 1357 808 1388 clivum

75 1402 359 1443 --Suqamtn-os.
386 1422 428 1426 -
453 1403 620 1435 manibus
635 1422 650 1428 -
663 1420 678 1426 -
690 1405 807 1435 retor-

76 1447 143 1490 tis]
185 1447 260 1482 Gfr.
293 1448 363 1482 Od.
396 1452 436 1491 3,
471 1452 512 1491 5,
549 1451 618 1483 22:
655 1450 807 1482 Retorta

76 1497 178 1536 terno
203 1496 355 1529 bracma
381 1497 505 1530 libero.
519 1515 562 1519 —
580 1499 707 1537 fevum
730 1498 807 1538 sor-

75 1542 182 1584 tuna]
209 1553 345 1588 „reges
370 1543 460 1576 olim
485 1543 679 1585 fortunati,
703 1554 807 1576 nunc

76 1589 253 1633 captivi.“
280 1609 324 1613 —
349 1589 507 1633 Beseda]
549 1590 749 1632 „vehicula
785 1602 809 1625 a

74 1634 202 1680 Belgis
247 1637 411 1680 primum
450 1639 619 1681 reperta,
670 1637 807 1682 quibus

24 1722 27 1725 ι
74 1682 190 1715 aeteri
216 1681 315 1717 Gaui
338 1686 453 1728 atque
474 1681 647 1718 Britanni
672 1685 713 1717 in
737 1695 807 1728 pu-

72 1728 160 1773 gnis
183 1729 419 1764 utebantur.“
456 1730 612 1765 Duabus
628 1732 721 1765 rotis
738 1731 807 1765 im-

72 1775 197 1819 posita
228 1779 311 1811 erat
345 1777 439 1811 sella
470 1781 620 1822 aperta,
658 1778 697 1811 in
731 1789 807 1823 qua

72 1822 181 1857 miles
229 1826 269 1857 et
314 1824 446 1869 auriga
491 1824 655 1859 sedebat.
682 1844 726 1848 ——
749 1827 808 1867 pi-

11 1892 17 1897 »
75 1869 190 1912 tenta,
219 1872 420 1914 petorrita]
460 1871 670 1914 Pilentnm,
703 1873 805 1906 vehi-

74 1916 152 1950 culi
176 1927 295 1961 genus
325 1920 482 1960 tectum,
514 1930 588 1963 qno
613 1922 805 1953 matronae

73 1961 312 2006 ferebantur,
351 1964 405 1997 ita
443 1965 620 1999 libratum
661 1966 807 2000 duabus

74 2009 187 2050 rotis,
219 2013 262 2043 ut
296 2011 534 2045 considentes
567 2012 607 2044 in
639 2013 806 2056 pulvinis

70 2054 116 2092 ,in
140 2058 228 2089 aere
253 2066 460 2101 suspensae
485 2058 617 2102 agitari
636 2059 808 2093 videren-

75 2102 149 2144 tur,
185 2101 380 2137 differebat
414 2115 437 2137 a
471 2106 664 2148 petorrito,
706 2106 807 2150 quod

76 2151 254 2191 quattuor
278 2152 381 2185 rotas
405 2151 586 2191 habebat‚·
621 2152 806 2196 pilentum

74 2195 149 2229 fuit
180 2196 375 2230 inventum
407 2198 468 2231 vel
502 2198 710 2232 Tuscorum
747 2200 806 2233 vel

74 2241 341 2286 Hispanorum,
361 2245 584 2288 petorritum
602 2245 806 2279 Gallorum.

77 2288 183 2323 Conf.
212 2289 286 2324 Sat.
314 2294 346 2332 1,
372 2294 405 2331 6,
431 2293 510 2325 104.
529 2311 572 2316 —
591 2293 717 2335 naves]
743 2296 808 2326 aut

74 2335 226 2370 navium
266 2341 458 2382 captarum
501 2339 701 2373 simulacra
741 2344 808 2374 aut

74 2382 240 2426 ipsarum
264 2387 387 2419 rostra
410 2385 595 2420 vehiculis
620 2386 805 2430 imposita.

73 2429 151 2463 Alii
177 2430 366 2475 explicant
397 2432 498 2476 ipsas
531 2443 644 2467 naves
668 2435 806 2467 machi-

74 2477 135 2510 nis
170 2487 239 2521 per
275 2488 424 2512 scenam
462 2480 605 2514 ductas.
632 2499 674 2503 —
702 2481 805 2523 ebur]

75 2523 206 2568 „signa
230 2527 268 2558 et
291 2526 411 2560 omnis
436 2527 586 2570 generis
609 2538 806 2562 ornamen-

75 2571 114 2604 h
135 2570 334 2606 eburnea-⁴⁶
382 2571 461 2607 Nisi
487 2584 575 2608 vero
599 2575 716 2608 mavis
746 2575 804 2608 in-

75 2615 244 2661 telligere
265 2618 412 2653 'dentes
449 2621 658 2664 eburneos;
705 2622 804 2666 apud

74 2660 221 2697 Livium
261 2668 362 2700 certe
398 2669 459 2708 37,
499 2670 554 2701 59.
593 2668 631 2701 in
673 2669 803 2702 trium-

75 2709 150 2752 pho
187 2710 232 2744 de
266 2712 455 2747 Antiocho
494 2716 645 2748 eburnei
681 2717 804 2749 dentes

854 887 1077 920 MCCXXXI.
1102 885 1241 930 portati
1279 895 1361 919 esse
1398 883 1590 918 dicuntur.

950 934 1094 974 captiva
1143 932 1354 975 Corinthus]
1411 931 1591 976 Plerique

854 980 1172 1023 interpretantur:
1212 982 1345 1021 „tanta
1375 979 1430 1012 vis
1465 978 1591 1023 signo-

853 1037 936 1060 rum
969 1037 1171 1061 aeneorum
1188 1029 1190 1031 ’
1209 1035 1589 1070 marmoreorumque,

854 1076 996 1118 quanta
1041 1085 1064 1108 a
1103 1073 1146 1107 L.
1185 1073 1365 1108 Mummio
1407 1073 1589 1106 Corintho

852 1121 1008 1155 Romam
1051 1124 1108 1155 est
1147 1120 1334 1155 advecta-‘⁶
1391 1119 1590 1154 Praestare

855 1170 979 1202 tamen
1004 1168 1154 1202 videtur
1179 1168 1342 1202 Acronis
1369 1167 1589 1212 explicatio:

857 1225 966 1257 „vasa
984 1214 1211 1257 Corinthia,“
1238 1225 1323 1248 cnm
1349 1215 1459 1248 etiam
1482 1214 1593 1248 Pom-

855 1263 963 1306 peius
988 1262 1090 1295 ludis
1116 1262 1196 1295 suis
1225 1262 1265 1295 in
1291 1261 1399 1306 Equo
1425 1261 1591 1296 Troiano

856 1309 1072 1353 exposuerit
1096 1312 1329 1342 craterarum
1354 1310 1451 1351 (non
1476 1311 1592 1342 cetra-

854 1357 959 1398 rum)
997 1357 1071 1389 tria
1106 1357 1221 1389 milia.
1273 1355 1373 1398 (Cic.
1407 1355 1455 1389 ad
1488 1355 1591 1390 Fam.

856 1404 890 1444 7,
917 1405 954 1445 1,
979 1403 1029 1446 2.)

905 1499 1127 1531 194—199.
1175 1497 1429 1541 Democritus]
1477 1497 1594 1531 Hune.

856 1554 985 1577 omnes
1002 1554 1063 1578 res
1085 1544 1268 1579 humanas
1291 1548 1473 1589 perpetuo
1497 1545 1593 1587 risu,

854 1589 1085 1625 Heraclitum
1111 1592 1261 1625 easdem
1288 1591 1380 1625 fletu
1404 1594 1589 1636 perpetuo

854 1641 1093 1681 prosecutum
1143 1649 1225 1672 esse
1284 1639 1488 1673 narrabant
1548 1638 1590 1672 in

856 1685 994 1719 scholis
1030 1685 1257 1730 philosophi.
1307 1685 1383 1719 Cfr.
1422 1686 1517 1730 Epp.
1556 1688 1589 1729 1,

857 1733 920 1774 12,
948 1733 1003 1765 12.
1047 1731 1179 1766 Iuven.
1208 1735 1269 1771 lo,
1296 1735 1368 1766 33:
1409 1735 1590 1774 Perpetuo

852 1780 933 1812 risu
954 1780 1164 1820 pulmonem
1188 1782 1333 1822 avitare
1355 1781 1494 1813 solebat
1518 1782 1589 1814 De-

853 1828 1448 1871 mocritu3.—Diversum-0enus]
1474 1828 1592 1870 „mire

854 1873 1010 1906 mixtum
1042 1873 1141 1908 inter
1174 1885 1215 1908 se
1240 1885 1286 1908 ex
1318 1875 1449 1908 formis
1476 1885 1590 1919 qnam

855 1921 1012 1954 maxime
1037 1921 1361 1966 discrepantibu83
1386 1932 1482 1956 non:
1510 1922 1589 1963 „di-

854 1978 1005 2001 versum
1030 1970 1153 2002 tamen
1178 1968 1225 2002 ab
1247 1972 1421 2013 utroque,
1446 1969 1593 2003 camelo

855 2017 892 2047 et
914 2014 1109 2057 panthera,
1133 2017 1286 2059 genus,“
1321 2016 1360 2049 id
1386 2016 1487 2060 quod
1513 2015 1590 2049 dici

855 2060 952 2093 nihil
974 2061 1166 2095 attinebat.
1200 2062 1269 2095 Est
1285 2065 1409 2096 autem
1425 2073 1458 2095 v.
1477 2071 1590 2103 oenus

855 2108 1038 2150 appositio
1069 2109 1196 2151 potius
1229 2119 1355 2152 quam,
1391 2120 1503 2153 quem
1534 2109 1591 2142 di-

856 2157 966 2193 cunt,
1002 2154 1239 2188 accusativus
1272 2155 1458 2190 Graecus:
1496 2167 1591 2200 avy-

855 2200 1018 2240 χυθεῖσα
1030 2199 1128 2234 κατὰ
1140 2203 1251 2245 γένος
1258 2199 1461 2250 διάφορον,
1476 2214 1589 2245 „eon-

854 2247 940 2281 fusa
971 2248 1012 2280 in
1046 2248 1236 2282 diversum
1261 2251 1415 2294 genus.“
1467 2249 1592 2296 Signi-

854 2293 941 2328 ficat
979 2297 1313 2339 camelopardalin,
1362 2298 1589 2339 Girasse.

853 2341 952 2375 Plin.
983 2342 1031 2375 H.
1063 2343 1108 2376 N.
1142 2345 1183 2384 8,
1219 2346 1282 2385 18,
1316 2345 1384 2378 27:
1427 2346 1589 2378 camelo-

850 2390 1020 2429 pardalis
1065 2392 1256 2423 dictatoris
1303 2393 1469 2425 Caesaris
1512 2394 1591 2425 Cir-

854 2437 1017 2469 censibus
1043 2438 1138 2470 ludis
1160 2439 1322 2478 primum
1337 2441 1419 2472 visa
1434 2441 1587 2472 Romae.

852 2483 912 2516 Ea·
952 2492 992 2516 eo
1031 2486 1182 2517 subinde
1223 2487 1396 2527 cernitur,
1438 2489 1588 2527 aspectu

852 2532 968 2571 maai-s
1017 2540 1128 2571 quam
1183 2534 1332 2573 scritate
1380 2535 1589 2574 conspicua,

853 2585 969 2616 quare
994 2580 1103 2611 etiam
1128 2579 1207 2612 ovis
1231 2579 1333 2613 ferae
1367 2589 1498 2612 nomen
1529 2581 1588 2612 in-

852 2625 960 2656 venit.
995 2643 1037 2648 —
1072 2625 1198 2668 albus]
1240 2625 1468 2670 Elephantes
1509 2626 1586 2660 albi

853 2671 1015 2705 rariores
1041 2675 1195 2706 sunt.—
1213 2673 1424 2716 ludis-ipsis]
1452 2684 1587 2718 „quam

853 2717 961 2752 ludos
993 2719 1135 2763 ipsos.“
1187 2719 1262 2752 Cfr.
1289 2719 1363 2754 Sat.
1397 2723 1436 2762 1,
1464 2724 1502 2762 1,
1528 2723 1588 2754 97.
