1774 2930
620 171 715 207 LIB.
740 171 771 207 1.
818 166 973 206 ms‘r.
993 169 1080 204 m

1521 167 1604 208 337

217 276 341 326 Quae
366 288 485 318 mare
515 276 787 330 compescant
816 284 990 324 causae,
1021 269 1126 326 quid
1154 274 1366 326 temperet
1395 282 1570 318 annum,

216 346 376 390 Stellae
405 348 558 402 sponte
588 358 685 397 sua,
716 343 915 385 iussaene
944 344 1154 397 vagentur
1182 344 1227 383 et
1256 343 1417 393 errent,

216 416 330 467 Quid
357 420 523 473 premat
552 415 780 457 obscurum
807 413 955 466 lunae,
987 410 1091 467 quid
1119 410 1309 468 proferat
1339 410 1504 460 orbem,

217 486 331 536 Quid
358 487 465 530 velit
495 490 538 529 et
568 485 705 542 possit
734 497 877 526 rerum
907 481 1132 525 concordia
1161 481 1341 533 discors,

214 557 518 614 Empedocles,
551 570 606 598 an
637 554 888 597 Stertinium
919 553 1070 595 deliret
1098 566 1290 595 acumen.

102 711 247 754 ‚adhuc
272 720 401 751 cures,
435 718 532 753 quac
556 708 742 742 humanae
766 716 827 741 co·

99 757 259 804 gnitioni
284 759 420 802 negata
445 756 566 790 ιιιιιη.ιι

150 853 268 886 16-20.
302 852 406 893 Quae
435 857 543 883 mare
566 848 652 891 cet]
678 847 827 882 Similes

99 899 173 933 loci
185 900 275 932 sunt
286 897 391 942 Virg.
406 896 472 930 Ge.
486 898 520 939 2,
533 897 600 929 4⁷5
616 906 720 940 seqq.
737 894 828 929 Pro·

99 949 196 990 pert.
220 949 263 987 4,
286 947 328 988 4,
358 945 403 978 25
429 954 512 988 sqq.
560 941 688 976 Manil.
716 945 756 984 1,
781 944 827 975 94

101 1002 184 1038 sqq.
233 991 322 1026 Stat.
348 990 438 1024 silv.
464 993 505 1031 5,
530 991 571 1031 3,
604 992 646 1023 19
673 999 755 1034 sqq.
782 1007 826 1013 —

99 1036 539 1081 computem-temperet]
564 1036 734 1081 Propert.
758 1036 782 1069 l.
803 1036 827 1069 l.

102 1087 167 1120 37:
192 1086 403 1120 arvenos
426 1085 516 1126 fines
539 1085 657 1117 auum
673 1092 747 1116 non
764 1092 827 1117 ea:-

100 1135 159 1166 ωε
194 1140 351 1174 aequor,
388 1132 522 1164 Plenus
559 1133 592 1164 et
627 1132 668 1163 in
700 1133 827 1172 partes

101 1182 277 1221 quattuor
300 1187 420 1212 annus
444 1181 515 1212 eat.
541 1196 584 1202 —
608 1181 734 1220 sponte
758 1186 828 1211 sua

100 1226 187 1270 oct-J
212 1226 438 1271 „propi-ione
463 1225 606 1270 impetu
632 1228 745 1269 atque
770 1225 827 1258 in-

101 1273 243 1307 stinctu
259 1283 308 1307 an
323 1274 445 1306 iussae
462 1282 506 1306 ac
519 1272 653 1306 ductae
671 1272 827 1305 numine

101 1319 262 1354 divino&
314 1319 375 1353 Sic
414 1318 519 1364 virg.
556 1320 650 1352 Aen.
692 1322 734 1360 9,
771 1321 828 1352 21.

97 1367 270 1408 pelanus
284 1368 370 1407 polo
393 1366 519 1399 stellas
535 1365 638 1407 dicit,
663 1376 706 1400 ac
722 1376 829 1409 pror-

103 1423 168 1447 sus
199 1416 244 1447 ut
265 1412 464 1454 Horatius,
498 1412 631 1446 Cicero
664 1412 710 1446 de
735 1412 828 1456 Rep.

104 1463 138 1502 1,
163 1462 219 1502 14,
243 1462 308 1494 22:
330 1460 533 1501 stellarum,
549 1458 650 1503 {quae
667 1462 830 1492 cri-antes

103 1509 139 1541 et
174 1508 282 1548 quasi
309 1515 426 1548 vavae
462 1508 751 1553 nominarentur.
786 1525 829 1530 —

100 1553 269 1597 premat]
317 1553 591 1596 „abscondat;“
640 1554 830 1586 obscurum

102 1603 228 1636 autem
250 1598 350 1634 κατὰ
373 1597 583 1646 πρόληψιν,
610 1600 684 1642 „ita
706 1603 749 1634 ut
765 1600 831 1634 ob-

103 1648 312 1682 scuretur-‘⁴
352 1646 527 1692 Intellige
556 1647 602 1681 de
628 1647 747 1681 solitis
772 1647 830 1681 lu-

102 1704 175 1729 nae
190 1694 528 1735 vicissitudinibus,
553 1691 741 1727 κενώσεσι
766 1696 832 1727 καὶ

102 1738 336 1788 πληρώσεσι,
369 1752 446 1775 non
479 1741 526 1775 de
559 1742 643 1775 eius
668 1741 830 1776 defectu.

102 1787 286 1822 Similiter
309 1788 421 1833 Prop.
438 1788 463 1821 l.
490 1789 513 1821 Ι.
540 1790 603 1822 27:
628 1790 724 1822 unde
750 1797 831 1822 coa-

102 1837 167 1869 ctis
191 1837 365 1870 Cornibus
396 1837 438 1867 in
461 1837 612 1876 plenum
643 1839 831 1869 menstrua

105 1883 194 1916 tuna
218 1883 327 1916 redit.
345 1901 388 1906 -
416 1883 512 1924 Quid
534 1884 622 1916 vetit
649 1886 681 1915 et
702 1883 830 1926 possit]

106 1929 221 1971 „Quis
244 1929 333 1964 finis
363 1926 556 1971 (σκοπός)
590 1932 628 1963 et
653 1940 750 1974 quae
774 1931 831 1964 vis

103 1975 155 2010 sit
176 1976 307 2010 mundi
340 1976 540 2010 universi.“
569 1995 611 2000 —-
638 1979 831 2010 concordia

103 2022 263 2064 discors]
289 2022 538 2064 „universitas
563 2033 711 2065 rerum,
743 2023 833 2057 licet

105 2069 214 2102 nobis
251 2068 438 2102 interdum
472 2069 616 2103 discors
650 2070 832 2112 videatur,

106 2116 231 2149 tamen
252 2115 464 2149 admirabili
490 2116 723 2160 singularum
749 2127 833 2160 par-

107 2161 203 2195 tium
227 2162 426 2196 concordia
450 2162 613 2195 iuncta.“
641 2162 701 2196 Sic
726 2162 832 2196 Ovid.

104 2207 195 2245 Met.
220 2212 259 2250 1,
282 2210 371 2242 433:
403 2209 539 2241 discors
563 2210 757 2242 concordia
781 2211 834 2251 se-

107 2256 202 2288 tibus
242 2258 332 2297 apta
373 2258 435 2289 est.
485 2254 629 2289 Seneca
664 2256 833 2295 Quaestt.

105 2300 189 2336 Nat.
214 2303 256 2343 7,
289 2303 353 2344 27,
386 2305 428 2336 3:
469 2303 558 2335 Tota
589 2304 677 2336 haec
707 2305 835 2337 mundi

107 2350 301 2383 eoncordia
341 2358 387 2383 ea·
421 2350 642 2383 discordibus
683 2353 833 2383 constat.

104 2395 261 2430 Inversa
292 2396 438 2430 ratione
469 2395 647 2431 Manilius
682 2400 721 2439 1,
754 2399 834 2431 141.

106 2443 327 2476 discordiam
367 2445 580 2477 concordem
625 2443 729 2478 dixit.
778 2444 834 2478 De

107 2499 284 2534 oxymoro
310 2490 377 2524 cfr.
425 2490 518 2535 Epp.
546 2494 586 2532 1,
617 2494 679 2533 ll,
705 2493 762 2524 28.
790 2510 834 2515 -

106 2536 359 2579 Empedocles]
382 2538 672 2582 Agrigentinus,
698 2537 834 2583 Pytha-

108 2593 221 2627 gorae
245 2583 467 2628 discipulus.
492 2585 538 2617 Η.
557 2585 581 2618 l.
600 2585 835 2630 significatur

108 2628 191 2663 eius
214 2635 340 2673 νεῖκος
363 2633 429 2664 καὶ
453 2631 575 2672 φιλία.
604 2632 751 2677 Fragm.
777 2632 835 2666 ed.

110 2673 220 2709 Stura
235 2687 270 2711 v.
286 2679 374 2711 203:
397 2675 547 2712 ’Ἀλλοτε
562 2679 634 2720 μὲν
658 2676 837 2723 φιλότητι

111 2721 356 2769 συνερχόμεν’
380 2727 434 2767 εἰς
449 2721 492 2759 ἓν
506 2721 668 2766 ἅπαντα,
689 2723 836 2759 unove

180 2791 280 2818 nont
297 2792 362 2819 Vol.
379 2793 418 2819 11.
453 2795 507 2821 Ed.
523 2797 619 2820 minor
636 2796 669 2820 V.

1550 550 1608 591 20

874 705 907 738 δ’
930 700 980 739 αὖ
1005 705 1079 746 δίχ’
1108 701 1257 739 ’ἕκαστα
1286 701 1508 751 φορεύμενα
1532 706 1608 737 νεί-

875 764 963 795 κεος
987 749 1106 794 ἔχθει.
1156 753 1232 787 Cfr.
1257 752 1301 785 A.
1327 751 1368 786 P.
1393 753 1475 785 465.
1522 750 1608 784 Em-

835 806 842 810 '
875 800 1044 845 pedoclis
1063 803 1187 834 autem
1205 800 1372 834 carmina
1387 799 1608 844 frequenter

875 859 898 882 a
921 847 1101 882 Romanis
1126 847 1364 892 legebantur,
1389 850 1431 880 ut
1454 846 1608 880 demon-

876 897 970 929 strat
986 894 1186 928 Lucretius
1211 897 1249 928 et
1266 894 1333 928 Cn.
1352 893 1506 927 Salustii
1523 893 1609 926 Em·

874 941 1057 986 pedoclea
1080 941 1207 976 derisa
1230 951 1253 974 a
1277 940 1460 975 Cicerone
1493 940 1540 974 ad
1566 939 1609 980 Q.

874 988 936 1022 Fr.
963 990 1005 1031 2,
1032 992 1087 1031 11,
1112 991 1146 1022 4.
1174 1007 1218 1013 -
1243 989 1456 1023 Stertinium
1480 988 1610 1021 deliret

875 1035 1050 1079 acumen]
1089 1035 1179 1070 Sine
1220 1035 1322 1070 ioco:
1366 1035 1610 1080 „Investigas,

875 1086 1003 1117 utrum
1027 1084 1152 1117 verior
1178 1083 1227 1117 sit
1258 1082 1415 1127 physica
1438 1082 1611 1115 doctrina

875 1130 1134 1175 Empedoclis,
1159 1141 1207 1164 an
1235 1129 1478 1164 Stoicorum.“
1528 1128 1608 1163 Iam

875 1178 996 1211 facete
1021 1188 1090 1222 pro
1109 1177 1247 1211 Stoicis
1271 1177 1379 1222 ponit
1404 1176 1610 1210 ridiculum

877 1225 984 1258 illum
1001 1225 1225 1264 Stertinium,
1253 1223 1488 1268 „sapientum
1512 1227 1611 1258 octa·

876 1273 985 1304 vum⁴⁶
1021 1271 1121 1314 (Sat.
1147 1273 1189 1313 2,
1215 1273 1256 1310 3,
1282 1273 1339 1305 33.
1364 1271 1484 1313 296.),
1519 1270 1608 1315 „qui

878 1317 1023 1352 CCXX.
1064 1318 1183 1351 libros
1222 1317 1433 1352 Stoicorum
1473 1317 1608 1351 Latine

878 1366 1050 1409 scripsit⁴‘
1082 1365 1287 1408 (Senon),
1313 1366 1423 1409 eique
1449 1366 1532 1398 κατ’
1558 1366 1612 1398 εἰ-

877 1414 1037 1459 ρωνείαν
1055 1421 1208 1445 acumen
1224 1412 1376 1455 tribuit3
1401 1413 1611 1446 Stertinium

878 1459 1003 1494 autem
1038 1470 1108 1504 pro
1144 1461 1424 1500 Stertinianum,
1462 1462 1505 1492 ut
1541 1458 1611 1492 od.

879 1509 912 1548 4,
941 1509 997 1549 12,
1025 1508 1087 1540 18:
1111 1507 1467 1549 Sulpiciis-horreis.
1512 1533 1516 1536 .

927 1602 1061 1634 21-24.
1092 1601 1222 1634 Verum
1244 1609 1308 1633 seu
1333 1600 1418 1644 eet.]
1446 1599 1611 1642 „Verum

880 1648 1100 1692 quicunque
1134 1650 1222 1682 tuae
1255 1648 1353 1681 vitae
1379 1651 1436 1681 est
1460 1647 1612 1681 habitus

879 1695 1007 1738 (quem
1025 1695 1116 1729 satis
1134 1695 1341 1739 simplicem
1358 1705 1402 1728 ac
1426 1694 1610 1739 frugalem

879 1752 962 1776 esse
979 1742 1095 1786 probe
1109 1742 1210 1784 novi,
1228 1742 1367 1786 quippe
1386 1752 1472 1775 cum
1488 1742 1611 1776 victus

879 1791 968 1823 tuus
986 1792 1160 1823 constare
1177 1799 1253 1823 non
1273 1789 1392 1823 soleat
1408 1789 1482 1822 nisi
1498 1789 1611 1833 pisci·

878 1835 962 1878 bus,
987 1847 1101 1880 porro
1127 1847 1171 1870 ac
1197 1836 1413 1878 similibus),
1438 1836 1613 1881 benigne,

880 1894 1043 1927 quaeso,
1078 1884 1226 1928 recipe,
1265 1894 1376 1928 quem
1409 1883 1478 1917 tibi
1512 1894 1612 1917 com-

879 1930 1035 1968 mendo,
1074 1930 1288 1974 Grosphum
1326 1931 1486 1975 eiusque
1520 1940 1611 1964 con·

880 1977 1082 2011 suetudine
1108 1978 1227 2012 amice
1253 1979 1394 2012 utere.“
1416 1997 1458 2001 —
1481 1976 1612 2020 pisces]
1659 2011 1663 2014 ,

879 2024 1000 2058 Etiam
1017 2025 1179 2068 piscium
1193 2024 1253 2058 vel
1266 2035 1402 2058 recens
1416 2028 1611 2068 captorum

880 2071 939 2104 vel
957 2071 1187 2116 ταριχευτῶν
1204 2071 1244 2104 in
1264 2071 1394 2105 Sicilia
1414 2073 1524 2105 vilius
1541 2071 1614 2104 fuit

881 2118 1056 2160 pretium.
1091 2117 1286 2162 Significat
1309 2118 1451 2151 Iccium
1477 2119 1612 2161 spretis

881 2164 1040 2197 lautitiis
1052 2164 1232 2198 Romanis
1247 2165 1373 2198 vivere
1383 2164 1613 2198 Graecorum

881 2210 1097 2244 tenuiorum
1138 2221 1252 2244 more.
1300 2211 1447 2245 Festive
1486 2214 1609 2246 autem

882 2259 1044 2291 trucidas
1070 2258 1338 2301 (aomar-ast)
1365 2258 1412 2292 ad
1428 2258 1613 2304 Pythago-

881 2315 945 2338 rae
963 2307 1001 2338 et
1014 2304 1251 2349 Empedoclis
1266 2308 1506 2348 sectatorem3
1523 2306 1612 2340 Hie·

882 2361 964 2384 ron.
989 2351 1071 2386 Lib.
1097 2353 1130 2385 2.
1155 2352 1237 2386 adv.
1254 2352 1438 2386 Iovinian.
1465 2353 1506 2387 T.
1524 2355 1557 2387 2.
1575 2365 1611 2398 p.

882 2400 963 2432 331.
987 2398 1171 2433 Vallars.:
1195 2401 1362 2433 probabo
1386 2408 1459 2433 non
1483 2402 1613 2442 Empe·

882 2446 994 2478 doctis
1032 2448 1064 2479 et
1101 2447 1334 2488 Pythaqorae
1375 2456 1438 2480 nos
1480 2449 1612 2488 dooma

881 2494 1024 2535 sectari,
1050 2494 1114 2534 qui
1134 2497 1285 2535 propter
1309 2491 1613 2537 μετεμψύχωσιν

883 2547 987 2572 omne
1012 2541 1108 2580 quod
1138 2544 1304 2574 movetur
1336 2544 1368 2574 et
1394 2542 1481 2574 vivit
1508 2542 1612 2574 eden·

883 2587 968 2619 dum
992 2595 1066 2620 non
1087 2590 1233 2630 putant,
1260 2591 1292 2620 et
1310 2590 1467 2621 eiusdem
1492 2588 1612 2620 crimi-

884 2635 939 2666 nis
963 2642 1044 2667 reos
1078 2636 1328 2676 arbitrantur,
1364 2636 1426 2675 qui
1460 2636 1613 2667 abietem

885 2689 1127 2722 quercumque
1148 2683 1374 2721 succiderint,
1400 2683 1502 2714 cuius
1525 2690 1613 2722 par-

885 2728 1025 2761 ricidae
1057 2731 1140 2761 sunt
1175 2732 1206 2761 el
1229 2730 1387 2769 venefici.
1438 2727 1612 2762 Ceterum

1331 2799 1366 2823 22
