1774 2930
630 167 724 202 12113.
748 167 798 202 Π.
845 165 999 201 ΕΡΙΒΤ.
1023 165 1072 200 11.

1491 74 1510 87 0

1524 163 1609 205 447

213 273 356 316 Purae
385 273 485 313 sunt
513 269 702 326 plateae,
733 267 841 310 nihil
870 271 919 309 ut
947 265 1254 310 meditantibus
1286 265 1442 307 obstet.
1475 288 1530 294 ——

212 343 410 387 Festinat
439 339 601 384 calidus
631 339 760 382 mulis
790 338 1039 395 gerulisque
1067 336 1324 392 redemptor,

216 413 408 470 Torquet
436 425 550 454 nunc
578 410 785 467 lapidem,
816 423 930 451 nunc
959 409 1112 464 ingens
1133 406 1331 450 machina
1350 406 1534 462 tignum,

216 484 378 527 Tristia
405 482 591 526 robustis
621 482 836 524 luctantur
865 479 1016 522 funera
1045 478 1267 535 plaustris,

213 555 310 598 Hac
338 554 510 596 rabiosa
538 552 649 609 fugit
679 552 817 604 canis,
849 551 931 592 hac
959 550 1172 592 lutulenta
1200 549 1286 590 ruit
1316 561 1414 590 sus:

1557 547 1611 589 75

213 625 237 668 I
265 639 377 667 nunc
409 628 452 667 et
481 637 631 666 versus
662 627 803 665 tecum
833 621 1040 663 meditare
1072 633 1262 662 canoros.

216 695 480 752 Scriptorum
501 694 653 736 chorus
676 693 813 735 omnis
845 696 960 735 amat
989 705 1139 734 nemus
1161 694 1205 733 et
1225 690 1335 746 fugit
1364 689 1533 742 urbem,

214 765 316 808 Rite
347 766 478 808 cliens
506 764 666 807 Bacchi
697 777 845 806 somno
876 762 1102 818 gaudentis
1133 765 1177 804 et
1205 761 1380 803 umbra:

218 837 287 878 Tu
315 851 385 878 me
415 836 528 878 inter
558 835 761 891 strepitus
792 838 1021 876 nocturnos
1054 836 1183 888 atque
1214 831 1387 874 diurnos

217 906 298 949 Vis
331 921 482 950 canere
514 910 557 949 et
587 909 804 948 contracta
834 904 956 961 sequi
985 903 1169 959 vestigia
1197 906 1342 944 vatum
1357 902 1379 943 Ρ

1558 901 1615 943 80

195 1038 251 1071 77.
275 1038 403 1070 urbem
426 1034 537 1078 bScd,
564 1034 652 1068 Cod.
677 1034 851 1078 Franeq„
876 1033 951 1067 duo
978 1032 1167 1074 Schmidii,
1193 1033 1301 1065 urbes
1325 1031 1400 1065 duo
1425 1030 1569 1065 Schmi-

146 1083 213 1126 dii,
236 1082 402 1117 Lemno
427 1086 465 1117 et
488 1081 697 1116 Bentleius.
724 1099 767 1105 ——
795 1083 853 1114 80.
879 1082 1048 1114 contacta
1073 1079 1157 1121 bcd,
1182 1079 1355 1113 Pottierii
1380 1078 1567 1123 plerique,

148 1129 328 1165 schmidii
353 1132 544 1175 quattuor,
570 1129 597 1163 C
624 1132 661 1163 et
684 1128 966 1173 Dillenburger,
991 1136 1065 1161 ‘non
1088 1129 1187 1160 tacta
1210 1126 1406 1160 Bentleius
1431 1126 1529 1160 coni.

100 1247 202 1290 dum,
226 1247 373 1304 planef‘
404 1247 499 1282 Plat.
525 1246 640 1291 Gorg.
666 1248 746 1280 493.
774 1245 834 1280 C.:

101 1294 205 1328 Ταῦτ’
242 1294 416 1336 ἐπιεικῶς
451 1295 523 1337 ,αέν
556 1293 660 1327 ἐσῐιν
693 1290 768 1326 ὑπό
801 1303 835 1325 n

101 1337 238 1375 ἄτοπα.
287 1341 400 1375 Polit.
434 1343 514 1375 261.
539 1341 591 1374 A.
628 1340 743 1373 τοῦτο
767 1350 836 1382 με-

102 1390 214 1436 τρίως
237 1386 457 1431 ἀφέστηκεν
481 1385 544 1420 ἀπ’
570 1387 737 1420 ἐκείνων.
776 1386 836 1420 Sic

101 1437 216 1470 etiam
240 1446 310 1469 nos
337 1436 529 1477 hensch,
558 1436 678 1477 sein,
711 1435 837 1467 char-

100 1485 228 1516 mant
253 1481 410 1516 eadem
400 1482 534 1515 ironia.
545 1482 734 1515 -ae-Verum
751 1480 836 1524 cet]

100 1529 204 1564 Haec
230 1529 308 1564 sibi
331 1529 414 1573 ipse
433 1530 513 1562 κατ’
531 1529 725 1575 εἰρωνείαν
743 1528 837 1562 obii-

103 1576 174 1619 cit,
210 1579 253 1610 ut
286 1576 413 1610 statim
446 1576 597 1610 refutet.
623 1594 668 1599 —
698 1574 836 1618 Purae]

103 1634 266 1666 „vacuae
291 1623 513 1665 obstaculis,
538 1633 635 1657 non:
661 1623 834 1664 „.“caeno

101 1670 183 1704 Liv.
210 1672 274 1713 24,
301 1673 365 1713 14,
391 1672 431 1704 6:
457 1671 720 1703 dimicaturum
741 1678 836 1711 puro

102 1726 148 1751 ac
169 1718 313 1759 patenti
336 1726 475 1759 campo.
495 1736 538 1740 —
554 1716 716 1760 plateae]
743 1715 837 1749 πλα-

102 1769 201 1798 τεῖαι
224 1761 323 1805 ὁδοί,
346 1764 556 1808 penultima
581 1763 698 1805 brevi,
724 1763 838 1808 longa

103 1811 254 1846 demum
277 1811 378 1856 apud
403 1811 633 1853 Ausonium,
666 1810 837 1844 Pruden-

104 1858 199 1892 tium
224 1858 448 1903 (Symmacb.
478 1859 609 1900 1897.),
634 1857 836 1892 Paulinum

103 1904 305 1939 Nolanum.
323 1925 366 1929 —
385 1906 547 1939 Festinat
573 1905 658 1948 cet.]
698 1905 835 1947 „Immo

106 1952 231 1986 omnia
253 1951 308 1984 ibi
332 1952 515 1986 tumultus
539 1952 686 1995 plena.“
707 1971 751 1975 -
777 1961 836 1985 ca-

108 1997 218 2040 lidus]
245 1997 391 2039 „studio
416 1998 639 2032 aedificandi
657 1998 837 2032 incensus

64 2083 67 2085 ,
108 2046 146 2077 et
169 2043 277 2078 valde
303 2046 532 2087 occupatus,
560 2044 614 2077 ita
638 2047 681 2078 ut
706 2055 838 2078 occur-

107 2091 272 2124 rentium
305 2090 448 2124 nullam
474 2101 604 2124 curam
628 2092 766 2135 geratst‘
793 2111 838 2115 —

106 2138 217 2171 mulis
233 2137 453 2180 uerutisque]
467 2137 580 2171 ablat.
600 2147 708 2179 „cum
725 2138 839 2171 mulis

109 2187 147 2218 et
169 2183 342 2219 baiulis.“
369 2203 412 2208 —
437 2184 656 2227 redemptor]
681 2184 700 2217 ἐ
701 2181 841 2231 ργολά-

107 2195 840 2274 ssog‚Bauunterne11mer.o‹1.3,

156 2349 277 2382 73-78.
303 2350 459 2390 Torquet
477 2349 561 2392 cet]
590 2348 840 2403 „Torquendo

109 2405 178 2440 per
196 2396 383 2430 trochleas
401 2396 539 2430 attollit
562 2395 735 2440 lapidem,
761 2396 840 2440 qui,

109 2442 184 2476 nisi
210 2452 395 2486 cavemus,
420 2443 530 2477 facile
557 2453 626 2477 nos
653 2442 839 2477 collidat.“

111 2507 155 2512 —
179 2490 359 2533 robustis]
403 2491 576 2535 „magnis
618 2491 840 2535 largumque

110 2536 271 2580 spatium
297 2537 603 2581 occupantibus.“
622 2556 669 2561 —
693 2537 841 2580 funera]

112 2581 188 2616 cfr.
214 2583 289 2617 Sat.
317 2586 356 2627 1,
381 2586 422 2626 6,
447 2586 504 2618 43.
555 2583 631 2627 „Ex
661 2595 738 2618 una
762 2585 840 2629 pla-

110 2630 194 2664 teae
217 2633 323 2674 parte
347 2632 507 2665 veniunt
530 2631 684 2674 funera,
716 2642 763 2665 ex
786 2632 841 2665 al-

112 2676 194 2709 tera
216 2677 386 2722 ingentia
409 2678 638 2713 rusticorum
662 2679 841 2723 plaustra,

115 2723 152 2754 et
174 2723 337 2758 vicissim
371 2735 453 2760 sese
485 2725 699 2770 impediunt
727 2728 840 2770 atque

885 1247 1033 1290 urgent.
1038 1244 1103 1268 “—
1111 1244 1222 1287 [uait]
1232 1244 1450 1287 „celerrime
1461 1243 1615 1286 currit,“

885 1294 928 1325 ut
945 1295 1001 1326 est
1018 1294 1154 1325 natura
1166 1292 1279 1325 huius
1295 1291 1466 1336 pestiferi
1482 1289 1617 1325 morbi.

884 1339 1014 1373 Lectio
1057 1340 1150 1381 furit
1190 1338 1400 1373 reiicienda
1435 1338 1495 1372 vel
1531 1348 1619 1382 pro-

884 1389 968 1430 pter
985 1397 1019 1419 v.
1036 1387 1204 1429 rabiosa3
1228 1385 1288 1420 bis
1314 1386 1414 1420 enim
1438 1385 1538 1419 idem
1564 1385 1619 1419 di-

886 1436 1001 1467 ceret.
1027 1452 1069 1457 —-
1098 1432 1293 1476 lutulenta]
1328 1432 1512 1478 „ideoque
1537 1432 1617 1467 luto

886 1482 922 1514 te
947 1480 1228 1524 inquinatura.“
1281 1480 1388 1514 Conf.
1413 1480 1508 1524 Epp.
1528 1482 1559 1522 1,
1586 1482 1619 1522 2,

887 1529 950 1561 26:
977 1529 1097 1561 amica
1124 1528 1198 1561 luto
1223 1536 1296 1560 sus.
1315 1546 1358 1551 -—
1377 1529 1400 1561 1
1423 1526 1534 1570 nunc]
1563 1527 1619 1569 „si

885 1575 1027 1619 potes.“
1078 1574 1164 1608 Vid.
1196 1574 1245 1608 ad
1277 1574 1371 1619 Epp.
1407 1577 1446 1617 1,
1484 1576 1525 1616 6,
1564 1575 1619 1608 17.

885 1621 1250 1663 Iuven.10,166:1
1265 1622 1409 1655 demens
1427 1624 1459 1655 et
1479 1622 1572 1664 (non
1589 1621 1618 1663 i)

884 1678 1014 1702 saevas
1039 1677 1144 1702 curre
1166 1678 1234 1710 per
1258 1669 1378 1710 Alpes.
1408 1668 1467 1702 Ita
1484 1668 1620 1702 Graeci

886 1726 1050 1760 quoque.
1063 1715 1110 1749 M.
1119 1715 1336 1750 Antoninus
1356 1718 1390 1758 9,
1400 1717 1466 1749 29:
1478 1711 1620 1760 ’Ὕπαγε

886 1763 954 1796 νῦν
987 1764 1054 1795 καὶ
1084 1759 1323 1810 Ἀλέξανδρόν
1353 1774 1423 1805 μοι
1453 1762 1549 1806 λέγε.
1573 1781 1621 1787 --

886 1810 1054 1853 canoros]
1087 1810 1205 1851 „bene
1231 1810 1461 1853 modulat083
1452 1810 1484 1829 ·“
1518 1820 1620 1844 unus

885 1857 988 1902 apud
1028 1857 1140 1892 Feam
1181 1866 1349 1900 sonoros,
1391 1868 1437 1891 ex
1476 1857 1620 1902 glosse-

886 1907 997 1938 mate.
1017 1924 1059 1928 —
1078 1905 1173 1946 suqit
1197 1905 1338 1948 urbem]
1363 1904 1621 1938 Praestantior

886 1952 979 1985 haec
1017 1952 1129 1985 lectio
1165 1951 1280 1986 Oodd.
1317 1962 1487 1986 meorum
1525 1952 1622 1985 anti-

887 1998 1005 2042 quiss.
1033 2002 1069 2032 et
1094 1999 1257 2032 aliorum
1273 1999 1371 2032 Feae
1398 2009 1442 2032 eo
1468 1998 1622 2032 nomine

887 2044 1048 2086 videtur,
1074 2045 1177 2089 quod
1194 2046 1287 2086 [uait
1305 2047 1433 2078 urbem
1450 2045 1623 2088 (Romam

887 2092 1090 2135 praecipue
1116 2094 1154 2125 et
1178 2092 1273 2126 alias
1305 2102 1458 2136 quoquo
1490 2092 1621 2135 urbes)

889 2138 1029 2171 clarius
1054 2138 1126 2172 hoc
1151 2139 1343 2182 exprimit:
1378 2139 1492 2182 „vitat
1527 2139 1623 2172 mul-

889 2185 1101 2227 titudinem,
1107 2186 1124 2203 “
1151 2196 1237 2219 cum
1253 2187 1348 2227 [uait
1371 2187 1479 2219 urbes
1495 2186 1622 2230 potius

889 2231 1093 2277 significet.
1121 2243 1220 2274 „non
1245 2233 1393 2266 aceedit
1408 2232 1456 2267 ad
1472 2233 1598 2267 urbes.
1603 2233 1622 2252 ⁴⁶

890 2277 953 2312 Sic
988 2257 1138 2313 itidem”
1152 2288 1278 2312 nemus
1311 2291 1429 2313 unum
1466 2280 1623 2325 aliquod

890 2323 1188 2372 ποιητικώτερον
1230 2338 1342 2371 quam
1380 2336 1543 2361 nemora.
1578 2347 1622 2351 —

888 2373 986 2416 Rite]
1014 2374 1190 2415 „merito‚
1217 2374 1532 2419 quemadmodum
1558 2374 1623 2409 de-

890 2420 963 2462 bet,
988 2421 1128 2454 cliens“
1157 2422 1226 2455 cet.
1246 2441 1289 2445 —
1314 2422 1439 2464 cliens]
1467 2422 1557 2466 „qui
1582 2422 1623 2455 in

889 2467 1009 2502 tutela
1034 2470 1092 2502 est
1115 2468 1273 2510 Bacchi,
1307 2469 1374 2513 qui
1408 2469 1502 2502 deus
1537 2479 1623 2503 eum

889 2515 1075 2559 inspirare
1110 2515 1239 2549 solet.“
1259 2535 1302 2539 —
1319 2524 1444 2550 somno
1470 2516 1555 2558 cet-l
1583 2516 1624 2549 in

890 2561 983 2596 locis
1020 2562 1208 2596 umbrosis
1239 2565 1276 2596 et
1305 2562 1495 2597 solitariis.
1546 2562 1622 2596 cfr.

891 2607 960 2643 Od.
987 2611 1020 2652 3,
1046 2611 1103 2651 25,
1130 2612 1162 2643 1.

937 2681 993 2714 80.
1020 2681 1221 2723 contracta]
1248 2680 1304 2713 Ex
1321 2679 1512 2724 frequenti
1530 2680 1623 2714 ima-

890 2726 978 2771 gine
1020 2728 1155 2761 summi
1198 2727 1339 2771 quique
1379 2729 1512 2771 poetae
1553 2738 1623 2771 per
