1774 2930
179 146 264 188 214

294 247 504 290 Matutine
534 252 676 305 pater,
710 264 788 292 seu
817 250 921 293 Iane
951 251 1157 294 libentius
1189 253 1332 308 audis,

677 147 885 183 HORATII
911 148 1197 185 SATIRABUM

1642 257 1702 298 20

295 318 419 369 Unde
449 319 646 363 homines
679 334 854 376 operum
886 322 1046 377 primos
1076 324 1277 380 vitaeque
1307 325 1476 369 labores

294 389 530 432 Instituunt
562 415 617 421 ——
650 391 712 434 sic
743 391 807 433 dis
838 392 1042 448 placitum
1075 419 1151 448 —,
1183 399 1231 437 tu
1263 397 1462 439 carminis
1493 401 1586 440 esto

294 460 573 518 Principium.
635 462 800 505 Romae
831 478 1081 519 sponsorem
1110 480 1180 509 me
1210 467 1340 524 rapis.

1403 467 1526 522 „Eia,

294 532 361 575 Ne
392 533 509 588 prior
540 533 679 576 officio
712 535 937 590 quisquam
968 537 1244 592 respondeat,
1277 540 1421 594 urge.“

297 602 398 646 Sive
429 604 587 660 Aquilo
618 605 730 647 radit
761 610 896 648 terras
930 621 1007 650 seu
1037 608 1190 651 bruma
1218 610 1404 652 nivalem

1642 611 1702 652 25

293 674 502 718 Interiore
534 675 647 718 diem
678 691 783 733 gyro
815 677 965 732 trahit,
1000 680 1063 721 ire
1095 693 1272 723 necesse
1304 685 1382 723 est.

295 745 546 801 Postmodo,
580 748 690 804 quod
724 749 782 790 mi
815 749 947 803 obsit,
981 750 1093 792 clare
1125 754 1372 808 certumque
1399 751 1542 794 locuto

176 883 356 916 Libitinae
388 887 578 918 venerunt.
631 884 737 918 Conf.
777 884 845 918 Od.
881 887 913 927 3,

178 931 234 972 30,
262 932 293 963 7.
344 929 438 975 Epp.
468 934 498 973 1,
526 933 557 973 7,
583 933 603 964 5
631 943 687 976 sq.

226 979 347 1011 20-24.
359 980 542 1012 Matutine
548 979 671 1022 pater]
681 979 913 1024 Descriptio-

178 1035 263 1058 nem
288 1025 611 1060 incommodorum
629 1028 727 1060 vitae
745 1027 913 1061 urbanae

118 1083 122 1087 ·
177 1072 271 1106 scite
299 1072 444 1106 orditur
473 1074 518 1107 ab
555 1074 792 1108 invocatione
817 1075 913 1117 Iani,

178 1120 243 1164 qui
279 1121 405 1154 omnia
436 1121 546 1154 initia
578 1121 766 1165 fortunat,
803 1122 913 1165 vitae,

177 1168 287 1209 anni,
313 1168 349 1201 h.
375 1168 399 1201 l.
426 1169 664 1213 negotiorum
689 1180 757 1213 per
783 1170 913 1214 singu-

176 1214 234 1248 los
252 1214 333 1248 dies
352 1215 684 1259 capessendorum.
722 1217 804 1251 Hoc
831 1217 912 1251 loco

179 1262 258 1296 solo
275 1264 393 1303 patris
416 1265 590 1296 matutini
615 1274 824 1309 cognomen
850 1265 914 1297 ha-

178 1309 260 1351 bet,
293 1312 335 1343 ut
359 1309 543 1344 Martialis
570 1313 610 1353 4,
638 1313 678 1353 8,
706 1314 761 1345 12.
794 1314 914 1345 malu-

177 1357 293 1389 linum
311 1359 436 1391 Iovem
449 1361 568 1399 vocat,
586 1359 653 1402 qui
666 1360 786 1403 primo
805 1370 914 1393 1116116

179 1404 378 1438 salutatur.
428 1404 522 1450 Epp.
552 1409 590 1448 1,
626 1408 688 1449 16,
723 1409 788 1440 59:
823 1409 914 1440 Iane

175 1454 295 1493 pater.
324 1471 366 1475 ——
393 1462 457 1485 seu
484 1453 569 1496 cet.]
598 1453 674 1487 Cfr.
709 1454 756 1487 ad
792 1454 913 1488 Carm.

180 1498 263 1533 Sec.
292 1501 352 1532 14:
381 1501 700 1543 Ilithyia‚--Sive
719 1504 758 1535 lu
777 1503 915 1535 Lucina

176 1548 311 1588 probas
360 1548 487 1580 vocari
534 1549 604 1582 Seu
654 1550 842 1582 Genitalis.
871 1569 914 1572 —

180 1594 426 1637 Iane-audis]
460 1592 654 1637 „aizoi-ag,
681 1593 825 1638 κλύεις,
852 1608 916 1641 ap-

178 1641 368 1685 pellaris.“
419 1641 513 1686 Epp.
543 1645 580 1685 1,
607 1646 646 1682 7,
675 1646 738 1677 37:
777 1653 916 1685 remque

177 1691 355 1730 paterque
381 1690 526 1723 Audisti
551 1699 676 1724 coram
710 1696 776 1724 nec
807 1693 916 1724 verbo

177 1737 329 1778 parcius
355 1738 495 1770 absens.
523 1756 565 1760 —
596 1738 708 1781 Unde]
737 1750 780 1780 „a
806 1739 914 1782 quo.“

180 1783 264 1816 Vid.
291 1783 338 1817 ad
366 1783 439 1818 Sat.
468 1787 504 1826 1,
531 1787 569 1827 6,
598 1787 651 1818 12.
680 1805 722 1809 —
749 1794 916 1826 operum-

179 1832 365 1874 vitaeque]
393 1833 581 1873 „omnium
609 1843 783 1876 operum,
819 1843 915 1876 quae

180 1878 279 1912 vitae
306 1881 458 1912 nostrae
478 1879 651 1913 condicio
670 1880 779 1914 nobis
798 1880 916 1923 impo-

181 1925 270 1961 1111.“
300 1945 343 1948 -
370 1928 421 1959 sic
446 1927 500 1959 dis
523 1927 716 1969 placitum]
745 1927 820 1960 Cfr.
848 1927 916 1960 Od.

185 1976 215 2015 1,
242 1974 298 2013 33,
327 1976 388 2007 10:
413 1975 471 2007 Sic
495 1975 611 2007 visum
636 1976 773 2008 Veneri.
800 1974 916 2018 Epod.

182 2023 216 2062 9,
244 2022 283 2053 3:
309 2022 361 2054 sic
386 2023 467 2054 Iovi
493 2024 649 2063 aratum,
678 2022 850 2056 sollemni
877 2022 916 2055 in

180 2068 241 2102 his
255 2068 427 2102 formulis
441 2069 546 2102 verbi
564 2069 791 2103 substantivi
806 2070 916 2103 omis-

183 2115 302 2149 sione.
354 2115 452 2157 „Iam
493 2117 591 2150 enim
628 2117 720 2151 haec
760 2116 917 2151 deorum

183 2166 240 2196 est
264 2164 450 2206 voluntas,
476 2167 518 2197 ut
542 2164 716 2208 praeside
743 2167 778 2198 te
805 2164 919 2208 plena

182 2210 355 2243 laborum
383 2212 431 2245 sit
455 2212 531 2246 vita
556 2213 730 2245 humana.
736 2213 752 2229 “
775 2231 817 2235 —
844 2214 917 2245 Ro-

182 2258 322 2300 mae]„
330 2258 422 2292 011111
440 2259 581 2293 Romae
607 2270 700 2301 sum,
726 2270 834 2293 mane
859 2270 917 2293 me

184 2305 286 2348 rapis
326 2317 505 2350 sponsum
531 2307 570 2339 in
597 2307 757 2340 Forum“
809 2306 917 2351 (Epp.

185 2353 217 2393 2,
261 2355 354 2394 ,67;
380 2355 452 2386 Hic
475 2363 648 2395 sponsum
665 2355 816 2397 vocalq)
843 2354 868 2387 i.
888 2365 918 2388 e.

186 2374 348 2441 „homae
384 2402 647 2435 necessitatem
678 2402 768 2435 mihi
802 2402 920 2455 impo-

186 2446 294 2479 sitam
314 2448 435 2481 sentio
454 2459 522 2492 pro
545 2448 615 2482 hoc
634 2450 692 2483 vel
717 2449 782 2482 illo
800 2450 919 2482 amico

186 2493 383 2528 confestim
403 2495 627 2538 spondendi,
654 2496 727 2530 nisi
752 2497 919 2530 insuavis

185 2543 224 2574 et
256 2542 508 2586 negligentior
543 2543 671 2577 haberi
702 2544 824 2577 velim.
831 2544 847 2561 “
876 2562 918 2566 -

185 2589 280 2621 Eia·
291 2589 419 2632 darae}
441 2589 510 2623 His
528 2590 652 2624 verbis
670 2591 785 2624 Ianus
802 2591 922 2624 Hora-

187 2635 280 2669 tium
321 2635 368 2670 ad
410 2636 534 2670 forum
577 2649 709 2681 rapere
747 2638 920 2692 fingitur:

188 2678 354 2727 „Za-elye,
387 2695 566 2729 propera,
599 2695 645 2718 ne
674 2686 758 2729 quis
784 2686 824 2718 in
850 2686 922 2719 hoc

188 2730 313 2765 officio
347 2731 566 2775 recipiendo
600 2735 636 2765 te
668 2732 919 2776 praeveniat.“

964 885 1038 919 Cfr.
1065 886 1171 920 Pers.
1197 888 1231 929 5,
1260 889 1345 921 132:
1381 888 1548 929 Suros,
1581 889 1703 929 inquit

962 933 1150 976 Avaritia,
1189 935 1263 967 eia
1286 936 1457 976 Surae!
1493 934 1570 968 Alii
1597 935 1698 977 (6011.

962 979 1110 1014 Ρ1111011.
1149 980 1238 1026 Leg.
1272 981 1319 1016 ad
1355 981 1485 1016 06111111
1521 984 1597 1024 26.
1634 982 1699 1016 ubi

963 1027 1123 1062 Helicon
1157 1028 1204 1062 ad
1237 1033 1354 1063 semet
1387 1029 1528 1084 ipsum·
1569 1029 1650 1063 Νῦν
1675 1027 1699 1063 ὁ

962 1072 1104 1129 καιρός
1144 1075 1267 1117 ἐστιν,
1314 1073 1482 1110 Ἑλικών·
1533 1076 1701 1124 ἐπέγειρε

963 1119 1155 1165 σεαυτόν.)
1170 1124 1263 1158 11666
1281 1134 1336 1157 vv.
1351 1124 1508 1158 Horatio
1523 1124 1700 1158 tribuunt

964 1170 1107 1204 semet
1097 1181 1221 1214 ipsum
1241 1171 1433 1205 excitanti.
1449 1190 1492 1194 —
1511 1171 1644 1214 officio]
1662 1172 1699 1205 h.

964 1217 988 1251 1.
1015 1228 1093 1251 non
1117 1219 1269 1260 enicat,
1303 1218 1370 1253 sed
1404 1220 1702 1261 Dienscleisluno,

965 1265 1210 1307 Gesdlliokeit.

1012 1314 1068 1346 25.
1084 1315 1140 1346 26.
1166 1312 1278 1355 radit]
1306 1313 1403 1355 „flat,
1428 1315 1552 1347 terrae
1571 1323 1703 1357 super-

964 1359 1087 1393 ficiem
1127 1361 1281 1402 radens,
1323 1359 1621 1405 perstringens“,
1659 1362 1703 1394 ut

963 1407 1095 1440 radere
1116 1407 1583 1450 liius.—Imeriore-9yro]
1604 1407 1701 1449 „sol-

966 1454 1108 1488 stitium
1138 1455 1299 1489 hiemale
1333 1454 1435 1488 lente
1461 1454 1566 1488 ducit
1590 1453 1702 1497 diem,

965 1502 1030 1546 qui
1044 1502 1117 1536 iam
1131 1502 1341 1536 breviorem
1354 1502 1545 1544 horarum,
1560 1501 1698 1546 quibus

966 1551 1021 1583 sol
1048 1549 1170 1592 lucet,
1198 1549 1383 1583 circulum
1409 1549 1630 1592 describit;“
1658 1551 1702 1583 ut

966 1597 1065 1630 inter
1083 1598 1212 1641 plures
1232 1597 1407 1638 circulos,
1436 1596 1575 1641 quibus
1601 1596 1699 1630 idem

967 1646 1023 1677 est
1038 1648 1219 1686 centrum,
1238 1643 1438 1677 interiores
1454 1654 1601 1687 semper
1616 1644 1701 1677 bre—

966 1691 1049 1724 vius
1076 1691 1238 1734 spatium
1264 1691 1597 1724 circumscribunt.
1624 1690 1701 1725 016.

966 1737 1012 1771 (16
1029 1737 1072 1771 Ν.
1087 1738 1131 1771 D.
1152 1739 1184 1779 2,
1202 1740 1259 1779 41,
1288 1740 1366 1771 106.
1385 1748 1431 1771 ex
1446 1737 1595 1772 Arateis
1622 1738 1702 1772 suis
1735 1760 1749 1771 .

965 1785 1011 1818 (16
1031 1785 1246 1829 Cynosura:
1272 1786 1369 1819 Nam
1393 1794 1503 1818 cursu
1527 1786 1702 1818 interiore

967 1834 1067 1865 brevi
1105 1833 1328 1866 convertitur
1367 1834 1462 1866 orbe.
1497 1852 1539 1855 —
1573 1832 1703 1875 trahil]

967 1879 1090 1921 „lente
1117 1879 1223 1913 ducit
1247 1880 1356 1924 quasi
1389 1880 1597 1924 ingratum,
1636 1879 1702 1924 qui

966 1927 1025 1959 vix
1052 1927 1108 1960 ire
1134 1927 1340 1966 videntur&
1377 1927 1447 1960 etsi
1475 1927 1592 1960 multo
1618 1927 1703 1961 bre-

967 1974 1108 2008 viorem
1135 1974 1290 2008 aestivo.

1014 2024 1070 2056 27.
1098 2024 1154 2055 28.
1189 2022 1384 2055 Postmodo
1411 2021 1496 2063 cet]
1537 2020 1702 2063 „Statim

967 2079 1052 2102 cum
1072 2080 1091 2102 e
1110 2069 1193 2103 foro
1222 2068 1392 2110 discessi,
1418 2068 1590 2102 incidere
1616 2079 1702 2102 rur-

968 2127 1033 2150 sus
1076 2117 1178 2150 soleo
1218 2116 1257 2149 in
1295 2116 1446 2150 turbam
1482 2115 1703 2150 molestissi-

967 2165 1099 2198 mam.“
1128 2183 1170 2187 --
1199 2165 1295 2204 quod
1319 2165 1370 2196 mi
1395 2164 1494 2205 obsit,
1509 2181 1552 2188 --
1570 2162 1703 2206 locuto]

969 2211 1087 2253 „Cum
1112 2211 1362 2256 111-0061111610
1389 2210 1604 2255 sponsionis
1628 2209 1705 2244 for-

967 2259 1124 2301 mulam,
1152 2269 1247 2303 quae
1272 2258 1453 2299 fortasse,
1486 2257 1553 2291 ubi
1580 2257 1702 2291 credi-

968 2307 1039 2340 tori
1066 2317 1087 2339 6
1111 2317 1170 2340 1116
1206 2305 1511 2340 satisfaciendum
1545 2305 1634 2346 erit,
1672 2304 1702 2337 si

969 2354 1114 2388 debitor
1147 2354 1227 2397 ipse
1261 2352 1440 2386 solvendo
1466 2362 1543 2385 11011
1578 2350 1703 2394 fuerit,

968 2401 1061 2434 mihi
1086 2411 1220 2434 noxam
1252 2399 1424 2441 afferet;“
1463 2410 1510 2432 ex
1535 2397 1704 2432 Thaletis

969 2448 1048 2490 vel,
1086 2450 1129 2480 ut
1166 2447 1230 2481 6111
1268 2447 1418 2486 volunt,
1453 2445 1598 2479 Biantis
1636 2445 1704 2479 illa

971 2473 1178 2536 sen’tentia,
1229 2504 1325 2546 quae
1371 2493 1411 2526 in
1443 2493 1703 2547 proverbium

969 2542 1081 2576 abiit:
1096 2537 1245 2585 Ἐγγύα
1265 2537 1410 2588 πάοαὸ’
1426 2536 1508 2574 ἄτα.
1527 2539 1703 2583 (Sponde,·

969 2598 1068 2623 noxa
1081 2591 1230 2630 praesto
1256 2591 1305 2622 est
1309 2589 1332 2631 .)
1353 2607 1395 2611 —
1422 2589 1521 2621 clare
1547 2589 1704 2620 certum·

970 2636 1053 2679 que]
1087 2636 1154 2670 Est
1178 2636 1249 2669 hoc
1274 2646 1319 2670 ex
1344 2634 1591 2669 formularum
1623 2644 1702 2667 ser·

971 2694 1099 2726 mone,
1138 2694 1183 2717 ex
1216 2694 1291 2727 quo
1325 2681 1424 2727 apud
1457 2681 1565 2716 ICtos
1603 2683 1704 2714 certa

970 2733 1082 2765 verba
1108 2730 1239 2766 eadem
1267 2733 1356 2764 sunt
1380 2740 1426 2764 ac
1448 2727 1646 2763 sollemnia
1665 2730 1704 2762 et
