1774 2930
163 158 247 199 306

638 158 844 193 HORATII
868 159 1212 195 EPISTULARUM

283 260 392 303 Cum
423 260 651 317 Zephyris,
685 261 722 302 si
754 260 980 315 concedes,
1013 265 1056 304 et
1085 262 1325 306 hirundine.
1343 263 1493 319 prima.

280 331 397 385 Non,
430 345 513 387 quo
545 345 661 373 more
692 332 797 387 piris
829 332 946 374 vesci
977 332 1160 375 Calaber
1189 334 1308 376 iubet
1337 334 1513 391 hospes,

282 403 351 444 Tu
382 417 450 445 me
481 403 621 444 fecisti
651 403 921 459 locupletem.
962 403 1150 447 Vescere
1182 404 1321 447 sodes.

279 474 372 516 Iam
404 474 507 515 satis
541 477 619 516 est.
667 474 725 515 At
755 478 803 515 tu
834 478 1039 531 quantum
1059 475 1123 517 vis
1145 476 1261 518 tolle.

1624 405 1642 446 1
1650 406 1675 446 5

1307 475 1518 532 Benigne.

280 544 378 587 Non
408 544 547 586 invisa
578 544 690 587 feres
722 546 867 602 pueris
899 547 1150 588 munuscula
1180 547 1337 603 parvis.

282 616 392 659 Tam
422 619 572 658 teneor
602 615 732 670 dono,
766 631 893 672 quam
925 618 961 658 si
993 617 1183 660 dimittar
1214 621 1405 660 onustus.

281 687 338 729 Ut
367 687 495 742 libet3
527 687 635 730 haec
664 688 804 744 porcis
836 688 964 731 hodie
995 689 1256 732 comedenda
1284 690 1514 745 relinques.

280 757 493 814 Prodigus
525 762 568 801 et
599 759 754 801 stultus
787 759 934 813 donat,
969 774 1077 816 quae
1109 761 1273 816 spernit
1304 764 1347 802 et
1378 760 1489 814 odit3

1621 760 1678 801 20

280 830 402 872 Haec
433 844 557 886 seges
589 830 778 886 ingratos
810 831 907 872 tulit
938 835 981 873 et
1012 831 1120 874 feret
1152 832 1346 873 omnibus
1377 832 1515 874 annis.

260 962 315 994 19.
340 961 522 1002 relinques
539 960 682 1003 bSch,
705 961 879 1006 plerique
897 962 1083 1004 Pottierii,
1109 961 1255 996 Veneta
1273 963 1388 1005 1481.,
1413 961 1502 1003 LGt,
1520 961 1632 995 Bent-

210 1007 306 1042 leius
333 1011 370 1042 et
395 1007 444 1042 O:
470 1009 646 1049 relinquis
671 1011 747 1042 tres
772 1009 958 1051 Pottierii,
985 1020 1031 1043 ex
1055 1009 1140 1043 aliis
1165 1009 1243 1043 ΕΜ.

161 1110 299 1142 tractus
337 1119 425 1154 ergo
461 1111 518 1143 est
557 1118 895 1151 zusammenge-

164 1157 351 1199 hawart,
417 1165 499 1198 eng]
555 1164 894 1198 zusammenqe-

160 1205 387 1245 schmieat
426 1203 583 1246 (Voss.),
621 1207 664 1237 ut
689 1203 763 1237 Sat.
790 1206 830 1246 2,
863 1206 896 1246 7,

162 1252 226 1284 61:
277 1253 509 1285 contractum
558 1253 707 1292 qenibus
733 1269 747 1275 -
774 1254 896 1292 capul.

161 1298 377 1343 Hieronym.
395 1298 488 1342 Epp.
516 1300 572 1331 53.
598 1298 644 1332 de
671 1298 895 1343 Vigilantio:

162 1347 378 1387 gravissimo
396 1347 534 1388 frigore
559 1347 658 1379 solus
685 1349 796 1387 atque
815 1354 897 1378 con-

162 1395 300 1426 tractus
339 1394 610 1427 Dormitanlius
651 1394 818 1434 vigilabit
858 1394 897 1425 in

163 1442 307 1474 lectulo.
351 1441 473 1485 Atq‘ue
498 1451 654 1485 prorsus
681 1440 736 1474 sic
762 1440 896 1474 Lucia-

161 1498 234 1522 nus
269 1489 308 1521 in
336 1487 524 1522 Saturnal.
551 1490 593 1530 9,
628 1491 661 1522 9.
687 1488 727 1520 in
761 1488 896 1521 hiemis

161 1535 434 1579 descriptione.
469 1537 508 1568 οἱ
538 1530 738 1592 ἂνθρωποι
771 1535 898 1568 ἐπικε-

161 1580 510 1625 κυφότες--ἀιιφὶ
551 1581 620 1626 τὴν
656 1579 821 1625 κάιιινον
860 1583 899 1616 οἱ

162 1629 309 1663 πολὶοί.
337 1650 379 1653 -
407 1632 495 1664 Cum
519 1631 708 1674 Zephyris]
735 1630 897 1675 Zephyri

162 1678 240 1712 sive
264 1677 420 1712 Favonii
446 1688 479 1712 a.
505 1677 540 1711 d.
567 1677 631 1711 VI.
671 1677 762 1712 Idus
787 1678 897 1711 Febr.

162 1726 208 1759 ab
228 1736 365 1759 occasu
384 1736 504 1770 eoque
523 1725 793 1769 aequinoctiali
805 1725 897 1759 flan-

163 1775 218 1806 tes
239 1772 421 1807 Romanis
447 1783 511 1806 ver
537 1773 769 1816 aperiebant,
795 1772 897 1805 unde

164 1819 397 1854 Claudianus
415 1820 461 1853 de
478 1819 523 1853 R.
537 1819 642 1853 Pros.
662 1822 694 1861 2,
714 1821 777 1852 73:
797 1821 897 1852 Com-

159 1868 275 1909 pellat
288 1868 513 1908 Zephyrum:
531 1869 641 1899 Pater
655 1875 675 1899 ο
690 1867 897 1907 gratissime

161 1915 258 1947 veris
284 1916 354 1948 cet.
381 1933 425 1938 —-
453 1915 647 1947 hirundine
668 1913 814 1956 prima]
839 1913 897 1947 Ab

162 1961 368 1995 hirundine
411 1971 522 2006 saepe
559 1971 624 1995 ver
666 1960 898 2006 designatur.

165 2009 271 2043 conf.
305 2008 458 2043 Hesiod.
485 2007 529 2042 O.
555 2010 592 2042 et
616 2007 662 2041 D.
689 2010 770 2042 566.
821 2007 897 2041 Cic.

163 2056 210 2091 ad
248 2057 323 2090 Att.
364 2059 425 2099 10,
467 2058 506 2089 2:
556 2054 788 2099 Ααλαγεῦσα
823 2057 899 2088 iam

164 2106 265 2138 adest
292 2104 407 2147 (unde
441 2113 542 2137 mare
569 2113 655 2137 mox
688 2103 761 2136 erit
793 2113 899 2147 aper-

164 2151 272 2194 tum).
313 2151 503 2185 Leonidas
528 2150 682 2185 Anthol
707 2150 826 2184 Palat.
850 2150 898 2183 11.

165 2201 252 2232 279:
273 2196 312 2232 ‘O
338 2194 457 2240 πλόος
474 2195 624 2255 ὡραῖος·
651 2199 716 2230 καὶ
742 2195 814 2245 γὰρ
831 2196 900 2230 λα-

165 2246 333 2290 ὶαγεῦσα
366 2243 525 2287 χελιδών
548 2243 643 2289 Ήόη
674 2244 900 2288 μέμβλωκεν

166 2292 221 2333 χῶ
247 2295 394 2341 χαρίεις
417 2294 602 2339 Ζέφυρος.
639 2291 799 2349 Oppian.
825 2292 900 2327 Ha-

167 2341 270 2374 lieut.
314 2343 354 2383 3,
397 2342 484 2374 244:
533 2338 680 2386 εἰαρινὴ
722 2337 899 2387 Ζεφύρου

167 2384 434 2435 πρωτάγγελος
459 2383 574 2435 &gurg
609 2387 717 2421 Ovid.
742 2387 840 2421 Fast.
867 2389 900 2430 2,

167 2437 247 2469 853.
281 2435 380 2480 Ergo
407 2437 550 2480 septem
576 2435 773 2468 minimum
798 2445 901 2468 men-

167 2493 226 2517 ses
265 2483 311 2516 ab
347 2482 450 2516 Urbe
492 2481 670 2516 afuturus
707 2485 787 2516 erat
824 2481 900 2516 Ho-

167 2530 299 2564 ratius.

218 2602 336 2634 14-19.
370 2601 453 2634 Non
478 2599 563 2642 cet]
602 2599 818 2633 Sententiae
845 2599 901 2633 sic

169 2650 467 2682 connectuntur:
496 2647 595 2689 „Iam
613 2647 766 2681 minime
791 2657 901 2692 aegre

169 2699 210 2730 tu
251 2696 349 2730 feres
391 2694 599 2729 absentiam
647 2705 785 2736 meam,
834 2694 901 2728 ubi

170 2743 315 2784 scieris,
342 2742 426 2777 ideo
445 2741 701 2776 tantummodo
720 2752 778 2775 me
796 2741 902 2775 abes-

946 1120 985 1143 se
1019 1111 1065 1144 ab
1099 1109 1220 1151 Urbe,
1254 1112 1296 1142 ut
1330 1109 1481 1143 sanitati
1515 1109 1678 1144 tuendae

945 1167 1096 1201 operam
1122 1157 1215 1191 dem.
1242 1155 1323 1190 Hoc
1351 1156 1468 1202 igitur
1493 1167 1562 1200 pro
1588 1157 1679 1191 ami-

945 1204 1036 1238 citia
1061 1207 1126 1238 tua
1151 1205 1291 1238 libente
1317 1205 1443 1238 animo
1468 1204 1561 1237 mihi
1587 1214 1677 1237 con-

945 1251 1068 1292 cedes,
1094 1251 1312 1285 existimans
1337 1261 1476 1285 novum
1500 1250 1572 1284 hoc
1596 1250 1677 1285 fore

945 1298 1170 1333 beneficium
1202 1300 1242 1332 in
1279 1309 1339 1332 me
1377 1298 1574 1340 collatum,
1610 1307 1678 1342 par

945 1346 1078 1390 utique
1102 1346 1192 1388 illis,
1219 1345 1357 1390 quibus
1375 1348 1450 1380 tam
1469 1344 1679 1379 liberaliter

945 1404 1002 1427 me
1029 1396 1115 1427 ante
1141 1393 1318 1435 affecisti,
1356 1403 1441 1426 cum
1465 1392 1505 1426 id
1531 1401 1679 1436 semper

946 1443 1147 1485 spectares,
1172 1451 1221 1474 ne
1239 1440 1339 1475 dona
1364 1443 1431 1475 tua
1449 1450 1678 1484 quocunque

945 1488 1054 1522 modo
1094 1498 1262 1533 unquam
1295 1488 1388 1521 mihi
1423 1497 1583 1522 onerosa
1616 1486 1679 1521 fie-

946 1538 1050 1578 rent3
1077 1545 1163 1568 nam
1179 1535 1348 1580 profecto
1374 1537 1415 1569 tu
1439 1545 1679 1579 nequaquam

946 1562 1080 1617 simil’is
1106 1594 1146 1617 es
1166 1582 1413 1617 Calabrorum
1438 1582 1602 1623 illorum,
1626 1581 1680 1615 vi-

946 1641 1074 1664 rorum
1093 1641 1182 1664 sane
1196 1630 1395 1672 bonorum,
1413 1629 1479 1663 sed
1491 1628 1678 1674 politioris

945 1678 1045 1711 vitae
1078 1678 1294 1722 ignarorum
1330 1677 1421 1711 cet.⁴‘
1450 1695 1492 1700 —-
1521 1676 1678 1717 locuple-

946 1724 1030 1767 tem]
1056 1725 1137 1758 Hoc
1162 1725 1276 1758 verbo
1303 1734 1343 1758 se
1369 1723 1460 1757 satis
1487 1733 1678 1767 superque

947 1774 1166 1805 contentum
1192 1782 1275 1805 esse
1298 1770 1431 1804 villula
1456 1781 1524 1804 sua
1542 1769 1680 1804 Sabina

947 1818 1144 1863 significat.
1157 1838 1199 1842 —
1210 1817 1385 1861 Benigne]
1400 1817 1549 1852 Gratias
1563 1828 1679 1862 agens

947 1866 1090 1899 urbane
1108 1865 1252 1900 donum
1267 1866 1405 1909 hospes
1429 1867 1591 1899 recusat.
1618 1864 1679 1898 Sic

946 1923 1119 1947 sermone
1145 1912 1362 1957 antiquiore
1388 1915 1463 1946 tam
1480 1913 1604 1953 qratia
1630 1915 1680 1945 est

947 1960 1015 2002 (ac
1041 1960 1073 1994 si
1106 1960 1358 2004 accepissem)
1393 1962 1430 1993 et
1460 1958 1547 1993 Itali
1581 1961 1680 1992 tante

947 2009 1080 2048 qrazie.
1131 2007 1206 2041 Ofr.
1231 2018 1264 2040 v.
1291 2008 1348 2041 62.
1396 2006 1521 2041 Plaut.
1563 2005 1678 2040 Stich.

948 2056 989 2097 3,
1016 2057 1056 2098 2,
1085 2056 1146 2088 18:
1187 2056 1325 2088 Locata
1357 2056 1407 2087 est
1438 2061 1552 2096 opera
1584 2061 1681 2086 nune

947 2103 1112 2143 quidem.-
1148 2104 1224 2135 lam
1261 2102 1383 2143 qratia
1420 2103 1482 2135 est.
1513 2119 1556 2124 -
1591 2101 1679 2134 Tam

947 2153 1071 2183 teneor
1104 2149 1185 2192 cet]
1229 2149 1349 2191 „Tam
1387 2148 1574 2194 obligatus
1611 2147 1680 2181 tibi

948 2208 1031 2231 sum
1056 2198 1168 2239 dono,
1203 2197 1307 2241 quod
1338 2195 1471 2239 offers,
1504 2205 1616 2240 quam
1647 2195 1680 2229 si

949 2244 1078 2278 eodem
1112 2247 1272 2279 onustus
1297 2243 1450 2278 domum
1480 2242 1655 2277 redirem.
1660 2242 1678 2260 ‘⁴

949 2311 992 2315 --
1018 2293 1107 2325 haec
1136 2292 1258 2334 porcis
1291 2290 1384 2346 cet3]
1421 2290 1680 2332 Innocentem,

949 2339 1015 2373 sed
1041 2338 1315 2374 subridiculam
1335 2335 1538 2387 ἀγροικίαν
1556 2337 1679 2381 quivis

948 2386 1058 2421 facile
1096 2386 1221 2420 sentit.
1257 2404 1299 2409 ——
1334 2382 1460 2428 hodie]
1499 2383 1585 2418 Non
1623 2385 1681 2418 est

949 2433 1130 2476 otiosum3
1181 2432 1246 2467 sed
1287 2432 1495 2478 signifieat,
1535 2431 1680 2465 diutius

948 2481 1031 2526 pira
1056 2481 1129 2515 ista
1152 2481 1338 2514 asservari
1363 2490 1440 2514 non
1464 2489 1588 2524 posse.

997 2552 1117 2585 20-23.
1141 2553 1257 2584 donat
1281 2550 1366 2594 cet.]
1401 2549 1553 2593 „abiicit
1577 2548 1680 2583 velut

948 2599 989 2633 in
1012 2598 1230 2632 barathrum
1257 2608 1317 2640 ea,
1350 2607 1446 2642 quae
1470 2596 1552 2641 ipse
1575 2596 1680 2630 fasti-

949 2646 1038 2680 dit.“
1078 2645 1221 2680 Seneca
1244 2645 1364 2689 Epist.
1391 2645 1470 2686 120,
1495 2646 1536 2678 9:
1569 2644 1681 2678 Mum

948 2695 1052 2735 sunt,
1089 2693 1154 2734 qui
1185 2701 1259 2726 non
1290 2693 1447 2733 donant,
1479 2693 1543 2725 sed
1565 2691 1680 2733 proii-

950 2742 1063 2774 ciunt.
1090 2759 1132 2764 —
1158 2739 1270 2782 seoes]
1294 2738 1490 2773 Proverbii
1516 2738 1679 2783 speciem
