1786 2912
145 142 201 184 76

651 143 859 178 HORATII
883 144 1167 179 SATIRARUM

263 242 459 299 Namque
491 248 602 298 esto,
635 245 819 301 populus
850 244 1042 287 Laevino
1073 247 1221 289 mallet
1250 247 1457 290 honorem

265 313 403 362 Quam
434 314 569 357 Decio
601 315 805 358 mandare
836 329 967 368 novo,
1000 330 1236 373 censorque
1266 322 1459 360 moveret
1608 319 1665 359 20

263 384 453 441 AppiuS,
483 387 671 441 ingenuo
704 387 741 427 si
772 400 858 428 non
890 400 1030 429 essem
1061 391 1183 443 patre
1214 393 1365 430 natus:
1355 351 1486 461 ‘fd‘
1512 358 1553 403 ³¹
1568 380 1605 404 '¹³

1472 423 1618 470 καὶ

262 455 346 498 Vel
376 457 546 510 merito,
581 457 782 513 quoniam
813 458 858 498 in
888 458 1062 513 propria
1091 472 1178 500 non
1208 459 1322 515 pelle
1355 456 1584 516 quiessem.

264 525 351 569 Sed
382 527 574 583 fulgente
605 528 737 570 trahit
768 528 1018 570 constrictos
1052 528 1200 572 Gloria
1230 544 1355 572 curru

263 597 359 639 Non
390 599 531 640 minus
563 599 732 654 ignotos
766 600 1002 654 generosis.

264 667 443 712 Sumere
475 669 717 726 depositum
750 671 919 712 clavum
950 670 1128 727 fierique
1161 671 1360 714 tribuno?

1067 599 1162 648 Quo
1193 601 1293 655 tibi,
1327 601 1447 655 crini,

1611 673 1666 714 25

241 789 296 821 25.
335 789 523 821 tribunum
546 799 604 832 pr.
631 788 665 831 d,
692 799 757 822 sex
782 788 965 823 Pottierii.

143 877 221 909 tam
239 878 342 909 recte
359 876 538 918 iudicai“,
563 877 698 922 inquit,
720 880 882 921 „quanto

144 923 263 968 magis
289 923 328 956 id
355 927 502 968 oportet
529 902 595 957 'Vos
630 926 751 966 [acere
786 927 854 958 cet.
865 925 882 957 ⁸?

144 970 240 1012 Vos,
268 970 372 1012 dico,
397 971 609 1016 Augustos,
635 971 882 1014 Maecenates,

94 1053 102 1059 ¹
143 1013 350 1060 Polliones,
363 1018 558 1053 Messallae
574 1022 656 1060 cet.,
682 1030 759 1053 non
779 998 882 1063 quali

144 1065 309 1119 quisque
328 1044 376 1099 s'it
392 1069 502 1100 natus
528 1070 697 1110 parente,
724 1067 789 1100 sed
808 1078 882 1111 quo

132 1113 312 1158 ingenio,
339 1123 413 1157 qua
437 1113 576 1147 virtute
603 1114 670 1155 sit,
698 1125 882 1158 quaerere

145 1161 326 1204 oportet.“
379 1160 451 1194 Sed
477 1160 569 1205 quid
603 1161 787 1195 attinebat
818 1161 882 1195 ad-

144 1218 299 1241 monere
330 1207 603 1250 Maecenatem,
642 1219 689 1242 ne
727 1209 883 1250 faceret,

145 1265 242 1299 quae
262 1266 345 1288 eum
364 1255 516 1289 minime
534 1256 659 1290 facere
676 1256 750 1288 iam
769 1267 883 1300 supra

144 1302 430 1346 praedicaverat
446 1302 638 1337 Horatius.
675 1303 792 1337 Immo
818 1312 883 1336 nos

144 1350 310 1394 pertinet
327 1350 374 1383 ad
390 1350 588 1384 Horatium
612 1353 648 1383 et
673 1351 767 1384 alios
786 1351 884 1384 eius-

143 1397 229 1431 dem
263 1397 499 1432 condicionis
531 1407 575 1431 ac
599 1398 804 1431 voluntatis
830 1398 884 1431 vi-

144 1455 220 1479 ros.
248 1464 288 1468 —
319 1454 343 1478 a
367 1445 715 1488 voloo--remolosJ
755 1445 823 1479 Od.
850 1447 883 1487 2,

148 1494 203 1534 16,
230 1493 294 1525 37:
320 1494 884 1526 mihi--Parea-—dedit-ma-

147 1540 286 1581 lionum
310 1548 482 1581 spernere
507 1541 647 1580 volqus.
694 1539 762 1573 Od.
791 1542 823 1581 3,
853 1542 884 1581 1,

148 1589 186 1619 1:
227 1588 296 1620 Odi
327 1588 526 1628 profanum
551 1588 677 1627 vulqus
705 1589 737 1620 et
763 1596 881 1620 arceo.

146 1633 290 1668 Seneca
326 1634 445 1678 Epist.
479 1636 519 1667 3:
570 1635 769 1667 Dissimiles
809 1643 881 1667 esse

145 1690 226 1714 nos
248 1682 355 1723 volqo
373 1683 476 1722 sciat,
504 1683 567 1722 qui
584 1683 781 1722 inspeoeeril
797 1690 881 1722 pro-

140 1730 240 1770 pius.
260 1748 302 1752 —
323 1730 426 1770 lonae
455 1728 643 1771 lonqeque]
669 1727 802 1762 Modus
821 1739 883 1761 su-

145 1776 372 1820 perlativum
391 1775 625 1820 exprimendi
652 1776 763 1809 etiam
782 1775 881 1819 apud

146 1822 223 1856 Cic.
258 1823 304 1856 de
336 1824 447 1856 Finn.
474 1825 512 1864 2,
551 1825 614 1865 21,
654 1825 731 1864 68„
770 1833 882 1867 quem

147 1874 346 1904 servarunt
369 1870 465 1911 Itali,
494 1871 603 1911 lunae
631 1872 740 1911 lungo
765 1871 882 1904 inter-

145 1917 235 1951 dum
261 1918 444 1952 dicentes.
470 1936 512 1941 —r
540 1917 666 1960 Decio]
685 1917 725 1950 P.
743 1917 882 1951 Decius

145 1964 248 2007 Mus,
281 1966 391 1999 homo
426 1974 559 2006 novus,
592 1965 738 2008 primus
765 1975 784 1998 8
811 1964 883 1998 De-

146 2012 215 2046 ciis
250 2014 381 2047 consul
416 2012 488 2045 fuit
522 2015 558 2046 et
591 2012 630 2044 in
666 2012 763 2045 bello
799 2022 882 2045 cum

146 2059 293 2094 Latinis
338 2071 407 2104 pro
452 2059 666 2104 legionibus
703 2059 882 2093 Romanis

146 2107 204 2141 dis
241 2108 373 2141 inferis
412 2118 494 2141 sese
532 2106 682 2140 devovit
715 2118 746 2140 a.
782 2118 817 2140 u.
851 2117 882 2140 c.

147 2157 228 2188 414.
278 2154 358 2188 Liv.
393 2157 433 2196 8,
468 2157 500 2187 9.
550 2154 680 2188 Iuven.
715 2156 755 2195 8,
794 2155 881 2187 254:

146 2203 313 2235 Plebeiae
336 2203 531 2235 Deciorum
557 2203 714 2244 animae,
738 2203 883 2242 plebeia

146 2251 296 2290 suerum
322 2251 499 2287 Nomium
523 2258 592 2290 pro
619 2250 701 2282 totis
730 2250 882 2290 leqiom‘-

147 2297 213 2329 bus
241 2298 278 2329 hi
302 2299 424 2330 lamen
442 2299 474 2330 et
496 2305 567 2337 pro
588 2297 758 2329 Omnibus
776 2297 884 2330 auxi-

149 2344 206 2376 liis
241 2347 349 2384 alque
383 2345 482 2377 omni
511 2345 607 2384 pube
633 2345 767 2376 Latina
800 2345 883 2384 Sus-

146 2391 271 2432 ficium
309 2393 363 2424 dis
400 2392 555 2432 infernis
589 2392 792 2431 Terraeque
814 2400 883 2432 pa-

146 2439 253 2471 remi.
281 2457 324 2460 —
350 2438 504 2480 Appius]
530 2438 674 2482 Appius
702 2438 883 2472 Claudius

147 2484 332 2527 Pulcher,
358 2485 399 2518 P.
427 2484 547 2518 Clodii
574 2485 710 2526 frater,
737 2485 782 2518 de
810 2496 884 2529 quo

149 2531 299 2566 Caelius
324 2532 424 2576 apud
452 2532 527 2565 Cic.
554 2532 599 2566 ad
626 2532 726 2566 Fam.
754 2535 794 2573 8,
830 2534 884 2574 14,

148 2582 189 2612 4:
224 2582 441 2613 Persuasum
475 2583 524 2612 est
550 2581 582 2611 ei
607 2588 798 2613 censuram
834 2582 884 2613 lo-

147 2631 309 2660 menium
341 2630 405 2660 aul
437 2628 575 2660 nitrum
610 2635 694 2660 esse.
744 2630 885 2660 Errare.

147 2676 237 2706 mihi
272 2676 436 2714 videtum
476 2683 563 2707 nam
600 2675 724 2707 sordes
763 2676 884 2707 eluere

147 2722 241 2755 volt.
279 2730 389 2755 venas
425 2722 494 2754 sibi
526 2729 646 2754 omnes
681 2724 713 2754 el
747 2723 885 2754 viscera

933 879 1062 919 aperit.
1117 866 1192 912 Hic
1226 865 1384 923 buidem
1424 890 1493 923 pro
1535 879 1667 924 quovis

933 935 1089 959 censore
1131 936 1261 960 severo
1302 926 1393 970 poni
1435 926 1596 960 videtur.
1624 946 1667 950 ——

931 974 1089 1014 inqenuo
1121 975 1153 1006 si
1186 982 1260 1007 mm
1294 982 1404 1007 essem
1435 974 1527 1017 cet.]
1567 974 1669 1018 „Ap-

931 1021 1030 1063 pius,
1057 1023 1098 1054 ut
1116 1031 1246 1054 omnes
1263 1020 1359 1055 alios
1376 1021 1584 1063 libertinos,
1607 1033 1668 1055 me

933 1078 1102 1112 quoque,
1137 1069 1167 1102 si
1194 1068 1306 1102 huius
1332 1079 1453 1102 essem
1478 1069 1669 1103 condicio-

931 1115 1003 1157 nis,
1023 1118 1156 1148 senatu
1175 1117 1375 1149 moveret.“
1389 1135 1431 1139 —
1446 1117 1506 1148 Vel
1522 1116 1668 1159 merito]

931 1163 994 1194 καὶ
1029 1159 1187 1204 εἰκότως
1219 1173 1272 1206 γε.
1299 1182 1342 1186 -
1376 1172 1408 1203 q.
1441 1165 1480 1196 in
1514 1165 1670 1205 propria

931 1218 1005 1242 non
1026 1211 1122 1250 pelle
1148 1210 1338 1253 quiessem]
1362 1209 1440 1253 „Ex
1464 1211 1667 1255 proverbio

933 1259 1121 1300 sumptum
1141 1260 1198 1290 est
1215 1257 1254 1290 in
1273 1268 1350 1298 eos,
1377 1258 1443 1301 qui
1468 1257 1668 1292 mediocri-

933 1305 1020 1337 tatis
1057 1315 1147 1338 suae
1182 1304 1289 1338 obliti
1327 1305 1469 1338 maiora
1502 1315 1541 1339 se
1574 1305 1669 1349 ipsis

933 1354 1126 1395 appetunt,
1152 1361 1248 1396 quos
1266 1362 1342 1385 non
1362 1351 1550 1386 contineri
1570 1352 1670 1386 intra

933 1399 1150 1442 pelliculam
1176 1399 1371 1433 dicimus.“
1413 1398 1561 1432 PoRPn.
1605 1399 1670 1433 Se-

934 1456 1028 1479 neca
1052 1445 1172 1490 Epist.
1197 1449 1238 1480 91
1273 1447 1439 1487 plerique
1471 1448 1670 1488 sapientem

932 1494 1095 1534 'indique
1124 1495 1337 1526 submovent
1363 1496 1396 1527 et
1428 1495 1530 1527 intra
1555 1497 1670 1527 cutem

932 1549 1038 1573 suam
1056 1543 1198 1582 coquat.
1224 1539 1384 1574 Martial.
1404 1543 1507 1581 3,16.
1526 1541 1572 1575 de
1591 1551 1670 1575 cer-

931 1587 1029 1620 done
1047 1590 1268 1641 arrogante:
1295 1591 1341 1629 ie,
1358 1566 1446 1620 milii
1464 1590 1577 1633 crede,
1594 1597 1668 1622 me·

930 1637 1049 1668 mento
1068 1636 1173 1667 Nunc
1197 1636 1237 1666 in
1250 1635 1440 1675 pellicula,
1468 1614 1587 1677 cerdo,
1614 1638 1665 1669 ce-

930 1690 1016 1714 nere
1034 1685 1112 1714 tua.
1138 1681 1205 1715 Est
1222 1684 1346 1715 autem
1368 1683 1526 1723 propria
1547 1683 1667 1725 pellis,

932 1739 1067 1773 „quam
1085 1731 1221 1762 natura
1238 1729 1320 1772 ipsa
1336 1729 1427 1762 mihi
1447 1730 1517 1763 soli
1534 1729 1671 1764 tribuit

930 1776 1002 1817 ita,
1037 1779 1078 1809 ut
1110 1776 1206 1810 alius
1241 1776 1384 1810 nullius
1419 1777 1500 1810 sit.“
1530 1796 1571 1799 —
1601 1778 1672 1811 Sed

931 1824 1093 1864 sulqeme
1112 1823 1196 1866 cet.]
1212 1823 1354 1857 Versus
1372 1824 1560 1865 heroicus,
1579 1834 1670 1869 qua—

931 1871 986 1904 les
1013 1870 1203 1904 interdum
1238 1871 1396 1915 reliquis
1422 1882 1444 1904 a
1468 1873 1579 1916 poeta
1613 1871 1670 1905 in-

932 1920 1122 1951 seruntur.
1174 1916 1280 1951 Conf.
1316 1917 1390 1951 Sat.
1419 1921 1460 1960 1,
1487 1920 1526 1961 1,
1553 1921 1609 1952 68.
1637 1921 1668 1960 1,

897 1968 973 2005 ’4,
1001 1967 1056 1998 60.
1092 1967 1132 2006 2,
1169 1968 1207 2006 1,
1245 1967 1418 2009 13seqq.
1454 1967 1494 2007 2,
1522 1967 1562 2008 3,
1589 1967 1668 1999 223.

935 2012 1219 2056 „Quamquam‚
1268 2023 1399 2046 verum
1449 2015 1492 2046 ut
1538 1991 1668 2054 fatear,

933 2060 1120 2093 communi
1157 2060 1342 2093 humanae
1372 2062 1530 2094 naturae
1556 2061 1669 2104 culpa

934 2111 970 2140 et
995 2107 1181 2161 ignobiles
1201 2110 1239 2141 et
1260 2107 1434 2152 generosi
1451 2118 1572 2151 aeque
1588 2107 1668 2152 glo-

933 2154 1011 2187 riae
1030 2155 1215 2189 inservire
1235 2154 1368 2196 solent,
1386 2154 1496 2188 cuius
1515 2154 1667 2199 quidem

931 2202 1055 2235 inanis
1083 2202 1198 2236 studii
1217 2202 1307 2236 satis
1325 2201 1529 2236 ridiculum
1546 2212 1668 2235 exem-

931 2250 1034 2292 plum
1083 2249 1239 2294 praebet
1281 2248 1415 2282 Tillius
1465 2249 1529 2282 ille
1572 2248 1666 2282 cet.¹‘

934 2315 975 2319 —
1003 2296 1058 2330 De
1086 2297 1236 2330 Gloriae
1262 2304 1375 2329 curru
1400 2295 1473 2329 vid.
1499 2295 1546 2329 ad
1571 2295 1668 2340 Epp.

934 2346 965 2385 2,
996 2347 1025 2385 1,
1054 2345 1132 2377 177.

982 2393 1102 2424 24-37.
1137 2390 1235 2432 Tilli]
1264 2389 1422 2432 „Tillius
1449 2389 1508 2423 hic
1535 2391 1668 2423 senatu

933 2441 1056 2471 motus
1091 2442 1147 2472 est
1172 2449 1194 2471 a
1219 2437 1377 2471 Caesare
1417 2437 1524 2480 quasi
1559 2436 1668 2470 Pom-

933 2485 1111 2529 peianus3
1150 2485 1274 2524 occiso
1301 2494 1389 2517 vero
1417 2483 1576 2518 Caesare
1610 2493 1669 2517 re·

934 2533 1034 2576 cepit
1059 2533 1173 2566 latum
1201 2532 1339 2565 iterum
1357 2531 1514 2573 clavum,
1538 2530 1578 2564 id
1599 2532 1668 2572 est,

935 2581 1159 2613 senatoriam
1198 2578 1436 2624 dignitatem,
1474 2581 1512 2611 et
1549 2577 1668 2611 tribu·-

935 2638 1007 2660 nus
1043 2627 1201 2660 militum
1240 2626 1363 2660 factus
1397 2625 1486 2659 est.“
1538 2624 1668 2658 Coun.

935 2674 1054 2712 CRUQ.
1067 2675 1195 2708 Frater
1204 2673 1278 2706 fuit
1286 2673 1447 2706 fortasse
1455 2671 1560 2705 Tillii
1569 2671 1668 2706 Cim-

934 2721 1005 2762 bri,
1033 2722 1204 2755 Caesaris
1227 2719 1493 2754 interfectoris.
1519 2719 1670 2752 Tribuni
