1786 2912
0 1860 15 1944 Ξ

702 135 798 170 LIB.
821 135 871 170 11.
919 133 1023 170 SAT.
1046 135 1077 169 1.

1565 133 1647 175 137

252 237 418 294 Nugari
448 251 546 280 cum
574 236 650 278 illo
681 240 725 278 et
754 235 951 278 discincti
980 234 1150 288 ludere,
1181 233 1316 277 donec

252 307 575 364 Decoqueretur
602 306 711 360 olus,
739 306 868 348 soliti.

911 304 1129 361 Quidquid
1148 318 1245 347 sum
1272 318 1367 361 ego,
1396 304 1589 361 quamvis

251 377 370 421 Infra
396 377 538 420 Lucili
568 391 744 420 censum
773 377 1099 432 ingeniumque,
1129 379 1275 418 tamen
1305 388 1374 417 me
1594 375 1648 416 ⁷5

253 447 364 491 Cum
392 448 560 505 magnis
591 448 753 490 vixisse
783 447 918 489 invita
948 446 1152 489 fatebitur
1182 459 1319 501 usque

249 518 418 561 Invidia
447 522 491 562 et
520 518 662 574 fragili
693 531 903 574 quaerens
934 516 1101 559 illidere
1131 515 1304 560 dentem

254 588 455 632 Offendet
484 589 620 631 solido
642 620 654 630 .
677 621 688 630 .
711 620 722 630 .
746 620 757 630 .
779 588 864 630 nisi
894 586 998 644 quid
1026 591 1093 640 tu,
1127 586 1249 629 docte
1282 586 1478 638 Trebati,

250 659 483 703 Dissentis.
528 658 741 716 Equidem
771 657 878 700 nihil
907 658 1009 700 hinc
1041 657 1265 700 diffindere
1296 670 1486 713 possum.

230 797 288 829 79.
319 796 377 828 Mc
400 794 479 829 Lot
502 796 541 828 et
564 793 762 828 Heindorf.
789 812 832 817 —
858 794 1049 834 diffindere
1075 791 1190 826 Codd.
1222 792 1310 836 aliq.
1333 791 1431 826 Feae
1457 795 1494 825 et
1517 790 1603 825 Pot-

183 842 305 884 tierii,
337 841 465 876 LctF:
501 842 665 884 diffidere
691 851 710 874 c
736 843 774 874 et
797 840 872 874 duo
898 839 1092 881 Potum-ii,
1126 840 1315 880 dimnoere
1340 838 1390 872 bs
1425 842 1463 872 et
1496 841 1604 882 quat-

183 890 271 922 tuor
293 888 486 931 Pottierii,
518 887 608 922 item'
633 887 848 929 Bentleius,
881 886 1071 920 Heindorf
1100 889 1137 920 et
1162 885 1222 919 Μ]
1233 911 1242 928 ,
1275 887 1487 927 αεῙνίηαστε
1513 885 1602 919 Cod.

185 935 344 980 Cruquii
369 935 568 970 Tonsanus
594 937 632 969 et
655 934 842 968 Wieland.

131 1047 282 1088 Πείσωνι·
311 1046 396 1090 cet-J
430 1045 507 1080 cic.
540 1046 587 1080 de
622 1044 803 1087 Orat.⁴2,
834 1047 868 1087 6,

136 1095 200 1128 22:
239 1094 355 1135 Saepe
381 1102 427 1127 eet
456 1102 580 1127 socero
606 1101 686 1126 meo
720 1093 870 1137 (inquit

131 1139 312 1182 crassus)
337 1141 472 1182 audivi,
498 1149 580 1173 cum
604 1141 636 1172 is
653 1141 788 1174 diceret
811 1148 869 1173 so-

129 1195 258 1221 cerum
287 1196 395 1221 suum
418 1188 585 1221 Laelium
617 1195 758 1229 semper
789 1188 868 1228 sere

136 1243 219 1268 cum
232 1235 399 1276 scip-fone
422 1235 570 1268 solitum
593 1235 767 1267 rusticari
791 1242 869 1267 eos-

134 1289 206 1322 que
230 1282 494 1315 incredibiliter
516 1289 774 1323 repuerascere
792 1290 867 1314 esse

130 1329 272 1369 solitos,
298 1336 380 1361 cum
401 1337 466 1361 rus
483 1324 542 1361 ‘ex
564 1329 654 1361 urbe
678 1331 868 1368 tamquam

140 1383 159 1408 e
182 1376 311 1408 vinctis
343 1375 592 1408 evolavi-ssent.
642 1376 725 1408 Non
748 1376 867 1408 audeo

135 1422 256 1455 dicere
279 1422 324 1454 de
348 1422 482 1454 tatibus
514 1422 623 1464 viris,
658 1422 721 1454 sed
746 1424 869 1454 tamen

130 1468 193 1501 >ita
215 1469 305 1501 solet
326 1476 487 1501 narrare
501 1469 688 1509 Scaevola,
714 1470 867 1501 conchas

139 1523 198 1548 cos
223 1517 257 1548 ct
279 1516 468 1548 umbilicos
499 1516 548 1548 ad
573 1516 735 1548 Caietam
760 1517 793 1548 et
818 1517 868 1549 ad

136 1561 362 1595 Laurentum
397 1563 515 1603 tencre
549 1570 734 1595 consuesse
760 1564 794 1595 et
819 1563 868 1595 ad

131 1616 278 1642 omnem
301 1610 417 1642 ammi
445 1610 692 1642 remissionem
725 1610 867 1642 tadum-

132 1663 208 1696 que
231 1656 454 1689 descendere.
492 1655 639 1700 „Scipio
663 1655 865 1690 Africanus

135 1703 176 1735 et
197 1702 350 1736 Laelius
373 1702 547 1737 feruntur
572 1705 646 1736 tam
670 1702 788 1736 fuisse
812 1703 866 1737 fa-

134 1748 303 1783 miliares
327 1751 365 1783 et
388 1749 498 1784 amici
521 1749 682 1791 Lucilio,
707 1752 749 1783 ut
774 1760 868 1794 quo-

135 1795 223 1830 dam
246 1799 413 1840 tempore
428 1797 558 1833 Laelio
584 1796 725 1830 circum
750 1796 868 1831 lectos

132 1842 294 1876 triclinii
329 1843 492 1888 fugienti
528 1843 700 1877 Lucilius
738 1854 868 1888 super-

135 1890 292 1924 veniens
316 1900 403 1924 eum
427 1891 575 1924 abtorta
596 1901 731 1935 mappa
756 1892 866 1935 quasi

136 1935 319 1971 feriturus
333 1938 590 1981 sequeretur.“
607 1937 735 1971 Coun.
745 1937 865 1976 CRUQ.

137 1981 315 2017 Ceterum
362 1995 543 2028 perquam
590 1984 865 2018 adolescentem

137 2028 326 2063 Lucilium
358 2034 395 2064 et
420 2030 559 2065 Satiras
593 2031 761 2065 scribere
787 2042 869 2065 coe-

137 2075 240 2120 pisse
265 2080 304 2110 et
325 2078 365 2110 in
389 2078 560 2111 intimam
586 2078 771 2122 Scipionis
796 2078 870 2111 iam

136 2132 174 2155 a.
199 2125 279 2156 625.
303 2125 442 2156 mortui
467 2124 760 2158 familiaritatem
785 2135 870 2168 per-

139 2169 289 2203 venisse
322 2180 477 2204 necesse
510 2173 577 2204 est.
602 2190 648 2194 —
682 2172 867 2214 discincti]

140 2215 264 2249 soluto
289 2217 441 2250 tunicae
459 2216 625 2261 cingulo,
651 2220 694 2250 ut
711 2228 870 2252 commo-

137 2261 226 2296 dius
259 2263 446 2298 luderent.
473 2283 514 2287 —
541 2265 653 2297 donec
686 2266 869 2304 Decoque-

138 2311 242 2342 rctur
273 2310 376 2353 otas]
416 2310 572 2352 „Donec
598 2321 692 2345 cena
716 2322 870 2355 parare-

136 2358 214 2390 tur.
261 2355 438 2391 Ostendit
482 2368 550 2401 per
600 2358 757 2400 herbas,
805 2369 869 2393 eos

137 2402 259 2438 fnisse
283 2404 464 2438 sobrios.“
492 2404 620 2438 Comi.
648 2405 713 2438 Cn.
754 2407 870 2439 Deco-

138 2457 250 2490 quere
274 2454 333 2484 est
363 2454 534 2485 nostrum
566 2461 650 2493 aar
686 2454 868 2486 kochcn.

137 2495 195 2530 De
229 2497 332 2531 olere
364 2499 558 2532 hominum
591 2510 800 2543 pauperum
831 2502 868 2534 et

136 2541 344 2589 frugalium
368 2544 451 2579 cibo
477 2546 575 2579 conf.
601 2546 676 2580 Sat.
695 2547 727 2587 2,
754 2547 787 2587 7,
812 2548 868 2580 30.

139 2588 232 2634 Epp.
260 2595 292 2633 1,
317 2593 351 2633 5,
376 2594 408 2625 2.
437 2595 468 2633 1,
495 2595 551 2634 17,
577 2595 620 2627 13
647 2604 729 2637 sqq.

187 2639 307 2671 75-78.
333 2639 492 2682 censam]
513 2639 588 2673 Cfr.
613 2640 661 2674 ad
678 2651 712 2673 v.
731 2642 787 2673 29.
811 2639 868 2674 De

139 2684 338 2726 splendida
362 2686 443 2720 eius
459 2685 568 2720 domo
587 2687 657 2720 sub
675 2686 785 2720 Velia
801 2687 868 2721 cfr.

916 1044 1054 1079 Ancon.
1089 1055 1125 1089 p.
1162 1046 1218 1078 13.
1251 1043 1309 1079 ed.
1342 1044 1440 1079 Bait.
1475 1062 1517 1068 -
1551 1045 1651 1085 inqe-

916 1091 1114 1135 m‘umque]
1153 1094 1339 1136 quatenus
1372 1091 1438 1125 ille
1474 1092 1650 1125 inventor

915 1139 1030 1173 huius
1048 1139 1198 1184 generis
1222 1139 1306 1172 fuit.
1324 1157 1374 1172 --.
1387 1140 1475 1172 Cum
1490 1137 1650 1181 maenis]

918 1185 1034 1227 „Cum
1066 1187 1259 1231 Augusto,
1290 1185 1526 1227 Maecenate,
1564 1185 1651 1219 Pol-

916 1233 1018 1267 lione
1056 1236 1094 1267 et
1131 1233 1251 1266 aliis.“
1303 1232 1446 1266 Senon.
1488 1232 1583 1276 Epp.
1618 1234 1651 1274 1,

918 1282 973 1321 10,
1000 1282 1064 1313 24:
1088 1281 1150 1314 Me
1172 1281 1303 1320 primis
1329 1281 1433 1312 Urbis
1459 1280 1544 1312 beta·
1565 1280 1651 1320 pta-

917 1329 1031 1360 cuiue
1056 1328 1226 1367 domique
1252 1326 1473 1370 (loqueris).
1502 1344 1545 1349 —
1571 1327 1651 1367 lra-

916 1375 983 1414 yili
999 1391 1014 1398 ·
1030 1373 1189 1416 -solido]
1214 1383 1298 1418 gen.
1325 1376 1461 1414 neutr.,
1487 1373 1650 1418 imagine

916 1420 1114 1464 desumpta
1138 1420 1184 1454 ab
1211 1430 1268 1462 eo,
1293 1420 1362 1465 qui
1388 1419 1478 1454 dum
1501 1419 1649 1454 avidius

916 1466 1093 1505 dentibus
1118 1468 1294 1512 frangere
1317 1467 1396 1500 volt
1420 1477 1556 1500 nucem
1580 1467 1649 1500 ali-

916 1525 1044 1558 quam,
1071 1514 1288 1559 iuglandem
1312 1517 1404 1558 puta
1428 1514 1489 1548 vel
1512 1514 1650 1548 avella-

915 1571 1021 1602 nam,
1046 1561 1137 1606 qnia
1161 1561 1272 1595 facile
1298 1560 1337 1594 id
1361 1561 1443 1594 fore
1470 1561 1648 1605 opinatur

915 1608 1089 1651 (staffile),
1115 1608 1300 1652 putamini
1325 1607 1438 1641 nimis
1463 1607 1560 1641 duro
1585 1619 1650 1643 eos

914 1654 1027 1689 illidit
1052 1655 1201 1700 sibique
1226 1655 1394 1689 dolorem
1420 1658 1533 1689 creat.
1560 1654 1650 1690 Sine

912 1702 1096 1747 imagine:
1137 1702 1216 1744 „Ei,
1242 1702 1309 1746 qui
1334 1702 1649 1736 existimationem

916 1759 1037 1783 meam
1060 1749 1213 1783 laedere
1238 1752 1276 1783 et
1307 1749 1535 1783 contumelia
1560 1759 1650 1784 con·

916 1796 1100 1841 viciisque
1125 1796 1425 1841 perterrefacere
1450 1806 1509 1830 me
1535 1806 1648 1831 cona-

916 1843 1038 1886 bitur,
1071 1843 1229 1877 firmiter
1264 1843 1457 1885 resistam,
1490 1843 1583 1877 adeo
1608 1847 1651 1877 ut

913 1891 1057 1924 frustra
1074 1901 1132 1924 me
1151 1901 1400 1935 aggressurus
1418 1891 1502 1924 sit.“
1517 1909 1560 1914 —
1580 1892 1652 1924 nisi

914 1939 1002 1978 quid
1029 1937 1089 1980 tu]
1117 1938 1240 1980 „Haec
1268 1940 1368 1978 sunt,
1393 1947 1491 1981 quae
1517 1937 1563 1971 de
1589 1948 1649 1972 me

914 1985 1186 2029 propositoque
1210 1995 1293 2018 meo
1318 1985 1444 2018 dicere
1470 1983 1587 2028 queo;
1613 1987 1651 2019 et

916 2031 1010 2064 mihi
1035 2031 1165 2066 videor
1190 2042 1277 2065 vere
1302 2042 1346 2065 ac
1372 2034 1474 2065 recte
1498 2032 1650 2066 locutus

918 2088 1012 2119 esse,
1038 2079 1112 2112 nisi
1129 2079 1226 2112 forte
1245 2081 1286 2111 tu
1302 2079 1343 2112 in
1362 2079 1432 2112 hoc
1450 2078 1563 2111 illove
1581 2078 1650 2112 ali-

918 2127 976 2157 ter
1002 2126 1131 2167 sentis,
1156 2125 1195 2158 id
1222 2125 1323 2169 quod
1347 2125 1439 2158 mihi
1466 2125 1570 2158 dicas
1588 2135 1649 2159 ve-

918 2171 995 2213 lim,
1013 2174 1065 2212 ut,
1089 2172 1122 2204 si
1139 2174 1204 2206 tua
1220 2172 1407 2206 sententia
1424 2172 1548 2206 verior
1566 2172 1650 2214 erit,

919 2222 1144 2299 ”gihuiff'ss
1156 2219 1648 2308 3533223013325‘32235

918 2322 1004 2345 nem
1018 2314 1173 2346 tuentur
1186 2313 1313 2346 Acron
1328 2316 1364 2346 et
1378 2312 1519 2346 Oomm.
1534 2313 1648 2357 Cruq.

918 2359 972 2392 sic
990 2359 1239 2403 explicantes:
1267 2359 1492 2402 „infirmare,
1519 2364 1650 2394 contra

918 2405 1064 2447 dicere,
1098 2409 1135 2440 et
1168 2407 1239 2440 hoc
1266 2407 1466 2441 Trebatius
1492 2417 1649 2451 respon·

917 2452 991 2486 det.
1016 2452 1115 2487 Iuris
1140 2454 1253 2487 verbo
1279 2465 1372 2488 usus
1398 2457 1467 2487 est.
1492 2453 1649 2488 Praetor

917 2500 1016 2533 enim
1042 2500 1167 2534 dicere
1194 2501 1357 2535 solebat:
1383 2502 1455 2534 Hic
1479 2502 1553 2534 dies
1579 2502 1648 2541 dis-

916 2548 1019 2588 fissus
1043 2550 1148 2580 estof*
1176 2547 1251 2581 Cfr.
1270 2547 1352 2581 XII.
1379 2548 1512 2582 Tabul.
1538 2547 1650 2580 Dirk-

917 2604 985 2627 sen
1009 2604 1045 2637 p.
1070 2596 1151 2628 725.
1184 2595 1228 2628 A.
1262 2595 1359 2629 Gell.
1387 2597 1447 2634 14,
1474 2596 1506 2635 2,
1535 2596 1577 2626 1:
1610 2595 1651 2626 in

916 2649 1042 2673 rerum
1078 2643 1222 2682 quidem
1259 2642 1517 2683 diffissionibus
1554 2648 1649 2673 com-

913 2689 1351 2729 perendinationibusque
1388 2690 1458 2722 cet.
1506 2686 1648 2731 Utique
