1774 2930
155 132 238 174 198

668 132 878 168 HORATII
901 132 1185 168 SATIRARUM

273 232 481 275 Consistit
513 234 740 291 sumptus?
770 233 1008 290 Neglectis,
1040 235 1251 291 flagitium
1281 236 1446 292 ingens.

273 303 367 347 Ten
397 304 562 361 lapides
595 305 736 347 varios
766 305 980 348 lutulenta
1008 306 1159 349 radere
1189 306 1332 363 palma

270 374 329 417 Et
361 375 513 432 Tyrias
547 375 649 418 dare
680 377 839 418 circum
869 377 1006 419 inluta
1035 378 1188 420 toralia
1216 382 1379 432 vestes,

273 445 484 501 Oblitum,
518 451 676 503 quanto
709 462 854 490 curam
886 452 1186 505 sumptumque
1217 450 1426 492 minorem

1569 434 1673 492 ‘85

270 517 393 560 Haec
423 518 628 572 habeant,
660 522 778 561 tanto
810 519 1067 576 reprehendi
1097 520 1253 562 iustius
1284 521 1389 575 illis,

273 588 394 637 Quae
425 589 510 631 nisi
541 589 744 632 divitibus
777 595 993 647 nequeant
1024 592 1270 647 contingere
1301 592 1494 634 mensis?

271 659 409 703 Docte
442 660 557 715 Cati,
589 676 667 717 per
698 662 929 704 amicitiam
961 662 1166 719 divosque
1196 666 1391 720 rogatus,

270 731 442 774 Ducere
472 746 542 775 me
573 732 783 787 auditum,
816 748 971 790 perges
1004 748 1277 791 quocunque,
1308 738 1537 777 memento.

272 802 382 845 Nam
414 805 607 859 quamvis
637 805 816 847 memori
848 805 1008 847 referas
1040 805 1146 847 mihi
1177 810 1350 862 pectore
1382 809 1551 860 cuncta,

271 873 370 916 Non
400 878 545 917 tamen
575 875 787 933 interpres
819 876 1072 919 tantundem
1102 877 1275 920 iuveris.

1615 806 1675 847 90

1337 876 1462 919 Adde

271 945 447 987 Voltum
479 946 758 1003 habitumque
789 947 994 1002 hominis,
1028 962 1154 1004 quem
1186 952 1231 989 tu
1262 947 1422 991 vidisse
1452 948 1604 991 beatus

250 1090 307 1121 84.
325 1089 446 1122 intuta
462 1088 525 1131 bs,
543 1089 631 1123 item
650 1099 670 1122 c
688 1099 877 1134 superscr.
901 1098 933 1131 ο,
950 1090 1068 1122 inlota
1084 1089 1295 1132 Bentleius,
1320 1091 1427 1123 illota
1443 1088 1626 1123 LCtFMJ.

204 1154 245 1159 —
273 1137 329 1170 87.
355 1138 540 1177 nequeunt
559 1135 630 1180 Scp
650 1147 734 1170 cum
753 1136 925 1171 Pottierii
949 1138 1155 1182 plerisque,
1181 1138 1271 1171 item
1297 1140 1321 1170 t.
1341 1156 1384 1161 —
1410 1140 1468 1172 90.
1486 1138 1627 1179 reseras

201 1183 354 1217 memori
376 1183 465 1218 LCt.

154 1292 412 1343 ἁσάρωτον
435 1294 595 1337 οἶκον,
614 1297 788 1337 quoniam
802 1306 892 1338 pur-

155 1345 328 1385 qamenta
354 1352 465 1377 cenae
488 1345 529 1376 in
545 1345 754 1385 pavimento
780 1353 892 1384 quae-

157 1400 224 1431 que
252 1392 370 1424 everri
399 1392 516 1424 solent
540 1392 652 1425 vetuti
685 1392 815 1425 relicta
839 1394 892 1433 se-

156 1441 253 1471 cerat
274 1439 404 1480 parvis
431 1448 449 1472 e
474 1439 613 1472 testulis
638 1440 828 1480 tinctisque
853 1441 894 1472 in

155 1487 280 1519 varios
307 1487 457 1519 colores.
478 1505 520 1510 ——
549 1486 721 1529 quantus]
750 1497 891 1531 „quan-

156 1533 272 1575 tulus,
300 1533 544 1577 quantillus.“
566 1553 609 1557 —-
632 1535 814 1576 flagitium
838 1536 893 1567 ine

156 1581 256 1624 qens]
293 1580 515 1623 „Maximum
542 1580 707 1615 dedecus
732 1582 826 1615 haec
851 1582 891 1614 in

155 1627 270 1662 rebus
312 1628 506 1662 vilissimis
549 1628 781 1673 negligentia
823 1629 891 1662 tibi

157 1675 321 1710 afferet.“
730 1696 735 1700 ·

207 1724 327 1756 83-87.
357 1724 492 1764 lapides
517 1723 656 1766 varios]
682 1723 893 1767 „pavimen-

156 1772 235 1804 tum
254 1766 527 1817 λιθόστρωτον,
550 1770 794 1812 tessellatum,
812 1781 893 1804 ver-

156 1818 391 1854 miculatum,
420 1818 584 1851 sectile.“
638 1817 712 1851 Cfr.
738 1817 832 1862 Epp.
861 1819 892 1859 1,

159 1867 221 1907 10,
259 1867 312 1899 19.
340 1884 382 1888 -
407 1865 555 1907 palma]
595 1865 742 1909 „scopis
769 1876 788 1899 e
814 1865 893 1908 pal-

156 1923 303 1946 marum
340 1912 440 1946 foliis
480 1912 696 1946 confectis.“
750 1911 891 1945 SCHOL.

156 1959 318 1994 Martial.
346 1962 409 2002 14,
444 1961 507 1993 82:
546 1962 593 1992 In
613 1961 731 2001 pretio
765 1968 892 2001 scopas

157 2010 313 2041 testatur
327 2008 455 2049 palma
472 2008 594 2049 fuisse,
622 2009 707 2040 Otia
730 2009 791 2040 sed
814 2015 891 2040 sco-

154 2056 212 2096 pis
238 2064 335 2088 nunc
362 2055 534 2088 analecta
561 2053 800 2098 (α’ναλὲκτης)
827 2056 892 2088 da-

159 2103 219 2136 bit.
231 2122 273 2126 —
288 2103 410 2135 inluta
428 2103 566 2135 toralia
585 2101 669 2145 cet.]
686 2102 890 2136 Construe:

158 2151 248 2183 dare
282 2151 401 2183 inluta
435 2151 571 2183 toralia
604 2151 740 2183 circum
766 2150 893 2190 Tyrias

158 2200 271 2231 vestes
291 2198 540 2242 (purpureum
558 2197 709 2240 torum).
740 2196 892 2241 Longae

158 2247 441 2289 perpetuaeque
465 2256 622 2289 mappae
641 2247 730 2279 sunt
755 2245 894 2278 toralia

157 2291 302 2326 Isidoro
328 2291 454 2337 Origg.
482 2294 537 2334 19,
564 2294 619 2326 26.
670 2291 794 2326 Locus
820 2292 895 2335 pri-

159 2339 301 2373 marius
328 2341 385 2373 est
410 2340 561 2373 Petron.
588 2341 652 2372 40:
692 2341 804 2373 donec
829 2340 894 2372 ad-

159 2389 338 2420 venerunt
357 2388 513 2419 ministri
538 2396 581 2420 ac
607 2390 618 2419 t
644 2388 746 2420 ralia
762 2395 893 2428 propo-

158 2437 311 2467 suerunt
345 2435 433 2466 coris
465 2437 534 2467 cet.
586 2435 796 2476 „Behanqffi
830 2435 894 2466 mit

161 2482 276 2515 denen
309 2482 374 2514 der
412 2481 534 2515 lectus
567 2490 636 2514 von
672 2483 753 2515 dem
790 2484 894 2514 torus

161 2537 212 2562 an
253 2529 304 2561 bis
345 2537 425 2561 zum
465 2530 674 2562 Fussboden
722 2529 895 2562 bekleidet

160 2576 285 2609 wird.“
335 2575 481 2609 Becker
508 2576 636 2609 Gallus
662 2575 710 2609 11.
743 2587 779 2620 p.
815 2577 894 2609 248.

162 2625 293 2665 Tyriae
319 2625 442 2657 autem
467 2625 580 2656 vestes
607 2630 694 2656 sunt
715 2634 895 2668 purpura,

163 2682 237 2715 qua
279 2670 478 2704 cervicalia
525 2670 672 2714 torique
719 2670 894 2704 tementis

162 2718 248 2752 farti
292 2721 400 2752 erant
440 2717 619 2762 cooperti.
671 2716 744 2751 Sat.
784 2719 823 2760 2,
862 2719 895 2759 6,

945 1297 1030 1330 102:
1062 1297 1175 1330 rubro
1201 1297 1264 1330 ubi
1288 1304 1390 1330 cocco
1417 1297 1541 1329 Tincta
1565 1304 1678 1338 super

944 1345 1050 1377 lectos
1091 1345 1263 1377 canderet
1299 1345 1408 1377 vestis
1450 1344 1616 1376 eburnos.
1631 1361 1678 1381 -,-

941 1393 1040 1432 Erqo
1072 1392 1136 1424 ubi
1170 1399 1361 1432 purpurea
1394 1393 1605 1432 porrectum
1637 1391 1678 1423 in

941 1441 1037 1472 veste
1065 1439 1196 1472 locavit
1222 1441 1291 1472 cet.
1341 1437 1516 1472 Convivis
1550 1440 1676 1472 autem

941 1486 1129 1531 ingratum
1164 1496 1247 1520 esse
1281 1485 1457 1528 debebat,
1492 1485 1524 1519 si
1557 1485 1676 1519 anim-

942 1533 1187 1568 advertebant
1226 1536 1329 1568 toros
1377 1533 1481 1577 ipsos
1523 1531 1677 1577 quidem

942 1581 1143 1625 splendida
1166 1591 1336 1625 purpura
1361 1591 1444 1614 esse
1470 1582 1678 1624 coopertos,

941 1628 1125 1662 toralibus
1159 1638 1247 1661 vero
1286 1627 1447 1662 sordidis
1484 1627 1675 1661 instratos.

941 1674 1034 1719 Epp.
1063 1677 1102 1717 1,
1127 1676 1169 1717 5,
1196 1676 1259 1708 22:
1286 1683 1331 1708 ne
1356 1677 1462 1716 turpe
1488 1675 1603 1716 toral,
1630 1683 1676 1707 ne

940 1724 1089 1756 sordida
1113 1731 1248 1763 mappa
1276 1723 1450 1763 Corruaet
1483 1730 1603 1755 nares.
1629 1740 1676 1745 -

942 1771 1044 1802 tanto
1068 1770 1286 1811 reprehendi
1303 1768 1388 1812 cet.]
1416 1768 1582 1812 „Sensus
1601 1771 1676 1803 est:

941 1817 1079 1850 iustius
1105 1816 1414 1860 reprehenderis,
1449 1815 1480 1850 si
1506 1827 1583 1850 non
1608 1816 1675 1850 ha·

941 1864 1070 1898 bueris
1097 1863 1196 1898 domi
1224 1863 1351 1897 omnia.
1383 1863 1544 1907 munda,
1579 1873 1676 1908 quae

942 1911 1099 1945 minoris
1134 1913 1325 1952 constant,
1360 1921 1471 1955 quam
1505 1910 1538 1944 si
1571 1910 1676 1944 defu-

942 1959 1042 1993 erint
1068 1958 1137 1992 tibi
1163 1959 1319 2003 pretiosi
1337 1958 1462 2002 pisces
1482 1960 1519 1991 et
1537 1958 1679 2002 optima

940 2006 1039 2048 vina,
1067 2016 1162 2050 quae
1188 2016 1266 2039 non
1293 2006 1417 2039 solent
1433 2005 1572 2039 habere
1598 2005 1677 2039 nisi

941 2064 1092 2088 mensae
1135 2053 1330 2087 divitum.“
1381 2052 1510 2086 Con.
1553 2051 1675 2091 CRUQ.

942 2100 1183 2135 Constructio
1197 2104 1322 2135 autem
1336 2102 1410 2134 est:
1429 2102 1530 2133 tanto
1542 2100 1678 2133 iustius

941 2149 1158 2191 reprehendi
1190 2149 1280 2181 haec
1305 2147 1477 2193 neglecta
1507 2147 1582 2180 iltis
1607 2157 1675 2181 ne-

942 2196 1087 2241 glectis,
1113 2205 1207 2236 quae
1233 2198 1303 2229 cet.

990 2293 1112 2325 90-95.
1138 2291 1289 2323 memori
1298 2307 1313 2314 -
1323 2307 1338 2314 —
1344 2288 1504 2331 pectore]
1522 2288 1676 2322 Lucret-

943 2340 982 2381 2,
1017 2339 1105 2372 583;
1142 2338 1293 2371 memori
1318 2338 1534 2370 mandatum
1558 2337 1677 2368 mente

943 2388 1073 2419 tenere.
1124 2386 1165 2426 3,
1203 2386 1290 2418 871:
1332 2385 1407 2418 Nec
1437 2383 1590 2416 memori
1621 2384 1678 2415 ta—

942 2442 1024 2465 men
1047 2434 1085 2466 td
1111 2433 1254 2473 quimus
1289 2431 1513 2473 deprendere
1547 2432 1676 2463 mente.

945 2499 987 2503 —
1014 2478 1216 2521 interpres]
1248 2479 1354 2522 quasi
1380 2473 1587 2521 ὑποφήτης
1612 2475 1677 2511 Sa-

943 2527 1081 2572 pientis
1115 2526 1220 2559 illius
1254 2526 1385 2570 ignoti.
1428 2525 1483 2568 (v.
1524 2524 1603 2566 10.)
1630 2543 1676 2547 -

944 2573 1176 2616 tantundem]
1216 2575 1420 2617 „quantum
1452 2572 1533 2616 ipse
1567 2581 1675 2615 prae-

944 2624 1072 2666 ceptor
1133 2621 1264 2654 tuus.“
1316 2639 1360 2644 -
1417 2617 1677 2660 habitumque]

946 2679 1123 2712 „omnem
1159 2670 1308 2711 praeter
1345 2666 1486 2701 voltum
1519 2666 1677 2700 formam

945 2716 1167 2751 exteriorem
1227 2718 1341 2759 atque
1404 2713 1586 2748 cultum.“
1631 2730 1676 2735 —-
