1786 2912
161 138 244 178 128

658 137 867 172 HORATII
892 138 1175 173 SATIRARUM

273 236 440 293 Legem
471 238 647 281 tendere
682 253 813 294 opus,
848 239 940 281 sine
972 240 1115 282 nervis
1147 241 1294 295 altera,
1327 241 1534 298 quidquid

275 308 521 364 Composui,
554 324 654 365 pars
688 324 784 352 esse
815 314 939 366 putat
971 311 1218 368 similesque
1249 326 1441 355 meorum

274 379 392 422 Mille
425 380 494 422 die
526 395 675 422 versus
708 380 860 423 deduci
890 395 1032 437 posse.
1081 382 1271 437 Trebati,

274 449 388 498 Quid
410 451 578 505 faciam,
602 452 862 507 praescribe.
897 451 1118 500 Quieseas.
1149 453 1216 496 Ne
1238 454 1405 508 faciam,
1428 454 1585 511 inquis,
1648 455 1675 496 5
1734 511 1742 516 ἐ

275 521 460 564 Omnino
491 523 676 565 versus?
721 522 818 565 Aio.
865 522 1047 566 Peream
1079 524 1205 579 male,
1237 525 1275 566 si
1305 539 1392 568 non

274 591 496 648 Optimum
528 597 641 635 erat:
675 608 823 636 verum
854 608 1021 650 nequeo
1053 594 1251 638 dormire.
1286 595 1373 638 Ter
1402 597 1520 638 uncti

273 663 542 706 Transnanto
576 659 782 719 Tiberini,
815 679 963 707 somno
997 666 1150 722 quibus
1184 670 1249 709 est
1281 681 1388 723 opus
1421 667 1520 721 alto,

269 735 568 792 Irriguumque
602 735 718 778 mer'o
751 737 830 778 sub
861 740 1031 779 noctem
1064 751 1218 794 corpus
1249 737 1451 780 habento.

248 831 280 863 2.
306 831 493 863 intendere
519 829 634 864 Codd.
661 831 750 875 aliq.

153 910 226 945 Sat.
256 914 287 954 1,
313 914 346 955 4,
373 914 428 945 24.
457 932 499 935 —
523 913 669 955 Leqem]
703 916 745 946 ut
776 912 820 946 A.
846 913 888 946 P.

153 960 242 992 135:
278 961 397 1001 operis
425 961 503 1002 lem,
543 960 703 1005 „regula
731 962 768 994 et
792 960 888 994 ratio

153 1006 289 1041 satirae
338 1007 540 1041 Romanae.
555 1008 571 1025 “
625 1027 667 1031 ———
720 1008 888 1051 tendere]

148 1053 275 1098 Imago
314 1053 512 1099 desumpta
549 1066 571 1088 a
607 1054 746 1089 fidibus
785 1055 888 1100 lyrae

148 1101 209 1135 vel
234 1111 345 1135 arcus
371 1102 498 1136 nervis
533 1102 692 1136 nimium
718 1102 886 1137 intentis.

151 1147 214 1181 Sic
240 1147 308 1182 Od.
337 1151 368 1192 1,
390 1151 419 1192 1,
439 1152 507 1183 34:
534 1152 681 1183 tendere
708 1151 886 1183 barbiton.

151 1195 230 1237 „Hi
264 1196 379 1241 igitur
413 1197 619 1231 adversarii
653 1196 889 1231 contendunt

149 1243 283 1277 satiras
301 1254 402 1278 meas
421 1244 534 1278 nimis
558 1245 752 1279 mordaces
770 1256 887 1289 prope

149 1290 283 1325 abesse
309 1301 331 1324 a
355 1291 496 1326 libellis
522 1292 711 1326 famosis.“
741 1311 783 1315 -
809 1294 887 1325 sine

148 1338 283 1381 nervis]
308 1338 351 1371 A.
376 1339 418 1372 Ρ.
446 1340 532 1373 32οε
565 1341 642 1373 sine
663 1341 827 1380 pondere
854 1342 887 1372 et

148 1388 239 1419 arte.
267 1385 431 1428 „Dicunt
455 1397 586 1421 versus
611 1398 714 1421 meos
740 1387 887 1421 nullius

149 1443 230 1466 esse
249 1434 429 1467 momenti
456 1436 493 1468 et
518 1445 646 1468 carere
665 1434 810 1468 viribus
830 1434 887 1468 in-

145 1480 266 1524 genii,
292 1481 397 1521 adeo,
424 1484 465 1514 ut
491 1482 616 1526 quivis
641 1482 745 1516 facili
772 1492 886 1526 opera

146 1527 239 1561 tales
266 1528 445 1562 effutiat.“
466 1548 509 1552 —
530 1529 672 1572 deduci]
699 1540 721 1563 a
747 1529 884 1563 nendo.

146 1573 240 1618 Epp.
267 1576 299 1617 2,
320 1578 351 1618 1,
378 1577 465 1609 225:
494 1578 596 1610 tenui
619 1577 776 1610 deducta
798 1579 885 1617 poe-

144 1624 246 1655 mata
278 1623 353 1664 filo.
403 1621 644 1657 OvfflssPont.
681 1626 725 1666 1,
749 1624 789 1665 5,
818 1626 883 1657 13:

147 1670 266 1702 luctor
292 1671 469 1704 deducere
493 1679 650 1707 versum.
701 1670 883 1704 Similiter

144 1718 276 1750 ducere
307 1716 382 1751 Sat.
412 1720 450 1760 1,
478 1720 541 1761 10,
567 1721 624 1751 44.
652 1737 694 1741 —
722 1718 882 1760 Trebati]

146 1763 184 1797 C.
213 1764 410 1799 Trebatius
437 1765 560 1807 Testa,
586 1765 714 1799 iunior
739 1765 882 1799 amicus

145 1810 359 1854 Ciceronis,
399 1813 487 1857 (qui
522 1813 569 1846 ad
593 1813 695 1846 Fam.
722 1814 755 1854 7,
782 1814 823 1855 5,
850 1815 881 1846 3.

145 1858 295 1892 Caesari
330 1860 376 1894 de
409 1871 452 1894 eo
480 1860 705 1904 spondebat,
734 1861 882 1901 probio-

143 1915 221 1940 rem
237 1908 428 1950 hominem,
445 1909 635 1941 meliorem
646 1909 776 1950 virum,
791 1916 882 1949 pru-

143 1955 345 1987 dentiorem
383 1964 456 1988 esse
494 1956 686 1989 neminem.
735 1955 881 1988 Accedit

144 2002 347 2035 etiam--in
363 2003 444 2035 iure
466 2003 564 2036 civili
583 2003 784 2044 sinqularis
807 2011 881 2036 me-

141 2049 280 2092 moria,
318 2058 461 2083 summa
485 2050 666 2093 scientia.)
701 2049 881 2083 tribunus

141 2096 192 2139 pl.
235 2107 267 2130 a.
302 2108 339 2130 u.
374 2107 406 2131 c.
440 2099 540 2139 707.‚
582 2100 735 2135 auctore
778 2099 881 2131 certe

129 2142 275 2188 ·Pighi0
303 2143 344 2177 T.
372 2146 403 2178 3.
429 2156 464 2189 p.
492 2146 591 2187 451.‚
618 2156 649 2179 a.
676 2156 714 2179 u.
742 2155 772 2178 c.
799 2146 879 2178 724.

143 2200 258 2224 senex
284 2191 437 2226 circiter
464 2193 796 2238 septuagenarius,
821 2191 882 2225 vel

140 2238 233 2281 ipse,
260 2239 291 2272 si
319 2239 524 2274 etiamtunc
549 2240 715 2282 vivebat,
748 2239 880 2273 hilaris

141 2287 179 2318 et
217 2285 263 2318 ad
302 2287 428 2320 iocum
466 2287 654 2321 urbanum
695 2287 880 2331 imprimis

140 2332 274 2375 factus,
303 2334 459 2368 Horatio
478 2337 569 2368 tunc
586 2334 741 2368 XXXV.
760 2345 879 2368 annos

141 2382 229 2413 nato
256 2391 345 2414 sane
371 2382 535 2425 placere,
561 2382 632 2424 vel,
659 2383 690 2416 si
715 2382 789 2415 iam
816 2382 879 2416 de-

142 2431 318 2471 cesserat,
344 2431 452 2473 grata
477 2429 559 2463 eius
587 2429 766 2464 memoria
790 2431 878 2474 poe-

140 2477 200 2508 tae
225 2485 377 2509 manere
404 2475 574 2510 debebat.

188 2523 261 2556 5-7.
286 2523 508 2565 praescribe]
534 2524 602 2557 Est
619 2525 773 2558 verbum
792 2534 878 2569 pro—

140 2570 263 2612 prium
290 2570 336 2604 de
361 2569 472 2604 lctis.
499 2570 575 2604 Cic.
595 2570 696 2604 Orat.
715 2574 771 2614 41,
792 2574 878 2605 141:

142 2618 230 2657 Quis
254 2626 419 2658 unquam
443 2619 635 2660 dubitavit,
661 2620 749 2659 quin
772 2620 811 2651 in
837 2627 878 2652 re

138 2665 286 2704 publica
324 2667 450 2698 nostra
484 2667 627 2707 primas
670 2667 879 2706 eloquentia

141 2714 296 2745 tenuerit
321 2721 463 2754 semper
488 2714 640 2747 urbanis
663 2715 878 2754 pacatisque

937 915 1054 956 rebus,
1077 916 1256 948 secundas
1280 916 1374 948 iuris
1390 916 1568 948 scientia?
1593 924 1676 948 cum

938 962 978 994 in
995 962 1115 995 altera
1140 963 1293 1005 qratiae,
1319 963 1472 1004 aloriae,
1494 964 1676 1004 praesidii

934 1010 1137 1049 plurimum
1163 1013 1270 1051 esset.-
1306 1011 1348 1043 in
1380 1011 1501 1043 altera
1529 1019 1674 1051 prae-

936 1057 1233 1098 scriptionum
1258 1058 1541 1098 cautionumque
1562 1066 1675 1099 prae-

937 1104 1051 1144 ceptio
1091 1107 1160 1138 cet.
1187 1124 1229 1127 —
1259 1104 1445 1147 Quiescas]
1486 1104 1579 1138 Cum
1613 1114 1675 1138 co-

935 1150 1034 1184 mica
1071 1151 1254 1196 gravitate
1289 1151 1401 1186 ICtus
1440 1151 1674 1194 brevissime,

937 1197 1098 1242 singulis
1123 1209 1241 1243 prope
1267 1199 1392 1233 verbis
1417 1209 1589 1242 parcens,
1614 1210 1672 1233 re-

1161 1247 1331 1288 Quiescas
1370 1245 1471 1279 idem
1502 1246 1581 1280 fere
1616 1249 1675 1280 est

938 1244 1109 1289 spondet.

1362 1293 1514 1327 Terent.
1554 1292 1672 1326 Andr.

938 1292 1038 1335 quod
1082 1292 1262 1334 „desinas
1275 1293 1306 1326 “.

935 1338 1035 1373 Prol.
1078 1342 1146 1374 22:
1195 1341 1353 1383 Dehinc,
1403 1342 1443 1373 ut
1485 1341 1674 1381 quiescam

932 1395 1065 1429 porro,
1103 1396 1251 1430 moneo,
1289 1390 1322 1421 et
1355 1388 1523 1421 desinant
1552 1388 1675 1422 Male-

935 1434 1063 1467 dicere.
1083 1453 1125 1458 —-
1146 1436 1302 1469 Peream
1314 1454 1329 1461 -
1341 1435 1373 1467 si
1390 1434 1475 1478 cet.]
1501 1433 1576 1468 Cfr.
1595 1433 1671 1468 Sat.

938 1483 976 1523 1,
1003 1484 1041 1524 9,
1067 1483 1124 1515 38.
1151 1501 1194 1506 -—
1224 1482 1429 1525 Optimum]
1465 1481 1542 1524 „ad
1567 1481 1673 1516 devi-

934 1529 1065 1562 tandas
1079 1529 1347 1563 insectationes
1361 1529 1580 1574 iniquorum
1593 1539 1672 1563 me-

935 1577 1083 1609 orum.“
1113 1596 1155 1600 —
1184 1577 1282 1619 erat]
1325 1575 1431 1610 Conf.
1469 1587 1503 1610 v.
1544 1578 1598 1609 16.
1623 1595 1672 1600 -

933 1623 1108 1666 dormire]
1137 1623 1227 1666 „Si‚
1254 1634 1352 1668 quae
1378 1623 1502 1657 animo
1527 1623 1673 1666 voluto,

932 1670 1104 1704 versibus
1130 1670 1326 1704 includere
1347 1672 1465 1712 vetor,
1491 1670 1583 1704 adeo
1610 1670 1672 1704 in-

933 1717 1094 1761 Quietor,
1120 1720 1162 1751 ut
1186 1717 1388 1752 insomniis
1414 1717 1584 1763 fatiger.“

980 1766 1052 1798 7-9.
1078 1766 1147 1798 Ter
1164 1767 1265 1799 uncti
1281 1764 1512 1808 transnanto]
1529 1764 1671 1810 Iunge:

932 1813 999 1844 Ter
1018 1814 1248 1855 transnanto,
1266 1823 1362 1846 non:
1380 1813 1448 1846 Ter
1464 1813 1578 1846 uncti.
1596 1812 1671 1846 Hic

933 1869 1083 1903 quoque
1124 1860 1249 1905 legum
1291 1870 1500 1894 sermonem
1547 1859 1669 1893 facete

931 1905 1110 1940 imitatur.
1161 1907 1342 1952 Vegetius
1373 1907 1419 1940 de
1445 1906 1500 1940 Re
1531 1907 1607 1940 mil.
1636 1909 1668 1950 1,

916 1956 998 1987 ¹10:
1023 1956 1183 1988 Romani
1197 1954 1351 2000 peteres,
1378 1962 1467 1994 quos
1493 1955 1544 1986 tot
1571 1955 1669 1987 bella

932 2003 964 2033 et
991 2003 1164 2035 continua
1186 2002 1356 2043 pericula
1382 2002 1431 2034 ad
1448 2002 1670 2034 omnemmei

929 2049 1103 2082 militaris
1118 2050 1330 2083 erudierunt
1344 2051 1472 2091 artem,
1492 2049 1669 2090 Campum

928 2097 1113 2130 Martium
1129 2098 1290 2130 vicinum
1306 2097 1426 2129 Tiberi
1443 2096 1669 2138 delegerunt,

929 2144 969 2175 in
987 2152 1058 2184 quo
1075 2145 1244 2178 iuventus
1258 2145 1339 2186 post
1366 2143 1579 2177 exercitium
1604 2151 1666 2176 ar-

928 2199 1074 2224 morum
1109 2193 1279 2225 sudorem
1315 2191 1576 2232 pulveremque
1612 2191 1667 2224 di-

932 2238 1073 2272 luerent
1106 2247 1150 2272 ac
1185 2239 1435 2272 lassitudinem
1467 2246 1670 2278 cursusque

931 2286 1092 2321 laborem
1117 2287 1280 2319 natando
1306 2286 1536 2326 deponerent.
1587 2283 1663 2317 Cfr.

929 2331 996 2366 Od.
1025 2336 1064 2375 1,
1091 2335 1131 2376 8,
1165 2335 1198 2366 8.
1237 2335 1276 2375 3,
1303 2334 1344 2374 7,
1366 2327 1435 2366 ¹27.
1474 2334 1515 2374 3,
1542 2332 1605 2373 12,
1631 2331 1666 2364 7.

930 2380 1063 2422 „Quod
1079 2391 1168 2414 vero
1187 2383 1254 2422 ter,
1279 2379 1416 2423 inquit,
1434 2380 1665 2421 transnanto,

928 2428 967 2461 id
987 2438 1136 2473 quoque
1163 2430 1200 2461 et
1223 2438 1246 2461 a
1269 2425 1427 2460 medicis
1454 2429 1491 2460 et
1507 2437 1529 2459 a
1546 2425 1666 2471 magis

928 2476 1087 2519 petitum
1109 2477 1183 2509 est:
1210 2473 1344 2518 impari
1370 2473 1469 2507 enim
1496 2475 1533 2507 et
1557 2483 1667 2517 prae-

929 2523 1039 2567 cipue
1075 2521 1240 2556 ternario
1280 2531 1438 2555 numero
1482 2529 1663 2554 summam

927 2571 1001 2603 vim
1025 2570 1082 2604 illi
1107 2569 1313 2603 tribuunt.“
1350 2568 1550 2602 TORRENT.
1585 2566 1662 2600 Ofr.

929 2617 996 2651 Od.
1026 2621 1063 2660 1,
1090 2618 1154 2659 28,
1180 2618 1236 2650 36.
1271 2618 1312 2658 3,
1338 2617 1403 2659 22,
1428 2617 1460 2649 3.
1509 2613 1603 2658 Epp.
1629 2615 1666 2657 1,

930 2667 969 2707 1,
996 2666 1052 2699 37.
1088 2683 1131 2688 -—
1164 2663 1375 2706 Irriquum]
1427 2661 1488 2696 Sic
1527 2659 1662 2695 Graeci

928 2714 1074 2756 τέγγειν
1092 2708 1307 2755 πνεύμονας
1325 2709 1429 2756 οἴνῳ,
1453 2707 1665 2755 βεβρεγμέ-
