1774 2930
161 150 245 191 324

277 251 420 307 thue
452 251 684 294 sacerdotis
716 250 925 306 fugitivus
955 250 1046 292 liba
1075 264 1251 304 recuso,

635 149 845 184 HORATH
869 149 1218 185 EPISTOLARUM

1628 251 1703 292 10·

278 321 399 364 Pane
431 336 538 378 egeo
568 322 663 364 iam
685 321 858 364 mellitis
890 322 1057 377 potiore
1087 321 1309 377 placentis.

190 411 211 435 κ
279 393 438 435 Vivere
470 397 650 435 naturae
680 392 719 434 si
751 392 1055 435 convenienter
1085 396 1253 448 oportet
1540 447 1543 449 q

278 463 598 519 Ponendaeque
630 463 757 506 domo
790 462 1036 519 quaerenda
1065 467 1132 506 est
1163 477 1263 505 area
1293 462 1497 518 primum,

279 534 504 577 Novistine
535 535 677 576 locum
707 534 918 590 potiorem
947 548 1047 577 rure
1076 534 1237 576 beato?

280 605 362 647 Est
393 606 467 648 ubi
498 606 595 662 plus
627 609 804 661 tepeant
833 605 1024 658 hiemes,
1055 604 1132 646 ubi
1163 604 1325 660 gratior
1355 618 1457 646 aura

1630 603 1686 644 15

279 676 437 719 Leniat
469 682 512 719 et
541 677 706 719 rabiem
738 675 869 718 Oanis
901 679 945 718 et
973 678 1192 717 momenta
1219 674 1399 728 Leonis,

281 747 391 789 Cum
424 748 558 790 semel
589 747 753 803 accepit
785 747 930 790 Solem
961 746 1214 789 furibundus
1247 746 1449 788 acutum?

278 817 361 860 Est
391 819 464 860 ubi
496 818 672 861 divellat
703 832 874 860 somnos
906 818 1048 859 minus
1079 817 1227 859 invida
1257 817 1391 860 eura?

260 933 313 964 18.
347 932 507 972 depellat
533 930 633 964 bScd
660 930 750 972 (sed
776 930 817 963 in
844 929 868 963 S
904 939 1093 974 superscr.
1127 929 1322 972 divellat),
1348 929 1436 962 item
1463 938 1527 962 sex
1552 928 1638 962 Pot-

210 978 323 1020 tierii‚
349 977 453 1012 LOF.
480 979 655 1020 (divellat
681 977 739 1019 E.)

163 1070 196 1108 2,
214 1069 270 1109 37,
291 1069 376 1100 101:
401 1069 563 1100 secunda
586 1067 764 1099 concione.
792 1065 898 1109 Virg.

162 1114 257 1148 Aen.
292 1115 333 1154 8,
368 1115 432 1147 90:
471 1116 570 1156 Erqo
608 1115 678 1149 iter
714 1114 899 1154 inceptum

164 1163 326 1195 celerant
351 1170 502 1194 rumore
526 1162 696 1194 secundo.

214 1258 355 1289 10-14.
388 1256 586 1289 sacerdotis
611 1256 789 1296 fugitivus
815 1254 900 1297 oet]

165 1303 261 1337 Liba
287 1302 464 1345 (Fladen)
490 1302 535 1336 ab
560 1303 620 1343 iis,
647 1302 712 1346 qui
738 1312 818 1336 rem
844 1301 900 1334 di-

164 1350 290 1384 vinam
325 1350 532 1391 faciebant,
569 1350 683 1384 allata
707 1352 745 1384 et
778 1359 901 1383 sacer-

164 1398 317 1432 dotibus
335 1398 478 1439 relicta,
496 1397 631 1431 horum
645 1397 763 1431 servis
782 1396 899 1430 inter-

164 1445 254 1478 dum
267 1456 348 1499 ‘pro
374 1455 471 1490 pane
490 1445 575 1478 data
600 1455 683 1478 esse
701 1444 899 1487 videntur3
927 1468 930 1469 γ

165 1494 238 1526 iam
265 1493 339 1526 1001
366 1503 480 1527 causa
505 1494 655 1534 narrat,
689 1502 804 1524 unum
832 1491 900 1524 ali-

165 1540 316 1585 quando
350 1551 453 1574 mero
487 1539 601 1573 huius
636 1539 711 1572 cibi
741 1538 899 1572 nimium

165 1588 288 1621 dulcis
323 1587 448 1622 taedio
483 1587 530 1621 ab
564 1588 656 1620 hero
695 1585 901 1630 aufugisse,

166 1645 241 1680 quo
269 1634 419 1670 tandem
445 1645 534 1668 vero
552 1645 649 1678 pane
675 1635 901 1681 vesceretur.

166 1683 342 1717 Ceterum
362 1684 436 1716 liba
453 1690 579 1716 recuso
598 1684 667 1715 001.
683 1681 797 1715 verba
813 1682 903 1714 sunt

166 1730 325 1772 Horatii,
341 1741 429 1772 non,
444 1732 487 1763 ut
499 1729 564 1763 alii
578 1730 722 1770 volunt,
739 1728 901 1772 fugitivi,

167 1788 330 1822 quocum
356 1777 421 1811 ille
448 1788 488 1811 se
515 1778 719 1820 comparat.
745 1777 900 1808 Placen-

166 1828 226 1858 1αο
252 1825 445 1867 (Kuchen)
482 1835 526 1857 ex
558 1823 684 1857 farina
718 1825 755 1856 et
779 1832 900 1863 caseo,

166 1873 249 1906 oleo
291 1872 445 1913 frictae,
492 1881 697 1915 papavere,
745 1879 902 1910 sesamo,

166 1920 278 1953 1110110
315 1919 471 1961 oblitae;
509 1918 545 1951 11.
572 1918 596 1951 1.
631 1917 783 1951 caedem
818 1927 903 1950 011111

169 1968 264 2009 libis,
291 1966 363 2000 etsi
388 1965 541 2010 proprie
566 1966 660 1999 haec
685 1964 744 1998 dis
772 1964 902 1998 offere·

167 2014 320 2056 bantur,
345 2014 433 2047 illae
458 2014 557 2046 inter
583 2012 754 2047 crustula
772 2023 800 2045 s.
820 2011 903 2044 dul-

169 2061 287 2096 ciaria
313 2060 586 2095 referebantur.
610 2079 656 2083 -—
688 2060 812 2092 Vivere
838 2067 905 2091 na-

169 2113 276 2143 turae
285 2128 299 2134 -
308 2107 578 2150 convenienter]
596 2107 665 2140 Δεῐ
687 2104 907 2150 ὁμολογου-

168 2158 294 2199 μένως
335 2155 380 2201 τῇ
423 2152 540 2197 φύσει
581 2153 648 2200 ζῇν
690 2153 906 2198 pervolgata

170 2204 382 2238 Stoicorum
415 2205 496 2237 erat
529 2202 702 2236 doctrina
733 2200 833 2244 (Cic.
860 2200 906 2234 de

171 2251 276 2285 Offlc.
298 2252 330 2293 3,
357 2253 390 2293 3,
418 2253 481 2283 13:
509 2251 614 2292 Quod
638 2257 828 2282 summum*
846 2249 906 2281 bo·
943 2268 945 2270 -

170 2307 259 2332 num
284 2307 307 2331 a
330 2299 456 2332 Stoicis
481 2298 628 2339 dicitur,
654 2297 907 2330 convenienter

170 2349 329 2378 naturae
354 2346 492 2386 vivere,
522 2345 562 2378 id
587 2345 695 2377 habet
722 2345 833 2384 hanc,
867 2346 906 2375 ut

172 2394 314 2434 opinor,
330 2393 559 2433 sementiam,
578 2400 659 2424 cum
672 2392 806 2424 virtute
824 2398 908 2423 con-

172 2447 304 2481 qruere
329 2447 469 2480 semper
495 2438 600 2480 cet.):
632 2448 762 2471 verum
787 2437 908 2470 Hora-

173 2487 248 2520 tius
275 2487 311 2519 11.
339 2486 361 2519 1.
390 2486 625 2530 populariter
651 2485 840 2529 loquitur,
867 2487 908 2518 ut

176 2534 252 2567 Cic.
279 2533 324 2567 de
352 2532 467 2577 Legg.
489 2534 521 2574 1,
547 2534 603 2572 21,
629 2534 692 2566 56:
718 2533 787 2566 Sed
813 2535 908 2565 certe

173 2590 231 2614 res
256 2582 311 2614 ita
335 2589 373 2613 se
401 2581 525 2621 habel,
557 2582 598 2612 ul
624 2588 669 2613 em
694 2582 830 2612 natura
855 2579 908 2611 vt-

174 2637 257 2662 vere
290 2635 471 2661 summum
505 2628 637 2660 bonu-m
668 2628 734 2669 sit,
771 2627 811 2659 id
845 2629 908 2667 esc,

174 2678 274 2709 vita
307 2676 488 2708 modica
514 2677 554 2708 et
584 2676 698 2714 apta
723 2675 907 2706 virtute

172 2724 327 2765 perfrui.
349 2722 454 2765 „Huc
471 2724 596 2755 autem
614 2721 781 2765 pertinet
794 2719 906 2754 etiam

948 1064 1130 1099 habitatio
1146 1068 1304 1099 naturae
1318 1065 1451 1098 usibus
1460 1063 1689 1105 inserviens,

950 1113 1011 1146 cui
1035 1114 1122 1146 ante
1147 1112 1274 1146 omnia
1289 1120 1382 1145 area
1399 1111 1690 1153 (Bausleitte,

948 1170 1026 1192 non
1069 1160 1239 1202 Tenue,
1282 1162 1324 1193 ut
1360 1158 1474 1192 vertit
1508 1156 1687 1199 Passow)

950 1206 1126 1251 eligenda
1158 1209 1235 1249 est,
1268 1206 1308 1240 id
1340 1205 1444 1250 quod
1477 1204 1618 1249 optime
1643 1203 1686 1237 fit

950 1254 1044 1295 ruri,
1061 1253 1126 1287 ubi
1145 1254 1277 1288 beatae
1295 1253 1393 1287 vitae
1410 1251 1508 1285 nihil
1525 1251 1686 1286 obstat.“

951 1320 994 1324 —
1013 1300 1134 1343 domo]
1160 1300 1277 1334 dativi
1295 1299 1416 1336 forma
1431 1298 1591 1343 antiqua
1612 1309 1687 1342 pro

949 1349 1091 1388 domui,
1129 1359 1225 1393 quae
1259 1346 1464 1391 aliquoties
1492 1345 1593 1390 apud
1618 1345 1688 1379 Ca-

950 1398 1076 1430 tonem
1101 1395 1252 1441 legitur.
1278 1393 1346 1438 (R.
1370 1394 1415 1427 R.
1447 1395 1526 1432 134,
1552 1394 1602 1437 2.)

999 1469 1118 1503 15-17.
1146 1469 1208 1500 Est
1225 1468 1288 1500 ubi
1306 1466 1392 1509 cet.]
1420 1466 1561 1501 Villam
1581 1474 1687 1498 suam

951 1514 1128 1550 Sabinam
1146 1514 1303 1558 respicit
1318 1514 1512 1556 Horatius,
1537 1523 1632 1556 quae
1650 1514 1688 1546 01

950 1564 995 1597 ab
1013 1563 1203 1608 Aquilone
1231 1563 1268 1595 et
1291 1561 1338 1595 ab
1355 1561 1497 1596 Austro
1525 1559 1687 1594 collibus

951 1611 1042 1645 satis
1061 1610 1149 1645 altis
1166 1611 1339 1654 protecta
1355 1611 1446 1644 erat.
1459 1626 1508 1633 —
1525 1606 1687 1649 tepeant]

952 1657 1029 1692 cfr.
1060 1657 1128 1691 Od.
1165 1659 1206 1699 2,
1240 1657 1281 1697 7,
1316 1657 1360 1690 17
1395 1667 1451 1700 sq.
1479 1674 1522 1679 —
1547 1654 1688 1686 rabiem

953 1705 1081 1748 Canis]
1116 1703 1299 1738 Canicula
1332 1703 1500 1736 exoritur
1534 1699 1687 1745 quidem

952 1763 984 1785 a.
1014 1752 1049 1786 d.
1075 1750 1178 1784 XIII.
1203 1749 1287 1783 Kal.
1313 1750 1409 1794 Aug.
1445 1750 1525 1792 (20.
1552 1746 1613 1781 die
1637 1745 1687 1794 Μ.

949 1799 1082 1842 Iulii),
1110 1797 1175 1832 sed
1206 1799 1362 1842 apparet
1386 1795 1469 1829 VII.
1494 1795 1578 1829 Kal.
1606 1794 1704 1840 (23·.

949 1846 1038 1888 Iul.)
1091 1844 1155 1879 Sol
1191 1844 1310 1877 intrat
1342 1843 1509 1878 Leonem
1542 1843 1598 1875 23.
1626 1841 1687 1875 die

950 1892 999 1926 M.
1021 1892 1123 1926 Iulii.
1142 1911 1185 1928 ε-
1204 1887 1402 1934 momenta]
1429 1891 1589 1933 „motus,
1614 1889 1688 1922 011·-

954 1939 1078 1974 cuitus
1113 1937 1312 1980 caelestes,
1347 1938 1413 1982 qui
1440 1947 1483 1971 eo
1518 1939 1688 1980 tempore

953 1987 1066 2030 fiunt,
1102 1997 1175 2030 quo
1211 1985 1275 2020 Sol
1309 1989 1366 2019 est
1397 1985 1438 2019 in
1463 1983 1603 2030 Leonis
1638 1982 1688 2017 si-

954 2045 1027 2079 gno
1054 2036 1166 2078 atque
1192 2033 1229 2066 vi
1248 2031 1385 2067 caloris
1403 2034 1524 2074 terras
1542 2030 1687 2076 urget-{⁴

958 2082 1112 2116 Poetice
1131 2091 1211 2115 rem
1230 2080 1284 2114 sic
1300 2079 1489 2124 exprimit,
1514 2078 1558 2111 111
1573 2076 1691 2122 fingat

956 2129 1125 2163 Leonem
1150 2127 1197 2163 ad
1222 2128 1391 2168 furorem
1418 2125 1572 2160 excitari
1591 2123 1694 2172 ,Solis-

956 2176 1072 2211 radiis
1091 2177 1219 2218 acum,
1237 2175 1374 2208 aeriter
1392 2184 1477 2208 eum
1489 2174 1691 2217 penetran-

955 2223 1069 2258 tibus.
1120 2222 1188 2263 Od.
1214 2224 1256 2265 3,
1282 2223 1347 2264 29,
1381 2223 1436 2255 19.
1485 2219 1629 2254 Lucan.
1657 2219 1690 2263 1,

957 2273 1046 2305 650:
1078 2272 1117 2305 Si
1140 2277 1290 2303 saevum
1313 2269 1430 2302 radiis
1454 2268 1690 2313 Nemeaeum,

955 2320 1109 2360 Phoebe,
1122 2318 1278 2362 Leonem
1286 2317 1392 2350 Nunc
1400 2322 1600 2360 premeres,
1614 2314 1688 2346 ιοιο

957 2368 1110 2408 fluerem
1124 2365 1291 2398 incendia
1304 2363 1451 2397 mundo.
1469 2381 1512 2386 -
1526 2356 1698 2402 acutam]

956 2408 1108 2447 Hesiod.
1135 2411 1178 2445 Ο.
1206 2414 1243 2444 01
1265 2409 1312 2444 D.
1331 2412 1418 2444 413':
1443 2404 1690 2458 pevegdgae‘og

957 2458 1115 2503 ἠελίοιο.
1416 2457 1419 2461 “

1006 2532 1139 2563 18-21.
1173 2530 1253 2562 Est¹
1272 2529 1334 2561 ubi
1367 2526 1453 2569 ees]
1483 2523 1721 2568 ,amireo-1-

957 2588 1086 2611 1111111111
1111 2578 1339 2610 nocturnum
1362 2584 1450 2610 non
1475 2571 1722 2606 disturbant*

958 2635 1090 2667 curae3
1107 2622 1274 2657 interdiu
1288 2630 1468 2656 amoenus
1486 2619 1691 2654 herbarum

956 2674 1179 2717 prospectus
1229 2670 1378 2709 oeulos,
1414 2670 1538 2701 'nares
1586 2665 1691 2707 odor,
1712 2684 1722 2687 -

931 2734 934 2738 ·
957 2729 1056 2763 aqua
1080 2711 1689 2763 purissima*palammvoblectatst
1718 2724 1723 2739 t
