1786 2912
682 148 774 183 LIB.
796 148 827 183 Ι.
877 147 979 182 SAT.
1003 147 1068 184 lv.

1572 127 1640 188 49'

237 250 403 293 Delatis
435 250 574 306 capsis
605 253 649 292 et
678 249 888 304 imagine3
922 262 1017 290 cum
1046 261 1145 290 mea
1174 261 1299 290 nemo

239 321 407 377 Scripta
435 321 551 376 legat
582 320 706 376 volgo
737 320 917 362 recitare
947 318 1136 361 timentis
1167 318 1221 360 ob
1252 317 1363 360 hanc
1394 332 1503 371 rem,

239 391 363 440 Quod
383 395 481 433 sunt
503 405 608 447 quos
630 405 765 447 genus
786 390 867 432 hoc
886 390 1060 432 minime
1087 390 1223 443 iuvat,
1255 391 1404 445 utpote
1425 388 1569 445 plures

239 462 413 518 Culpari
443 461 609 517 dignos.

671 460 875 509 Quemvis
905 460 1046 503 media
1076 475 1178 502 erue
1208 460 1355 502 turba:

1572 461 1628 500 25

238 533 326 575 Aut
358 533 411 574 ob
442 533 664 574 avaritiam
695 536 768 573 aut
797 532 954 574 misera
984 531 1215 574 ambitione
1244 530 1422 573 laborat.

236 603 321 645 Hic
351 606 578 659 nuptarum
608 603 767 644 insanit
797 601 1031 656 amoribus,
1062 601 1133 644 hic
1163 615 1414 658 puerorum;

235 673 363 716 Hunc
395 674 507 729 capit
538 674 702 729 argenti
734 672 956 729 splendor,
989 677 1133 729 stupet
1163 672 1317 714 Albius
1350 686 1471 725 aere3

235 744 321 786 Hic
350 748 487 786 mutat
518 757 678 786 merces
710 748 910 799 surgente
941 758 966 785 a
997 743 1086 786 sole
1116 743 1170 786 ad
1201 757 1318 796 eum,
1351 757 1434 799 quo

214 869 271 902 25.
296 867 395 911 erue]
421 868 521 909 eripe
545 877 577 909 c,
602 868 694 909 eliae
718 865 814 910 bSp,
847 869 932 900 octo
955 866 1127 900 Pottierii
1154 869 1192 900 et
1215 866 1431 908 Bentleius,
1456 868 1580 908 arripe

167 913 333 949 eiusdem
357 914 535 958 suspicio.
552 933 596 938 -
614 916 671 948 26.
697 916 740 947 ob
765 915 964 947 avaritiam
988 912 1203 958 bScp,LCtJ
1214 925 1222 947 :
1249 915 1295 947 ab
1318 915 1478 948 avaritia
1495 924 1581 947 cum

165 959 262 995 Jano
285 961 416 996 Douza
439 964 544 1006 patre
569 961 775 1002 Bentleius,
802 960 888 994 item
906 958 984 994 Fu.
1005 979 1046 984 --
1066 962 1174 994 miser
1200 961 1368 1006 quinque
1394 960 1580 1003 Pottierii,

166 1009 231 1052 qui
257 1009 410 1053 recepit.

119 1107 154 1141 ei
178 1107 448 1142 loculamenta“
468 1108 640 1149 (scrinia)
661 1108 848 1152 „pretiosa

118 1159 156 1189 et
186 1155 386 1200 imaginem
420 1155 519 1189 dono
553 1155 639 1189 data
663 1160 701 1189 et
724 1155 849 1189 delata

118 1212 214 1236 esse.
260 1202 353 1236 Inde
378 1201 576 1244 Horatius,
609 1206 651 1236 ut
684 1202 748 1246 qui
781 1213 848 1236 sua

119 1249 259 1294 scripta
294 1259 343 1283 ne
383 1249 482 1283 lecta
519 1249 671 1293 quidem
709 1249 847 1283 nedum

118 1295 270 1330 laudata
281 1300 419 1338 nosset,
432 1296 616 1330 Fannium
631 1297 728 1330 salse
741 1307 847 1340 prae—

119 1342 256 1376 dicavit
281 1344 457 1376 malumst*
478 1363 520 1366 —
539 1344 847 1386 ιΜαι--ιίηιιεηιίιῑ]

118 1387 257 1422 Eadem
282 1390 511 1423 constructio
545 1391 634 1424 satis
668 1391 846 1434 frequens

120 1438 157 1468 et
180 1435 279 1480 apud
305 1435 469 1470 Graecos
495 1440 531 1469 et
556 1437 655 1480 apud
681 1436 846 1492 Latinos:

120 1481 244 1536 [Plan]
275 1481 470 1539 Epinomis
483 1494 531 1538 p.
557 1485 636 1517 989.
662 1483 722 1516 E.:
748 1481 847 1517 κατὰ

117 1525 279 1572 ennomus
314 1527 391 1572 τὴν
420 1527 517 1572 ἐμὴν
554 1530 622 1563 τοῦ
658 1529 845 1574 λέγοντος.

119 1574 225 1610 Ovid.
256 1575 347 1610 Her.
381 1577 421 1618 5,
458 1580 522 1609 43.
560 1579 701 1610 nostros
726 1578 848 1611 vidisti

117 1623 235 1663 flentis
251 1623 392 1656 ocellos.
408 1642 451 1647 —
467 1623 637 1666 recitare]
655 1623 700 1657 V.
718 1625 844 1658 timere

117 1678 202 1702 cum
226 1669 425 1712 infinitivo,
450 1673 494 1704 ut
515 1669 609 1715 Epp.
637 1673 668 1712 1,
695 1673 749 1713 19,
776 1673 844 1714 27„

60 1742 68 1750 .
115 1718 202 1750 ante
238 1715 403 1750 Plinium
439 1717 619 1751 maiorem
655 1718 846 1753 dumtaxat

115 1763 215 1808 apud
253 1766 383 1808 poetas
421 1765 579 1809 reperiri
612 1765 772 1799 videtur.
797 1785 844 1790 —-

114 1812 236 1852 utpote
257 1812 382 1853 plures
409 1813 443 1845 C.
470 1811 611 1855 dignos]
636 1823 704 1856 per
729 1815 843 1846 attra-

116 1857 279 1892 ctionem
302 1858 350 1891 ad
379 1858 548 1903 proxime
580 1859 844 1904 praecedentia

114 1915 203 1948 pro:
237 1906 400 1949 „quippe
425 1916 510 1939 cum
542 1906 671 1950 plures
698 1907 842 1952 culpari

115 1950 219 1996 digni
243 1952 351 1986 sint-‘⁶

161 2001 219 2032 25.
245 2001 301 2033 26.
326 1999 424 2042 erue]
456 1998 517 2033 Sic
543 1999 717 2034 Vatinius
743 2001 842 2045 apud

114 2043 192 2078 Cic.
228 2045 275 2080 ad
311 2046 412 2080 Fam.
450 2048 491 2088 5,
527 2049 569 2088 9,
605 2049 644 2080 2:
679 2050 841 2089 profecto

113 2093 178 2124 tibi
217 2093 323 2126 illum
364 2072 607 2138 (fugitivum)
648 2096 840 2137 reperiam,

113 2140 183 2171 nisi
206 2140 239 2171 si
262 2140 301 2172 in
324 2141 554 2173 Dalmatiam
578 2142 781 2183 ausuoerit,
809 2145 840 2175 et

112 2186 196 2219 inde
209 2187 331 2219 tamen
343 2187 543 2227 aliquando
558 2196 696 2221 eruam.
715 2188 842 2222 Turba

113 2233 233 2265 obruit
250 2233 437 2278 singulos3
461 2244 506 2267 ex
522 2234 591 2267 hac
608 2234 724 2279 igitur
743 2244 840 2277 erue,

113 2280 264 2321 ureil'e
298 2281 486 2322 heraeas,
521 2279 700 2325 quemvis.
751 2281 841 2315 Cor-

112 2328 224 2370 rupta
239 2330 362 2360 autem
381 2330 438 2361 est
453 2328 545 2361 haec
571 2327 681 2362 lectio
706 2330 840 2372 partim

45 2407 47 2409 ,
112 2372 151 2405 in
178 2375 294 2416 eripe,
328 2374 427 2418 quod
453 2378 551 2408 esset
586 2375 840 2420 „distinguere

111 2429 135 2453 a
157 2420 269 2454 turba
293 2424 330 2454 et
354 2432 468 2465 supra
501 2422 631 2467 volgus
664 2423 838 2466 tollere;“

111 2467 247 2510 partim
281 2467 321 2500 in
355 2469 462 2510 eliae,
502 2469 602 2513 quod
635 2480 668 2503 v,
695 2473 841 2504 contra-

113 2513 205 2547 dicit
229 2514 352 2557 casui,
387 2515 452 2558 qui
480 2515 542 2549 hic
567 2515 752 2550 dominari
779 2517 842 2551 de-

113 2559 187 2602 bet,
214 2561 280 2594 ubi
307 2563 477 2604 quemvis,
503 2560 570 2595 τὸν
595 2560 771 2602 τυχόντα,
797 2575 842 2598 ex

114 2608 235 2651 spissa
258 2608 451 2642 hominum
475 2609 585 2643 turba
610 2610 691 2643 erui
725 2610 841 2645 iubet.

54 2686 58 2687 ⁷
113 2655 245 2695 Ampe
267 2654 430 2689 Bentleii
456 2667 522 2699 per
549 2667 587 2690 se
613 2660 758 2690 rectum
785 2662 842 2692 est

114 2699 206 2742 (Cic.
232 2701 278 2735 de
304 2701 367 2735 Or.
397 2705 427 2744 1,
454 2704 509 2743 34,
538 2705 622 2736 159:
649 2712 841 2743 quemcun-

218 2770 318 2796 Borat.
335 2771 399 2796 Vol.
417 2771 458 2796 11.
484 2772 536 2797 Ed.
553 2773 649 2797 minor
665 2773 699 2797 V.

897 1117 965 1148 que
999 1111 1143 1149 patrem
1180 1108 1343 1149 familias
1380 1109 1628 1149 arripuissem

897 1164 942 1188 ex
959 1156 1083 1196 aliquo
1101 1156 1250 1197 circulo,
1275 1157 1403 1189 cadem
1418 1157 1519 1189 vobis
1541 1164 1627 1197 per—

896 1203 1123 1235 comantibus
1171 1203 1465 1245 respondissem„
1514 1213 1626 1247 aegre

896 1254 1039 1291 tamen,
1077 1253 1118 1282 ut
1154 1249 1195 1283 in
1232 1260 1347 1293 pravo
1384 1249 1497 1294 gloss.
1524 1251 1626 1292 eliae,

895 1296 1153 1330 desideramus
1181 1307 1350 1340 praepos.
1378 1306 1423 1330 ea:
1440 1297 1498 1330 vel
1515 1298 1625 1330 de.—

896 1344 938 1375 ob
958 1343 1172 1386 avaritiam]
1190 1343 1292 1376 Haec
1310 1354 1397 1376 vera
1421 1346 1477 1377 est
1501 1343 1627 1386 lectio,

897 1390 958 1422 cui
983 1390 1156 1434 plerique
1179 1390 1458 1424 substituerunt
1473 1389 1627 1425 Douzae

896 1437 993 1470 coni.
1011 1438 1056 1469 ab
1070 1439 1242 1470 avaritia.
1270 1436 1342 1471 Sed
1359 1448 1471 1482 saepe
1484 1438 1628 1472 variata

896 1484 1174 1518 constructione
1192 1483 1285 1518 duas
1310 1485 1506 1518 notionum
1529 1485 1626 1519 rela-

894 1530 1017 1564 tiones
1043 1531 1153 1565 simul
1180 1531 1361 1575 praebere
1387 1531 1510 1565 solent
1530 1532 1626 1566 anti-

895 1578 971 1621 qui.
1010 1577 1070 1611 Sic
1097 1578 1231 1612 Salust.
1268 1578 1349 1623 Iug.
1376 1580 1440 1611 22:
1478 1580 1521 1611 ob
1548 1588 1625 1612 eas-

893 1626 973 1657 dem
998 1627 1090 1658 artis
1115 1634 1138 1658 a
1163 1626 1336 1667 Micipsa,
1371 1634 1444 1658 non
1465 1627 1625 1667 penuria

895 1673 1109 1714 liberorum,
1147 1673 1186 1705 in
1221 1681 1373 1714 reanum
1410 1674 1626 1714 adoptatum

895 1728 979 1752 esse.
1029 1718 1109 1752 Liv.
1128 1721 1185 1761 38,
1211 1721 1274 1753 39:
1299 1729 1374 1752 non
1397 1723 1474 1752 tam
1499 1722 1542 1753 ob
1567 1729 1624 1754 re-

894 1767 1012 1799 centia
1038 1767 1117 1799 alta
1142 1768 1273 1800 merita
1303 1775 1415 1807 quam
1439 1769 1624 1808 oriqinum

892 1815 1078 1846 memoria.
1117 1813 1233 1847 Tacit.
1258 1813 1355 1847 Hist.
1382 1816 1424 1856 2,
1449 1816 1513 1848 50:
1551 1823 1624 1848 non

892 1868 990 1893 noxa
1023 1869 1136 1901 neque
1162 1862 1205 1894 ob
1229 1863 1374 1894 metum.
1400 1880 1445 1884 —
1469 1861 1620 1905 misera]

891 1906 957 1940 Est
993 1908 1095 1941 velut
1132 1908 1264 1942 stabile
1306 1907 1493 1941 ἐπίθετον.
1544 1909 1621 1942 Cic.

893 1953 939 1987 de
966 1953 1033 1987 off.
1061 1957 1100 1995 1,
1134 1956 1199 1995 25,
1233 1958 1297 1988 87:
1337 1957 1547 1989 Miserrima
1572 1959 1622 1989 est

893 2003 1038 2034 omnino
1072 2003 1220 2035 ambitio
1258 2003 1505 2043 honorumque
1538 2012 1622 2036 con-

890 2050 1012 2082 tentio.
1037 2048 1122 2092 Ipse
1139 2049 1319 2083 Horatius
1338 2048 1413 2083 Sat.
1434 2053 1466 2091 1,
1484 2052 1515 2092 6,
1536 2052 1621 2084 129:

892 2096 972 2128 Vita
1011 2097 1215 2130 solutorum
1252 2098 1387 2129 misera
1429 2098 1622 2131 ambitione

889 2143 1073 2183 oravique.

937 2190 1058 2223 28-37.
1084 2190 1244 2232 arqenti]
1278 2190 1379 2231 facti,
1405 2190 1549 2224 caelati.
1578 2209 1620 2214 —

887 2236 1147 2279 stupet-aere]
1174 2237 1329 2278 „insano
1356 2237 1481 2271 studio
1509 2249 1622 2282 quae-

889 2282 940 2316 rit
995 2293 1082 2317 vasa
1138 2283 1418 2317 Corinthiaca.“
1479 2283 1620 2318 Eadem

890 2332 1028 2363 constr.
1054 2329 1159 2375 Virg.
1186 2330 1252 2364 Ge.
1279 2332 1312 2374 2,
1337 2333 1425 2365 508:
1449 2333 1522 2364 Hic
1545 2334 1622 2365 stu-

886 2379 946 2417 pet
984 2379 1159 2410 attonitus
1196 2379 1350 2411 Rostris.
1400 2378 1474 2412 Sat.
1509 2381 1549 2420 2,
1587 2381 1620 2421 7,

891 2425 952 2456 95:
994 2425 1178 2458 Pausiaca
1203 2427 1339 2467 torpes,
1379 2426 1525 2467 insane,
1563 2429 1620 2459 ta-

890 2471 995 2503 bella.
1034 2489 1078 2494 -—
1114 2472 1263 2514 Albius]
1304 2472 1414 2506 homo
1456 2473 1619 2517 ignotus,

890 2521 989 2550 certe
1026 2528 1103 2551 non
1138 2518 1330 2559 Tibullus,
1366 2522 1409 2552 ut
1446 2519 1620 2563 opinatus

890 2567 946 2598 est
968 2564 1164 2598 Baxterus.
1214 2565 1288 2599 cfr.
1313 2577 1346 2599 V.
1374 2568 1452 2599 109.
1479 2585 1522 2589 —
1548 2567 1621 2599 Hic

888 2614 1006 2644 mutat
1040 2620 1173 2645 merces
1211 2613 1300 2655 cet.]
1349 2612 1535 2657 Loquitur
1572 2613 1619 2647 de

889 2661 1114 2701 mercatore,
1152 2660 1217 2703 qui
1250 2659 1348 2693 lucri
1381 2659 1540 2702 cupidus
1572 2660 1619 2694 ab

890 2704 1044 2739 Oriente
1062 2705 1108 2740 ad
1126 2705 1367 2740 Occidentem
1394 2706 1519 2740 omnia
1543 2717 1619 2740 ma-

1390 2778 1407 2800 4
