1774 2930
194 169 285 210 486

860 169 1069 205 HORATII

315 269 495 311 Proiicit
527 270 736 326 ampullas
770 274 812 312 et
845 271 1160 328 sesquipedalia
1190 273 1340 328 verba,

316 339 362 382 Si
395 345 514 383 curat
547 355 618 383 cor
650 342 881 397 spectantis
914 343 1110 398 tetigisse
1143 345 1330 399 querela.

313 411 409 453 Non
442 412 545 454 satis
578 416 644 455 est
675 413 853 468 pulchra
885 428 981 456 esse
1012 417 1231 470 poemata3
1265 415 1406 457 dulcia
1437 419 1562 458 sunto

194 564 288 606 leus,
337 567 443 609 pater
484 563 660 609 Achillisl,
709 566 790 611 ipse
832 566 932 600 filius

193 611 320 654 Aeaci,
358 611 452 646 duos
478 613 610 646 habuit
634 613 781 656 fratres,
824 613 931 648 Tela-

193 669 341 692 monem
367 670 413 693 ex
439 660 570 694 eodem
608 663 714 704 patre
741 663 779 694 et
802 664 931 704 matre,

193 705 360 740 Phocum
387 718 432 741 ex
456 710 562 752 patre
588 710 746 750 tantum,
775 709 841 742 sed
867 719 932 743 na-

194 756 274 787 tum
301 754 372 788 dea
396 755 554 797 marina,
581 755 748 789 Salmace
766 756 931 798 nomine,

194 811 304 857 Quem
341 802 422 846 ipse
452 802 658 845 interfecit,
694 802 783 836 inde
820 803 931 838 furiis

193 850 402 893 exagitatus
429 852 466 883 et
491 850 624 884 exsilio
647 850 844 884 damnatus
863 853 929 885 est.

193 895 361 930 Tandem
379 900 554 941 receptus
580 898 743 941 hospitio
771 908 791 931 a
810 897 930 943 Ceyce

191 943 268 977 filio
295 943 391 978 Solis
411 955 439 985 ‚a
465 944 577 978 caede
604 945 808 989 expiatur.“
836 945 930 979 AOR.

191 989 349 1024 NAmm.
401 991 475 1025 Cfr.
502 990 570 1025 Od.
599 994 638 1035 3,
666 994 705 1033 7,
736 994 788 1026 17.
849 992 930 1034 „Hi

192 1038 300 1072 ambo
332 1049 440 1083 reges
471 1039 646 1081 fuerunt,
687 1039 751 1084 qui
785 1040 931 1074 amissis

192 1086 322 1130 regnis
348 1086 394 1119 ad
420 1089 560 1120 tantam
588 1086 753 1131 inopiam
773 1087 931 1121 devene-

191 1136 293 1174 runt,
319 1136 362 1167 ut
388 1134 537 1167 exsules
567 1134 655 1168 facti
681 1134 929 1168 mendicando

193 1179 264 1214 sibi
293 1180 548 1225 undecunque
567 1181 705 1215 victum
731 1182 930 1225 conquire-

193 1231 296 1268 rent,
337 1228 484 1262 omissis
510 1228 635 1262 verbis
662 1228 870 1274 grandibus
896 1232 932 1262 et

191 1275 340 1319 regiis.“
393 1275 520 1310 Gonu.
554 1275 674 1315 CRUQ.
699 1294 748 1300 —
770 1276 927 1319 pauper]

192 1321 296 1356 Salse
330 1322 525 1357 deridetur
550 1323 751 1368 Euripides
783 1324 929 1368 aliquo-

191 1369 261 1403 ties
299 1370 346 1404 ab
382 1370 648 1415 Aristophane,
688 1370 788 1415 quod
823 1371 930 1405 Tele-

190 1417 306 1461 phum
332 1428 543 1461 pannosum
570 1420 608 1452 et
631 1417 845 1452 mendicum
871 1418 929 1451 in-

191 1464 368 1508 duxerat,
406 1476 481 1510 quo
507 1467 760 1510 spectatorum
785 1466 930 1500 miseri-

192 1512 357 1546 cordiam
423 1513 684 1547 vehementius
752 1515 929 1547 moveret.

190 1558 372 1594 Prodibat
409 1560 508 1594 enim
542 1558 669 1600 Πτώχ’
701 1558 931 1604 ἁιιφίβλητα

192 1604 372 1650 σώματος
418 1605 547 1648 λαβων
594 1604 694 1654 ῥάκη
734 1605 931 1655 Ἀρκτήρια

191 1651 321 1698 τύχης
346 1654 475 1700 Eurip.
497 1655 557 1688 Fr.
572 1654 734 1709 Telephi
760 1657 792 1688 2.
816 1655 929 1689 Dind.

192 1703 229 1735 et
253 1681 342 1736 ibid.
369 1702 428 1735 Fr.
450 1704 489 1736 7:
514 1699 580 1745 Μή
604 1714 673 1746 μοι
698 1699 929 1746 φθονήσητ’

191 1744 324 1804 ἄνδρες
346 1746 534 1793 Ελλήιων
558 1746 682 1796 ἄκοοι,
709 1750 756 1782 Εἰ
780 1747 931 1791 πτωχὸς

192 1792 246 1829 ὢν
287 1808 325 1830 τε
321 1796 432 1840 Ὓτληκ
473 1797 514 1830 ἑν
555 1797 752 1830 ἐσθλοῖσιν
795 1796 929 1840 λέγειν.

193 1843 374 1877 Similiter
412 1844 512 1888 apud
550 1844 715 1877 Ennium
753 1843 860 1877 Both.
887 1843 928 1876 P.

193 1889 250 1925 Sc.
277 1903 313 1935 p.
341 1893 396 1925 64.
423 1893 589 1932 Requum
612 1892 759 1933 reliqui,
794 1891 929 1934 inquit,

191 1941 338 1980 saeptus
362 1940 518 1972 mendici
541 1939 647 1972 stola.
696 1938 811 1972 Accio
838 1937 928 1971 ibid.

192 1996 228 2030 p.
248 1988 327 2019 242.
346 1988 403 2020 est
427 1989 573 2027 opertus
587 1986 786 2027 squalitate
816 1986 931 2018 luctu-

194 2042 262 2074 que
300 2035 548 2076 horrificabili.
614 2033 766 2067 Poterat
806 2035 931 2066 autem

193 2082 297 2114 eoesul
338 2081 413 2115 dici
451 2081 641 2125 Telephus
683 2083 719 2113 et
760 2090 844 2114 cum
887 2090 932 2113 ex

193 2128 356 2162 Arcadia
407 2128 551 2162 oraculi
613 2128 719 2161 iussu
776 2130 931 2161 matrem

195 2176 408 2220 quaesitum
426 2176 466 2209 in
483 2175 640 2220 Mysiam
658 2175 705 2209 ad
723 2175 932 2208 Teuthran-

194 2225 266 2257 tem
294 2234 421 2268 regem
449 2226 504 2257 est
528 2223 739 2267 profectus,
778 2225 814 2256 et
847 2232 932 2256 cum

194 2271 411 2304 volneratus
436 2270 483 2303 ab
510 2270 656 2304 Achille
683 2269 793 2314 Argis
818 2268 932 2303 Grae-

196 2327 326 2351 corum
347 2318 560 2362 principum
580 2317 793 2358 concilium,
821 2319 861 2350 ut
886 2315 931 2350 ab

196 2365 325 2398 eodem
353 2368 560 2407 sanaretur,
585 2366 761 2409 precatus
788 2366 856 2398 est.

245 2459 300 2493 97.
319 2461 375 2493 98.
401 2459 566 2502 Proiicil]
595 2458 772 2502 „respuit,
796 2458 932 2492 talibus

197 2517 273 2540 non
301 2506 455 2540 utitur.“
484 2526 526 2530 —
555 2506 753 2548 ampullas]
782 2505 932 2539 Primus

197 2553 375 2588 Horatius
413 2554 537 2587 verbis
579 2553 725 2587 Latinis
767 2553 934 2594 ampulla

198 2605 233 2635 et
251 2602 453 2643 ampullari
473 2600 580 2645 (Epp.
602 2603 632 2642 1,
654 2602 685 2642 3,
705 2598 774 2643 14.)
804 2599 933 2633 eodem

199 2659 313 2682 sensu
329 2659 420 2683 usus
435 2659 517 2682 esse
534 2647 690 2690 videtur,
710 2657 784 2691 quo
801 2646 933 2680 Graeci

197 2693 367 2740 λήκυθος
393 2698 429 2730 et
453 2695 669 2739 ληκυθίζειν
695 2694 849 2737 (Strabo
877 2695 933 2735 13,

197 2754 232 2788 p.
259 2744 355 2785 609.)
392 2742 628 2787 usurpabant
663 2741 737 2784 „de
764 2741 932 2775 oratione

981 567 1092 601 nimis
1130 570 1262 602 ornata
1300 568 1433 613 (quasi
1472 579 1517 603 ex
1549 569 1719 603 colorum

981 625 1024 648 ac
1061 615 1338 660 pigmentorum
1375 626 1481 659 vase,
1523 613 1723 663 ληκύθῳ),

981 661 1178 696 ambitiosa
1211 665 1248 696 et
1279 663 1480 708 pigmentis
1510 664 1627 698 veluti
1660 667 1718 698 tu-

979 708 1121 743 midast‘
1180 710 1293 752 „Hoc
1329 720 1352 744 a
1389 709 1616 746 Callimacho
1656 722 1723 745 su-

981 757 1120 790 stulit.“
1159 734 1309 791 P”0RPH.
1349 757 1421 792 Ille
1447 758 1546 792 enim
1572 760 1719 804 tragoe-

980 803 1078 838 diam
1115 804 1278 838 Μοῦσαν
1311 801 1518 848 ληκύθειον
1550 806 1717 850 appella-

980 852 1033 884 vit
1069 851 1215 896 Fragm.
1254 854 1333 887 319.
1371 852 1580 886 Blomfield.
1639 853 1722 887 Cio.

979 898 1026 932 ad
1052 898 1127 932 Att.
1157 901 1195 940 1,
1222 900 1286 942 14,
1312 902 1356 933 3:
1394 901 1520 933 Totum
1544 901 1639 933 hunc
1667 901 1718 934 lo-

980 954 1080 987 cum,
1115 955 1218 986 quem
1251 955 1315 988 eoo
1339 948 1444 980 varie
1467 948 1557 981 meis
1582 949 1718 981 oratio-

979 994 1240 1027 uibus--soleo
1262 995 1462 1037 pinqere,
1487 995 1531 1028 de
1556 995 1716 1037 flamma,

979 1042 1023 1073 de
1058 1041 1178 1083 ferro,
1221 1040 1338 1082 (nosti
1373 1042 1458 1074 illas
1494 1041 1697 1084 ληκύθους,
1699 1042 1721 1085 )

979 1088 1086 1120 valde
1112 1088 1271 1129 praviter
1301 1089 1499 1129 perterruit.
1520 1107 1562 1112 ——
1579 1090 1721 1130 sesqui-

976 1135 1142 1177 pedalia]
1177 1134 1306 1169 Crates
1339 1135 1439 1191 apud
1464 1134 1627 1169 Meinek.
1653 1135 1715 1169 Fr.

981 1181 1083 1215 Com.
1108 1181 1156 1215 II.
1181 1182 1210 1215 I.
1235 1193 1271 1226 p.
1298 1183 1389 1215 241:
1418 1178 1516 1226 Ἐπη
1549 1179 1718 1229 τριτήχη

981 1228 1032 1261 Θ.
1035 1227 1217 1270 τταλικῶς
1265 1229 1504 1284 τετμημένα,
1553 1229 1722 1274 polysyl—

976 1275 1080 1317 laba,
1119 1275 1249 1321 qualia
1281 1273 1469 1319 ἁμαξιαῖα
1498 1278 1607 1310 vocat
1630 1275 1717 1310 Ari-

979 1324 1191 1367 stophanes.
1229 1323 1458 1357 Huiusmodi
1476 1323 1591 1357 verba
1609 1334 1717 1367 prae-

978 1371 1107 1404 sertim
1132 1370 1171 1404 in
1197 1370 1531 1415 compositionibus
1554 1370 1723 1405 vocabu·

977 1418 1100 1451 lorum
1148 1417 1371 1452 Latinorum
1420 1417 1521 1463 apud
1569 1420 1717 1452 veteres

978 1465 1142 1510 tragicos
1176 1465 1304 1499 nescio
1339 1464 1431 1510 quid
1456 1465 1617 1499 affectati
1652 1465 1719 1498 ha—

979 1512 1070 1546 bent
1105 1513 1306 1557 minusque
1339 1513 1509 1557 apposita
1542 1514 1632 1546 sunt
1656 1522 1717 1546 ve-

978 1570 1042 1594 rae
1067 1560 1277 1594 maestitiae
1303 1570 1347 1594 ac
1381 1559 1518 1594 timori.
1569 1558 1719 1593 Gellius

981 1609 1043 1649 19,
1071 1609 1102 1640 7.
1131 1618 1175 1641 ex
1207 1606 1336 1641 Laevii
1362 1606 1527 1642 Alcesti:
1565 1606 1717 1640 Aurora

975 1655 1212 1696 pudoricolor
1253 1673 1300 1678 —
1341 1655 1438 1687 curis
1485 1653 1715 1687 intoleranti-

979 1703 1044 1735 bus
1071 1721 1113 1725 -—
1141 1703 1270 1735 Nestor
1294 1702 1540 1742 trisecliseneoe
1571 1702 1603 1733 el
1634 1700 1715 1732 dul-

979 1750 1220 1789 cioreloquus.
1283 1748 1388 1781 Adde
1427 1746 1713 1788 rudentisibilus,

977 1796 1284 1828 velivolitancibus
1309 1795 1473 1836 navibus,
1501 1793 1649 1827 similia.
1670 1812 1713 1816 ——

977 1843 1015 1875 Si
1039 1844 1143 1875 curat
1169 1842 1251 1885 cor]
1288 1841 1423 1875 Dedita
1457 1851 1572 1886 opera
1603 1841 1717 1884 posta

979 1899 1170 1923 caesuram
1207 1890 1247 1922 in
1284 1889 1356 1922 hoc
1391 1898 1504 1922 versu
1537 1898 1584 1922 ne
1612 1887 1716 1929 lexit,

978 1939 1020 1970 ut
1052 1936 1134 1980 ipso
1169 1947 1283 1970 versu
1317 1935 1500 1969 dissoluto
1533 1934 1588 1969 sol
1606 1933 1715 1968 'citu-

980 1983 1106 2017 dinem
1131 1983 1343 2017 imitaretur
1368 1982 1483 2016 animi
1513 1981 1626 2016 rebus
1652 1980 1717 2014 ad-

979 2030 1099 2065 versis
1123 2030 1271 2074 afflicti3
1297 2040 1368 2064 nec
1391 2029 1552 2064 debebat
1569 2027 1717 2062 Schelle

981 2089 1025 2112 ex
1059 2078 1264 2112 Piscatoris
1296 2076 1364 2111 Ed.
1399 2079 1436 2111 et
1467 2087 1543 2110 uno
1578 2075 1722 2109 Codice

979 2125 1076 2159 Feae
1115 2125 1305 2170 recipere:
1347 2125 1386 2158 Si
1424 2133 1486 2157 cor
1523 2123 1721 2165 spectantis

982 2175 1086 2206 curat
1112 2173 1267 2213 tetiqisse
1293 2172 1455 2212 querela.
1507 2169 1583 2204 Cfr.
1609 2169 1714 2203 Pers.

983 2222 1014 2262 1,
1053 2222 1120 2253 91.
1164 2221 1235 2261 Qui
1273 2227 1329 2252 me
1370 2219 1469 2252 volel
1508 2219 1719 2251 incurvasse

982 2245 1379 2308 querela.—leli9isse]
1405 2263 1606 2312 αορίστως.
1642 2263 1716 2297 Cfr.

981 2313 1074 2359 Epp.
1111 2317 1150 2356 1,
1187 2315 1249 2356 17,
1284 2315 1322 2347 5:
1360 2314 1456 2353 quod
1493 2319 1596 2346 cures
1630 2318 1719 2352 pro—

978 2364 1104 2403 prium
1128 2362 1263 2403 secisse.

1029 2458 1085 2490 99.
1116 2457 1193 2489 100.
1231 2456 1314 2489 Non
1338 2454 1427 2487 salis
1453 2455 1502 2486 εει
1529 2452 1612 2495 cet]
1648 2451 1721 2484 Ar—

982 2503 1125 2537 tissime
1161 2503 1253 2536 haec
1292 2502 1372 2544 (vv.
1399 2503 1488 2534 99-
1495 2497 1588 2543 107.)
1628 2508 1718 2532 con-

983 2561 1079 2584 nexa
1127 2551 1215 2584 sunt
1263 2559 1347 2583 cum
1395 2545 1722 2587 antecedentibus,

984 2598 1123 2642 quippe
1162 2607 1245 2630 cum
1291 2596 1355 2629 ille
1393 2594 1604 2635 dumtaxat,
1650 2591 1718 2636 qui

982 2647 1103 2678 servat
1129 2651 1279 2686 operum
1304 2643 1451 2684 colores,
1482 2640 1545 2686 qui
1569 2640 1718 2682 proiicit

983 2692 1166 2733 ampullas
1185 2693 1265 2732 cet„
1292 2689 1442 2723 intimos
1465 2689 1717 2742 spectatorum

982 2739 1136 2774 affectus
1162 2747 1330 2776 movere,
1368 2736 1426 2770 vel
1451 2734 1632 2769 laetitiam
1657 2732 1718 2766 vel
