1786 2912
672 131 767 165 LIB.
791 131 822 165 L
871 129 974 164 SAT.
999 129 1046 164 X.

1535 129 1614 170 121

223 235 446 290 Quamque
475 236 699 290 poetarum
729 232 947 274 seniorum
976 230 1126 284 turba3
1159 229 1236 273 sed
1268 229 1361 283 ille,

223 305 272 348 Si
301 305 410 348 foret
439 304 521 346 hoc
550 307 741 346 nostrum
773 301 860 344 fato
891 301 1047 344 dilatus
1079 301 1124 342 in
1155 315 1321 354 aevum,

222 376 448 419 Detereret
479 374 563 416 sibi
592 374 738 426 multa,
771 372 980 415 recideret
1010 386 1135 414 omne
1167 371 1282 427 quod
1312 372 1423 413 ultra

221 446 467 491 Perfectum
498 445 750 498 traheretur,
783 447 826 486 et
857 444 903 484 in
932 457 1062 485 versu
1092 442 1287 484 faciendo

1565 442 1619 482 70

222 516 364 574 Saepe
394 520 522 573 caput
553 515 760 568 scaberet,
791 514 911 556 vivos
945 518 987 556 et
1018 513 1190 556 roderet
1220 527 1400 568 ungues.

223 586 363 644 Saepe
394 588 541 629 stilum
570 590 727 638 vertas,
759 586 916 627 iterum
947 598 1056 640 quae
1088 584 1219 639 digna
1248 584 1334 639 legi
1365 584 1470 636 sint,

202 712 258 744 68.
285 710 422 744 dilatus
448 709 565 752 S,Lct
589 713 626 744 et
650 708 868 743 Bentleius:
902 708 1046 741 delatus
1071 706 1155 752 ΕΜ,
1181 708 1344 749 dilapsus
1369 706 1459 751 cdp,
1483 706 1571 740 item

153 757 190 800 b,
215 757 282 792 sed
307 757 347 791 in
372 768 522 799 rasura,
539 767 583 791 ac
609 756 739 801 plures
763 754 949 796 Pottierii,
973 755 1145 811 delapsus
1171 754 1247 788 duo
1274 754 1455 788 eiusdem.

107 868 184 891 non
211 868 350 891 novum
365 856 522 902 aliquid,
544 856 609 890 sed
626 856 839 900 propiorem

107 906 253 938 tantum
292 903 578 948 explicationem
619 903 841 937 contineant

107 950 167 994 (ut
188 951 316 985 Iuven.
344 953 405 994 11,
432 953 522 984 1002
555 952 654 984 Tunc
677 951 780 983 rudis
806 952 839 983 et

107 998 242 1032 Graias
296 999 429 1031 mirari
485 993 624 1031 nescius
679 1000 786 1030 artes.
800 997 839 1040 );

58 1065 63 1072 -
104 1044 244 1078 deinde
262 1055 349 1079 vero
376 1045 487 1079 etiam
506 1045 566 1078 vel
590 1044 746 1078 minima
770 1044 839 1077 dif-

105 1091 253 1126 ficultas
278 1092 450 1135 tolletur,
482 1091 591 1126 modo
618 1102 699 1126 eam
723 1091 839 1125 inter-

104 1138 354 1184 pretationem
367 1139 645 1184 amplectamur,
661 1138 723 1172 cui
738 1148 838 1172 com—

106 1185 337 1220 mendandae
392 1187 490 1220 hanc
545 1186 839 1230 disputationem

107 1232 361 1276 instituimus3
387 1245 463 1278 qua
489 1236 635 1278 tantum
654 1233 770 1275 abest,
796 1237 839 1267 ut

106 1289 154 1314 ex
170 1280 346 1315 carminis
371 1291 508 1325 genere
533 1282 665 1325 poetae
691 1279 839 1314 indoles

107 1327 326 1372 colligatur,
362 1331 404 1361 ut
434 1328 506 1362 hoc
538 1328 662 1371 ipsum
690 1327 839 1360 Lucilio

108 1372 355 1418 praecipuum
378 1374 581 1417 tribuatur,
606 1374 709 1418 quod
736 1375 840 1406 lima·

108 1421 179 1454 tior
210 1421 343 1463 fuerit,
376 1431 487 1465 quam
520 1422 560 1454 in
590 1421 698 1454 rudis
725 1420 839 1455 Grae-

108 1467 240 1512 cisque
257 1467 390 1502 intacti
407 1468 585 1502 carminis
607 1470 760 1502 auctore
778 1478 840 1501 ex-

106 1514 270 1559 spectari
294 1515 495 1559 potuerit.“
534 1515 615 1557 (Est
640 1526 729 1560 ergo
757 1526 840 1560 „ge-

88 1571 198 1603 Jms,
229 1560 271 1595 in
296 1572 378 1606 quo.
397 1562 598 1596 nemodum
623 1561 839 1603 elaboravit,

106 1607 292 1652 cuiusque
328 1609 388 1642 vel
429 1608 513 1643 ideo
551 1609 701 1642 nullum
738 1609 839 1653 apud

107 1653 271 1698 Graecos
296 1655 464 1690 exstabat
494 1656 703 1700 exemplar,
738 1656 839 1700 quod

104 1700 246 1737 imitari
270 1705 397 1746 posset
419 1703 609 1745 Lucilius,
640 1703 746 1737 illius
772 1712 839 1736 au-

104 1750 184 1783 ctor
209 1749 287 1783 sive
311 1751 477 1783 inventor
502 1761 536 1783 v.
561 1750 666 1792 48.“)
703 1750 744 1783 P.
771 1752 839 1784 35:

106 1794 306 1838 „Quamvis
318 1796 488 1831 Lucilius
505 1807 630 1841 neque
649 1800 839 1832 externam

105 1843 286 1878 carminis
309 1843 465 1878 formam
498 1844 575 1878 sive
609 1847 769 1878 metrum
794 1856 840 1879 ex

105 1889 293 1925 didactica
329 1890 558 1925 Graecorum
598 1893 704 1936 po'esi
745 1892 840 1925 asci-

106 1946 211 1971 scere
236 1937 436 1980 dubitarit,
461 1949 532 1972 nec
556 1939 701 1982 primus
726 1939 840 1973 male-

106 1983 294 2019 dicentiae
334 1988 447 2030 atque
489 1985 677 2020 irrisionis
719 1997 839 2020 exem-

106 2030 211 2074 plum
244 2031 343 2066 inter
375 2034 506 2076 poetas
532 2033 686 2067 Latinos
714 2033 839 2067 edide-

106 2077 175 2118 rit,
210 2081 311 2112 certe
337 2081 374 2112 et
398 2079 466 2112 illa
491 2080 729 2122 coniunctio,
765 2091 839 2124 qua

106 2124 251 2168 primus
291 2125 506 2169 aequalium
546 2127 637 2160 vitia
675 2127 839 2160 heroicis

106 2171 280 2205 versibus
320 2182 474 2216 carpere
518 2183 633 2206 ausus
680 2177 756 2215 est,
804 2176 840 2207 et

107 2218 230 2252 omnis
253 2218 416 2252 instituti
442 2219 555 2261 ratio,
582 2219 683 2253 unde
710 2220 840 2254 satira-

107 2275 192 2298 rum
229 2275 366 2299 nomen
399 2266 498 2310 apud
532 2278 617 2300 eum
649 2267 840 2311 pependit,

106 2311 201 2346 adeo
226 2312 346 2356 ipsius
371 2313 526 2357 propria
549 2313 721 2347 habenda
740 2318 840 2356 sunt,

109 2361 152 2392 ut
174 2359 258 2393 iure
283 2360 494 2404 meritoque
522 2362 699 2394 intactum
726 2361 840 2395 (Prae-

109 2406 159 2438 αἶς
175 2414 325 2440 carmen
348 2407 562 2441 condidisse
589 2407 662 2442 dici
685 2408 839 2452 possit.“

105 2451 194 2486 Noli
220 2452 390 2488 oblivisci
408 2454 634 2493 Quintiliani
660 2455 757 2488 illud
786 2458 841 2498 10,

109 2502 150 2541 1,
174 2501 241 2533 93:
273 2502 400 2534 Satira
430 2503 575 2542 quidem
605 2505 681 2535 tola
715 2505 842 2536 nostra

110 2548 180 2589 est,
213 2547 254 2579 in
283 2556 358 2588 qua
386 2549 526 2589 primus
557 2550 736 2590 insiqnem
763 2550 841 2583 lau-

108 2594 191 2626 dem
215 2595 366 2635 adeptus
390 2596 550 2628 Lucilius
585 2598 762 2636 quosdam
788 2598 842 2630 ita

99 2640 245 2682 ,debitos
269 2642 339 2674 sibi
362 2643 482 2676 adhuc
512 2644 618 2676 habet
645 2646 840 2686 amatores,

109 2689 151 2719 ul
182 2696 263 2720 eum
295 2697 369 2721 non
401 2690 558 2723 eiusdem
590 2691 695 2723 modo
721 2693 841 2731 operis

888 855 1107 896 auctoribus,
1125 855 1187 888 sed
1203 855 1367 887 omnibus
1382 855 1497 896 poetis
1512 862 1622 895 prae-

886 902 985 942 [me
1026 910 1100 934 non
1140 903 1315 935 dubitent.
1351 920 1395 925 —-
1424 903 1621 943 poetarum

886 949 1086 992 seniorum]
1114 949 1431 993 „antiquiorum“‚
1458 951 1500 982 ut
1524 948 1622 982 Livii

885 995 1115 1035 Andronici,
1163 995 1230 1030 Cn.
1264 995 1415 1037 Naevii,
1452 995 1621 1037 Pacuvii,

886 1042 1023 1084 Plauti,
1050 1042 1206 1077 Caecilii
1232 1043 1352 1085 Statii,
1378 1046 1447 1077 cet.

935 1091 1071 1123 67-71.
1095 1090 1172 1133 ille]
1211 1093 1254 1123 ut
1278 1090 1364 1124 luce
1389 1090 1529 1124 clarius
1556 1093 1623 1131 est,

886 1136 1079 1179 Lucilius3
1105 1137 1325 1182 neutiquam
1351 1148 1440 1172 vero
1461 1137 1621 1171 Ennius.

889 1203 932 1207 -—
958 1185 1120 1228 dilatus]
1158 1185 1416 1229 „prolatatus,
1453 1195 1622 1218 reserva-

887 1231 1001 1273 tus“,
1039 1231 1077 1265 id
1111 1235 1186 1275 est,
1224 1233 1256 1266 si
1286 1232 1403 1266 fatum
1428 1231 1622 1273 voluisset,

887 1280 930 1311 ut
977 1278 1016 1311 in
1066 1281 1215 1323 tempus
1263 1279 1380 1313 multo
1421 1279 1623 1323 posterius,

888 1324 1058 1369 adeoque
1091 1329 1259 1360 nostram
1291 1327 1331 1359 in
1364 1328 1522 1360 aetatem
1548 1326 1624 1360 vita

889 1371 971 1405 eius
996 1372 1227 1407 incidisset.“
1261 1372 1366 1406 ovid.
1391 1373 1540 1407 Metam.
1568 1375 1623 1415 13,

888 1419 982 1451 518:
1015 1421 1128 1462 Quid,
1167 1422 1204 1454 di
1238 1421 1423 1463 crudeles,
1455 1421 1526 1453 nisi
1551 1429 1623 1461 quo

888 1468 1147 1509 novaJunera
1171 1476 1329 1510 cernam,
1362 1469 1530 1502 Vivacem
1553 1468 1623 1509 dis-

887 1513 992 1553 sertis
1034 1516 1172 1548 anum?
1214 1534 1258 1538 —
1299 1517 1489 1548 Detereret
1538 1515 1623 1558 cet]

889 1558 1009 1601 „Tum
1034 1560 1146 1606 longe
1168 1561 1280 1596 aliter
1303 1562 1504 1605 scriberet3
1530 1562 1624 1606 poli-

888 1606 1023 1649 tiores,
1061 1609 1188 1643 minus
1220 1610 1345 1654 asperi
1379 1612 1508 1644 essent
1540 1609 1624 1643 eius

888 1662 1038 1696 versus,
1081 1655 1226 1691 Graeca
1262 1667 1339 1690 non
1380 1656 1623 1698 immisceret,

888 1700 1015 1735 omnia
1027 1702 1174 1745 vitaret,
1197 1714 1293 1748 quae
1307 1713 1410 1737 nunc
1423 1704 1524 1747 apud
1538 1714 1623 1737 eum

888 1747 948 1780 vel
962 1748 1186 1784 verbositate
1198 1751 1260 1784 vel
1277 1750 1534 1795 qualicunque
1548 1750 1623 1785 alio

888 1793 979 1828 vitio
993 1797 1218 1839 perfectioni
1233 1798 1402 1842 poiiticae
1417 1797 1622 1832 officiunt.“

888 1860 934 1864 —
959 1844 1185 1887 traheretur]
1218 1845 1262 1878 In
1288 1846 1360 1879 hoc
1385 1845 1498 1879 verbo
1524 1846 1625 1879 inest

888 1887 1048 1924 inertiae
1075 1894 1189 1936 atque
1215 1892 1408 1927 molestiae
1436 1892 1624 1937 significa·
1690 1895 1702 1904 ’

888 1935 953 1968 tio.
965 1955 1007 1960 —
1023 1942 1135 1980 caput
1151 1941 1311 1973 scaberet
1330 1940 1414 1982 cet]
1440 1939 1538 1973 Sunt
1562 1951 1624 1984 ge-

889 1984 970 2016 stus
987 1985 1205 2020 meditantis
1222 1989 1335 2031 atque
1355 1987 1623 2021 stomachantis

889 2039 951 2071 cO,
985 2033 1086 2075 quod
1112 2036 1150 2067 et
1175 2034 1422 2079 cogitationes
1448 2037 1485 2068 et
1510 2034 1625 2067 verba

888 2077 926 2108 et
951 2087 1082 2113 versus
1107 2080 1233 2114 minus
1258 2081 1476 2125 procedant.
1502 2080 1624 2114 Varro

887 2121 950 2155 Fr.
983 2137 1019 2170 p.
1055 2129 1146 2160 261:
1187 2129 1342 2161 Scabens
1383 2131 1491 2169 caput
1532 2136 1624 2161 novo

884 2176 1000 2210 partu
1023 2175 1177 2215 poetico.
1203 2173 1363 2213 Quintil.
1392 2177 1447 2217 11,
1473 2176 1506 2216 3,
1535 2175 1624 2208 158:

889 2217 935 2248 ln
958 2221 1027 2252 hac
1061 2222 1289 2255 cunctatione
1321 2224 1405 2254 sunt
1443 2223 1626 2263 quaedam
1688 2222 1691 2227 '

889 2278 963 2302 non
979 2268 1181 2302 indecentes
1199 2268 1253 2311 (ut
1271 2270 1460 2310 appellant
1476 2270 1622 2311 scenici)

888 2323 1032 2357 morae,
1058 2317 1168 2356 capul
1193 2316 1369 2357 mulcere,
1395 2324 1546 2349 manum
1570 2318 1626 2348 in-

890 2363 1006 2404 tueri,
1054 2363 1256 2404 infringere
1300 2364 1488 2397 articulos.
1536 2363 1626 2396 Per-

891 2410 970 2444 sius
1007 2412 1046 2451 1,
1079 2411 1168 2443 106:
1206 2411 1280 2443 Nec
1309 2411 1476 2451 pluteum
1509 2411 1626 2443 caedit

890 2466 954 2490 nec
971 2457 1152 2489 demorsos
1169 2458 1266 2498 sapit
1282 2466 1433 2499 unques.
1454 2476 1497 2481 —
1512 2457 1626 2499 vivos]

893 2514 1036 2548 „usque
1062 2503 1109 2537 ad
1134 2503 1254 2548 ipsam
1279 2506 1463 2538 carnem.“
1503 2504 1626 2537 Plaut.

890 2551 1025 2584 Bacch.
1044 2552 1077 2592 2,
1095 2552 1127 2593 3,
1146 2553 1188 2584 8:
1214 2552 1413 2584 detondebo
1436 2550 1624 2593 (arietem)

891 2606 986 2631 auro
1010 2606 1123 2638 usque
1149 2599 1197 2631 ad
1221 2599 1343 2631 vivam
1368 2601 1495 2631 cutem.

938 2646 1060 2679 72-77.
1093 2646 1208 2686 Saepe
1234 2644 1317 2687 cet]
1355 2645 1411 2678 De
1437 2647 1626 2688 postrema

891 2691 1004 2725 huius
1045 2703 1078 2725 v.
1122 2692 1266 2736 syllaba
1306 2695 1392 2725 ante
1435 2691 1624 2735 duplicem
