<?xml version="1.0" encoding="UTF-8"?>
<!DOCTYPE html PUBLIC "-//W3C//DTD XHTML 1.0 Transitional//EN"
    "http://www.w3.org/TR/xhtml1/DTD/xhtml1-transitional.dtd">
<html xmlns="http://www.w3.org/1999/xhtml" xml:lang="en" lang="en">
 <head>
  <title>
</title>
<meta http-equiv="Content-Type" content="text/html;charset=utf-8" />
  <meta name='ocr-system' content='tesseract 3.04.00' />
  <meta name='ocr-capabilities' content='ocr_page ocr_carea ocr_par ocr_line ocrx_word'/>
</head>
<body>
  <div class='ocr_page' id='page_1' title='image "./qhoratiusflaccus00horauoft_0438.png"; bbox 0 0 1774 2930; ppageno 0'>
   <div class='ocr_carea' id='block_1_1' title="bbox 157 157 246 198">
    <p class='ocr_par' dir='ltr' id='par_1_1' title="bbox 157 157 246 198">
     <span class='ocr_line' id='line_1_1' title="bbox 157 157 246 198; baseline 0.011 -1"><span class='ocrx_word' id='word_1_1' title='bbox 157 157 246 198; x_wconf 90' lang='lat'>430</span> 
     </span>
    </p>
   </div>
   <div class='ocr_carea' id='block_1_2' title="bbox 631 146 1210 194">
    <p class='ocr_par' dir='ltr' id='par_1_2' title="bbox 631 146 1210 194">
     <span class='ocr_line' id='line_1_2' title="bbox 631 146 1210 194; baseline 0.003 -2"><span class='ocrx_word' id='word_1_2' title='bbox 631 146 838 192; x_wconf 76' lang='lat' dir='ltr'>HORATH</span> <span class='ocrx_word' id='word_1_3' title='bbox 861 157 1210 194; x_wconf 73' lang='lat' dir='ltr'>EPIsToLARtm</span> 
     </span>
    </p>
   </div>
   <div class='ocr_carea' id='block_1_3' title="bbox 275 257 1368 386">
    <p class='ocr_par' dir='ltr' id='par_1_3' title="bbox 275 257 1368 386">
     <span class='ocr_line' id='line_1_3' title="bbox 275 257 1368 317; baseline 0.005 -18"><span class='ocrx_word' id='word_1_4' title='bbox 275 257 334 300; x_wconf 88' lang='lat' dir='ltr'>Ut</span> <span class='ocrx_word' id='word_1_5' title='bbox 365 258 447 300; x_wconf 84' lang='lat' dir='ltr'>sibi</span> <span class='ocrx_word' id='word_1_6' title='bbox 478 259 757 315; x_wconf 77' lang='lat' dir='ltr'>praebentem</span> <span class='ocrx_word' id='word_1_7' title='bbox 788 259 918 301; x_wconf 88' lang='lat' dir='ltr'>mimo</span> <span class='ocrx_word' id='word_1_8' title='bbox 951 261 1194 316; x_wconf 88' lang='lat' dir='ltr'>spectacula</span> <span class='ocrx_word' id='word_1_9' title='bbox 1223 262 1368 317; x_wconf 85' lang='lat' dir='ltr'>plura3</span> 
     </span>
     <span class='ocr_line' id='line_1_4' title="bbox 278 327 1263 386; baseline 0.004 -16"><span class='ocrx_word' id='word_1_10' title='bbox 278 327 517 385; x_wconf 80' lang='lat' dir='ltr'>Scriptores</span> <span class='ocrx_word' id='word_1_11' title='bbox 549 333 694 372; x_wconf 82' lang='lat' dir='ltr'>autem</span> <span class='ocrx_word' id='word_1_12' title='bbox 724 344 898 372; x_wconf 87' lang='lat' dir='ltr'>narrare</span> <span class='ocrx_word' id='word_1_13' title='bbox 930 335 1101 386; x_wconf 87' lang='lat' dir='ltr'>putaret</span> <span class='ocrx_word' id='word_1_14' title='bbox 1131 332 1263 374; x_wconf 89' lang='lat' dir='ltr'>asello</span> 
     </span>
    </p>
   </div>
   <div class='ocr_carea' id='block_1_4' title="bbox 274 399 671 443">
    <p class='ocr_par' dir='ltr' id='par_1_4' title="bbox 274 399 671 443">
     <span class='ocr_line' id='line_1_5' title="bbox 274 399 671 443; baseline 0.003 -2"><span class='ocrx_word' id='word_1_15' title='bbox 274 399 497 443; x_wconf 82' lang='lat' dir='ltr'>Fabellam</span> <span class='ocrx_word' id='word_1_16' title='bbox 530 400 671 442; x_wconf 88' lang='lat' dir='ltr'>surdo.</span> 
     </span>
    </p>
   </div>
   <div class='ocr_carea' id='block_1_5' title="bbox 720 400 1410 457">
    <p class='ocr_par' dir='ltr' id='par_1_5' title="bbox 720 400 1410 457">
     <span class='ocr_line' id='line_1_6' title="bbox 720 400 1410 457; baseline 0.006 -15"><span class='ocrx_word' id='word_1_17' title='bbox 720 400 832 443; x_wconf 88' lang='lat' dir='ltr'>Nam</span> <span class='ocrx_word' id='word_1_18' title='bbox 864 415 973 457; x_wconf 88' lang='lat' dir='ltr'>quae</span> <span class='ocrx_word' id='word_1_19' title='bbox 1002 403 1252 457; x_wconf 85' lang='lat' dir='ltr'>pervincere</span> <span class='ocrx_word' id='word_1_20' title='bbox 1282 417 1410 446; x_wconf 85' lang='lat' dir='ltr'>voces</span> 
     </span>
    </p>
   </div>
   <div class='ocr_carea' id='block_1_6' title="bbox 1590 405 1676 447">
    <p class='ocr_par' dir='ltr' id='par_1_6' title="bbox 1590 405 1676 447">
     <span class='ocr_line' id='line_1_7' title="bbox 1590 405 1676 447; baseline 0.023 -2"><span class='ocrx_word' id='word_1_21' title='bbox 1590 405 1676 447; x_wconf 88' lang='grc'>200</span> 
     </span>
    </p>
   </div>
   <div class='ocr_carea' id='block_1_7' title="bbox 274 470 1551 741">
    <p class='ocr_par' dir='ltr' id='par_1_7' title="bbox 274 470 1551 741">
     <span class='ocr_line' id='line_1_8' title="bbox 274 470 1486 528; baseline 0.003 -15"><span class='ocrx_word' id='word_1_22' title='bbox 274 470 489 514; x_wconf 84' lang='lat' dir='ltr'>Evaluere</span> <span class='ocrx_word' id='word_1_23' title='bbox 521 485 694 526; x_wconf 89' lang='lat' dir='ltr'>sonum,</span> <span class='ocrx_word' id='word_1_24' title='bbox 726 471 919 514; x_wconf 82' lang='lat' dir='ltr'>referunt</span> <span class='ocrx_word' id='word_1_25' title='bbox 951 487 1078 528; x_wconf 90' lang='lat' dir='ltr'>quem</span> <span class='ocrx_word' id='word_1_26' title='bbox 1108 477 1256 516; x_wconf 87' lang='lat' dir='ltr'>nostra</span> <span class='ocrx_word' id='word_1_27' title='bbox 1284 473 1486 517; x_wconf 77' lang='lat' dir='ltr'>theatra?</span> 
     </span>
     <span class='ocr_line' id='line_1_9' title="bbox 277 541 1551 599; baseline 0.004 -16"><span class='ocrx_word' id='word_1_28' title='bbox 277 541 525 598; x_wconf 81' lang='lat' dir='ltr'>Garganum</span> <span class='ocrx_word' id='word_1_29' title='bbox 555 543 722 598; x_wconf 87' lang='lat' dir='ltr'>mugire</span> <span class='ocrx_word' id='word_1_30' title='bbox 754 546 879 599; x_wconf 89' lang='lat' dir='ltr'>putes</span> <span class='ocrx_word' id='word_1_31' title='bbox 911 557 1061 586; x_wconf 90' lang='lat' dir='ltr'>nemus</span> <span class='ocrx_word' id='word_1_32' title='bbox 1093 548 1167 586; x_wconf 89' lang='lat' dir='ltr'>aut</span> <span class='ocrx_word' id='word_1_33' title='bbox 1196 559 1313 588; x_wconf 89' lang='lat' dir='ltr'>mare</span> <span class='ocrx_word' id='word_1_34' title='bbox 1346 545 1551 599; x_wconf 82' lang='lat' dir='ltr'>Tuscum,</span> 
     </span>
     <span class='ocr_line' id='line_1_10' title="bbox 277 603 1404 670; baseline 0.004 -16"><span class='ocrx_word' id='word_1_35' title='bbox 277 613 417 655; x_wconf 86' lang='lat' dir='ltr'>Tanto</span> <span class='ocrx_word' id='word_1_36' title='bbox 450 627 546 655; x_wconf 89' lang='lat' dir='ltr'>cum</span> <span class='ocrx_word' id='word_1_37' title='bbox 579 614 761 670; x_wconf 86' lang='lat' dir='ltr'>strepitu</span> <span class='ocrx_word' id='word_1_38' title='bbox 790 614 881 656; x_wconf 89' lang='lat' dir='ltr'>ludi</span> <span class='ocrx_word' id='word_1_39' title='bbox 912 618 1159 670; x_wconf 79' lang='lat' dir='ltr'>spectantur</span> <span class='ocrx_word' id='word_1_40' title='bbox 1189 620 1233 658; x_wconf 90' lang='lat' dir='ltr'>et</span> <span class='ocrx_word' id='word_1_41' title='bbox 1263 619 1376 659; x_wconf 87' lang='lat' dir='ltr'>artes</span> <span class='ocrx_word' id='word_1_42' title='bbox 1391 603 1404 611; x_wconf 51' lang='lat'>,</span> 
     </span>
     <span class='ocr_line' id='line_1_11' title="bbox 274 683 1376 741; baseline 0.003 -15"><span class='ocrx_word' id='word_1_43' title='bbox 274 683 550 740; x_wconf 84' lang='lat' dir='ltr'>Divitiaeque</span> <span class='ocrx_word' id='word_1_44' title='bbox 581 685 850 741; x_wconf 81' lang='lat' dir='ltr'>peregrinae,</span> <span class='ocrx_word' id='word_1_45' title='bbox 885 685 1038 741; x_wconf 90' lang='lat' dir='ltr'>quibus</span> <span class='ocrx_word' id='word_1_46' title='bbox 1071 686 1228 728; x_wconf 90' lang='lat' dir='ltr'>oblitus</span> <span class='ocrx_word' id='word_1_47' title='bbox 1259 690 1376 729; x_wconf 87' lang='lat' dir='ltr'>actor</span> 
     </span>
    </p>
   </div>
   <div class='ocr_carea' id='block_1_8' title="bbox 276 754 1434 810">
    <p class='ocr_par' dir='ltr' id='par_1_8' title="bbox 276 754 1434 810">
     <span class='ocr_line' id='line_1_12' title="bbox 276 754 1434 810; baseline 0.003 -13"><span class='ocrx_word' id='word_1_48' title='bbox 276 754 386 797; x_wconf 87' lang='lat' dir='ltr'>Cum</span> <span class='ocrx_word' id='word_1_49' title='bbox 419 756 538 798; x_wconf 83' lang='lat' dir='ltr'>stetit</span> <span class='ocrx_word' id='word_1_50' title='bbox 570 756 614 797; x_wconf 91' lang='lat' dir='ltr'>in</span> <span class='ocrx_word' id='word_1_51' title='bbox 647 770 789 810; x_wconf 85' lang='lat' dir='ltr'>scena,</span> <span class='ocrx_word' id='word_1_52' title='bbox 823 757 1035 799; x_wconf 89' lang='lat' dir='ltr'>concurrit</span> <span class='ocrx_word' id='word_1_53' title='bbox 1067 757 1245 800; x_wconf 79' lang='lat' dir='ltr'>dextera</span> <span class='ocrx_word' id='word_1_54' title='bbox 1274 758 1434 801; x_wconf 83' lang='lat' dir='ltr'>laevae.</span> 
     </span>
    </p>
   </div>
   <div class='ocr_carea' id='block_1_9' title="bbox 1590 758 1675 800">
    <p class='ocr_par' dir='ltr' id='par_1_9' title="bbox 1590 758 1675 800">
     <span class='ocr_line' id='line_1_13' title="bbox 1590 758 1675 800; baseline 0 -1"><span class='ocrx_word' id='word_1_55' title='bbox 1590 758 1675 800; x_wconf 88' lang='grc'>205</span> 
     </span>
    </p>
   </div>
   <div class='ocr_carea' id='block_1_10' title="bbox 272 825 1558 1027">
    <p class='ocr_par' dir='ltr' id='par_1_10' title="bbox 272 825 1558 1027">
     <span class='ocr_line' id='line_1_14' title="bbox 272 825 1558 886; baseline 0.003 -19"><span class='ocrx_word' id='word_1_56' title='bbox 272 825 397 868; x_wconf 86' lang='lat' dir='ltr'>Dixit</span> <span class='ocrx_word' id='word_1_57' title='bbox 429 826 568 869; x_wconf 87' lang='lat' dir='ltr'>adhuc</span> <span class='ocrx_word' id='word_1_58' title='bbox 600 826 792 883; x_wconf 81' lang='lat' dir='ltr'>aliquid?</span> <span class='ocrx_word' id='word_1_59' title='bbox 837 827 911 868; x_wconf 87' lang='lat' dir='ltr'>Nil</span> <span class='ocrx_word' id='word_1_60' title='bbox 942 841 1058 870; x_wconf 87' lang='lat' dir='ltr'>sane.</span> <span class='ocrx_word' id='word_1_61' title='bbox 1109 827 1223 877; x_wconf 83' lang='lat' dir='ltr'>Quid</span> <span class='ocrx_word' id='word_1_62' title='bbox 1252 829 1394 885; x_wconf 90' lang='lat' dir='ltr'>placet</span> <span class='ocrx_word' id='word_1_63' title='bbox 1425 829 1558 886; x_wconf 80' lang='lat' dir='ltr'>ergo?</span> 
     </span>
     <span class='ocr_line' id='line_1_15' title="bbox 272 897 1232 942; baseline 0.002 -3"><span class='ocrx_word' id='word_1_64' title='bbox 272 897 396 940; x_wconf 88' lang='lat' dir='ltr'>Lana</span> <span class='ocrx_word' id='word_1_65' title='bbox 427 897 661 940; x_wconf 85' lang='lat' dir='ltr'>Tarentino</span> <span class='ocrx_word' id='word_1_66' title='bbox 691 898 827 940; x_wconf 83' lang='lat' dir='ltr'>violas</span> <span class='ocrx_word' id='word_1_67' title='bbox 859 898 1025 941; x_wconf 87' lang='lat' dir='ltr'>imitata</span> <span class='ocrx_word' id='word_1_68' title='bbox 1053 914 1232 942; x_wconf 85' lang='lat' dir='ltr'>veneno.</span> 
     </span>
     <span class='ocr_line' id='line_1_16' title="bbox 273 967 1528 1027; baseline 0.002 -17"><span class='ocrx_word' id='word_1_69' title='bbox 273 967 338 1010; x_wconf 88' lang='lat' dir='ltr'>Ac</span> <span class='ocrx_word' id='word_1_70' title='bbox 369 983 424 1011; x_wconf 89' lang='lat' dir='ltr'>ne</span> <span class='ocrx_word' id='word_1_71' title='bbox 458 968 567 1011; x_wconf 90' lang='lat' dir='ltr'>forte</span> <span class='ocrx_word' id='word_1_72' title='bbox 600 973 725 1025; x_wconf 89' lang='lat' dir='ltr'>putes</span> <span class='ocrx_word' id='word_1_73' title='bbox 758 984 845 1023; x_wconf 90' lang='lat' dir='ltr'>me,</span> <span class='ocrx_word' id='word_1_74' title='bbox 880 984 989 1025; x_wconf 86' lang='lat' dir='ltr'>quae</span> <span class='ocrx_word' id='word_1_75' title='bbox 1020 969 1160 1013; x_wconf 82' lang='lat' dir='ltr'>facere</span> <span class='ocrx_word' id='word_1_76' title='bbox 1191 971 1285 1027; x_wconf 91' lang='lat' dir='ltr'>ipse</span> <span class='ocrx_word' id='word_1_77' title='bbox 1315 985 1528 1026; x_wconf 81' lang='lat' dir='ltr'>recusem,</span> 
     </span>
    </p>
   </div>
   <div class='ocr_carea' id='block_1_11' title="bbox 253 1098 1496 1144">
    <p class='ocr_par' dir='ltr' id='par_1_11' title="bbox 253 1098 1496 1144">
     <span class='ocr_line' id='line_1_17' title="bbox 253 1098 1496 1144; baseline 0.002 -12"><span class='ocrx_word' id='word_1_78' title='bbox 253 1100 330 1132; x_wconf 89' lang='grc'><strong>198.</strong></span> <span class='ocrx_word' id='word_1_79' title='bbox 357 1098 507 1133; x_wconf 83' lang='lat' dir='ltr'>Habent</span> <span class='ocrx_word' id='word_1_80' title='bbox 531 1100 641 1132; x_wconf 86' lang='lat' dir='ltr'>mimo</span> <span class='ocrx_word' id='word_1_81' title='bbox 667 1099 786 1133; x_wconf 81' lang='lat' dir='ltr'>nostri</span> <span class='ocrx_word' id='word_1_82' title='bbox 812 1101 848 1133; x_wconf 90' lang='lat' dir='ltr'>et</span> <span class='ocrx_word' id='word_1_83' title='bbox 872 1098 1042 1133; x_wconf 80' lang='lat' dir='ltr'>Pottierii</span> <span class='ocrx_word' id='word_1_84' title='bbox 1069 1110 1217 1144; x_wconf 83' lang='lat' dir='ltr'>omnes3</span> <span class='ocrx_word' id='word_1_85' title='bbox 1243 1100 1309 1134; x_wconf 88' lang='lat' dir='ltr'>alii</span> <span class='ocrx_word' id='word_1_86' title='bbox 1335 1101 1496 1135; x_wconf 80' lang='lat' dir='ltr'>mimum.</span> 
     </span>
    </p>
   </div>
   <div class='ocr_carea' id='block_1_12' title="bbox 147 1193 893 1761">
    <p class='ocr_par' dir='ltr' id='par_1_12' title="bbox 147 1193 893 1761">
     <span class='ocr_line' id='line_1_18' title="bbox 150 1193 892 1238; baseline 0.001 -14"><span class='ocrx_word' id='word_1_87' title='bbox 150 1211 199 1217; x_wconf 84' lang='lat'>-—</span> <span class='ocrx_word' id='word_1_88' title='bbox 223 1193 347 1236; x_wconf 87' lang='lat' dir='ltr'>mimo]</span> <span class='ocrx_word' id='word_1_89' title='bbox 378 1204 447 1238; x_wconf 90' lang='lat' dir='ltr'>pro</span> <span class='ocrx_word' id='word_1_90' title='bbox 475 1193 607 1237; x_wconf 87' lang='lat' dir='ltr'>quovis</span> <span class='ocrx_word' id='word_1_91' title='bbox 632 1193 828 1227; x_wconf 87' lang='lat' dir='ltr'>histrione.</span> <span class='ocrx_word' id='word_1_92' title='bbox 845 1211 892 1217; x_wconf 91' lang='lat'>—-</span> 
     </span>
     <span class='ocr_line' id='line_1_19' title="bbox 149 1240 891 1284; baseline -0.001 -9"><span class='ocrx_word' id='word_1_93' title='bbox 149 1241 352 1282; x_wconf 79' lang='lat' dir='ltr'>Scriptores</span> <span class='ocrx_word' id='word_1_94' title='bbox 403 1241 498 1284; x_wconf 89' lang='lat' dir='ltr'>cet.]</span> <span class='ocrx_word' id='word_1_95' title='bbox 551 1240 716 1283; x_wconf 60' lang='lat' dir='ltr'>„PoEtas</span> <span class='ocrx_word' id='word_1_96' title='bbox 766 1242 891 1274; x_wconf 84' lang='lat' dir='ltr'>autem</span> 
     </span>
     <span class='ocr_line' id='line_1_20' title="bbox 153 1287 892 1333; baseline 0 -12"><span class='ocrx_word' id='word_1_97' title='bbox 153 1287 323 1322; x_wconf 88' lang='lat' dir='ltr'>scenicos</span> <span class='ocrx_word' id='word_1_98' title='bbox 356 1288 457 1332; x_wconf 87' lang='lat' dir='ltr'>ipsos</span> <span class='ocrx_word' id='word_1_99' title='bbox 490 1299 642 1333; x_wconf 85' lang='lat' dir='ltr'>operam</span> <span class='ocrx_word' id='word_1_100' title='bbox 667 1288 798 1322; x_wconf 87' lang='lat' dir='ltr'>ludere</span> <span class='ocrx_word' id='word_1_101' title='bbox 823 1299 892 1332; x_wconf 92' lang='lat' dir='ltr'>pu-</span> 
     </span>
     <span class='ocr_line' id='line_1_21' title="bbox 149 1335 893 1380; baseline 0.001 -11"><span class='ocrx_word' id='word_1_102' title='bbox 149 1337 259 1378; x_wconf 81' lang='lat' dir='ltr'>taret,</span> <span class='ocrx_word' id='word_1_103' title='bbox 292 1346 377 1369; x_wconf 92' lang='lat' dir='ltr'>cum</span> <span class='ocrx_word' id='word_1_104' title='bbox 402 1336 624 1380; x_wconf 84' lang='lat' dir='ltr'>plebeculae</span> <span class='ocrx_word' id='word_1_105' title='bbox 654 1338 729 1369; x_wconf 90' lang='lat' dir='ltr'>tam</span> <span class='ocrx_word' id='word_1_106' title='bbox 755 1335 893 1370; x_wconf 85' lang='lat' dir='ltr'>stultae</span> 
     </span>
     <span class='ocr_line' id='line_1_22' title="bbox 150 1382 892 1425; baseline 0.003 -10"><span class='ocrx_word' id='word_1_107' title='bbox 150 1382 300 1417; x_wconf 86' lang='lat' dir='ltr'>fabulas</span> <span class='ocrx_word' id='word_1_108' title='bbox 343 1383 511 1416; x_wconf 83' lang='lat' dir='ltr'>darent.“</span> <span class='ocrx_word' id='word_1_109' title='bbox 547 1402 590 1406; x_wconf 89' lang='lat'>—</span> <span class='ocrx_word' id='word_1_110' title='bbox 625 1382 767 1425; x_wconf 87' lang='lat' dir='ltr'>asello]</span> <span class='ocrx_word' id='word_1_111' title='bbox 808 1382 892 1417; x_wconf 94' lang='lat' dir='ltr'>Duo</span> 
     </span>
     <span class='ocr_line' id='line_1_23' title="bbox 151 1430 892 1474; baseline -0.001 -11"><span class='ocrx_word' id='word_1_112' title='bbox 151 1430 352 1474; x_wconf 88' lang='lat' dir='ltr'>proverbia</span> <span class='ocrx_word' id='word_1_113' title='bbox 389 1430 611 1464; x_wconf 83' lang='lat' dir='ltr'>coniunxit:</span> <span class='ocrx_word' id='word_1_114' title='bbox 653 1432 764 1464; x_wconf 83' lang='lat' dir='ltr'>surdo</span> <span class='ocrx_word' id='word_1_115' title='bbox 806 1439 892 1463; x_wconf 81' lang='lat' dir='ltr'>nar-</span> 
     </span>
     <span class='ocr_line' id='line_1_24' title="bbox 150 1477 893 1521; baseline 0 -11"><span class='ocrx_word' id='word_1_116' title='bbox 150 1486 239 1510; x_wconf 87' lang='lat' dir='ltr'>rare</span> <span class='ocrx_word' id='word_1_117' title='bbox 264 1478 433 1519; x_wconf 79' lang='lat' dir='ltr'>fabulam</span> <span class='ocrx_word' id='word_1_118' title='bbox 465 1477 582 1521; x_wconf 79' lang='lat' dir='ltr'>(Nosz</span> <span class='ocrx_word' id='word_1_119' title='bbox 610 1479 744 1511; x_wconf 77' lang='lat' dir='ltr'>tauben</span> <span class='ocrx_word' id='word_1_120' title='bbox 773 1478 893 1511; x_wconf 79' lang='lat' dir='ltr'>Ohren</span> 
     </span>
     <span class='ocr_line' id='line_1_25' title="bbox 147 1525 892 1568; baseline 0.001 -11"><span class='ocrx_word' id='word_1_121' title='bbox 147 1525 351 1568; x_wconf 60' lang='lat' dir='ltr'>predium.)</span> <span class='ocrx_word' id='word_1_122' title='bbox 389 1525 542 1559; x_wconf 86' lang='lat' dir='ltr'>Terent.</span> <span class='ocrx_word' id='word_1_123' title='bbox 567 1525 704 1559; x_wconf 88' lang='lat' dir='ltr'>Heaut.</span> <span class='ocrx_word' id='word_1_124' title='bbox 730 1526 892 1566; x_wconf 86' lang='lat'>2,1,10.</span> 
     </span>
     <span class='ocr_line' id='line_1_26' title="bbox 150 1568 893 1628; baseline -0.001 -22"><span class='ocrx_word' id='word_1_125' title='bbox 150 1574 189 1606; x_wconf 81' lang='lat' dir='ltr'>et</span> <span class='ocrx_word' id='word_1_126' title='bbox 215 1571 400 1606; x_wconf 81' lang='lat' dir='ltr'>Graecum</span> <span class='ocrx_word' id='word_1_127' title='bbox 426 1572 541 1628; x_wconf 76' lang='lat' dir='ltr'>illud:</span> <span class='ocrx_word' id='word_1_128' title='bbox 571 1568 668 1619; x_wconf 87' lang='grc' dir='ltr'>Ὄνῳ</span> <span class='ocrx_word' id='word_1_129' title='bbox 703 1583 757 1614; x_wconf 85' lang='grc' dir='ltr'>τις</span> <span class='ocrx_word' id='word_1_130' title='bbox 787 1569 893 1617; x_wconf 78' lang='grc' dir='ltr'><em>ἔλεγε</em></span> 
     </span>
     <span class='ocr_line' id='line_1_27' title="bbox 148 1612 893 1662; baseline 0.003 -11"><span class='ocrx_word' id='word_1_131' title='bbox 148 1618 287 1662; x_wconf 80' lang='grc' dir='ltr'>μῦθον·</span> <span class='ocrx_word' id='word_1_132' title='bbox 327 1616 350 1652; x_wconf 88' lang='grc' dir='ltr'>ὁ</span> <span class='ocrx_word' id='word_1_133' title='bbox 387 1618 428 1652; x_wconf 80' lang='grc' dir='ltr'>δὲ</span> <span class='ocrx_word' id='word_1_134' title='bbox 473 1617 520 1653; x_wconf 82' lang='grc' dir='ltr'>τὰ</span> <span class='ocrx_word' id='word_1_135' title='bbox 557 1612 636 1653; x_wconf 73' lang='grc' dir='ltr'>ὦτα</span> <span class='ocrx_word' id='word_1_136' title='bbox 674 1619 802 1653; x_wconf 77' lang='grc' dir='ltr'><em>ἐκίνει·</em></span> <span class='ocrx_word' id='word_1_137' title='bbox 840 1621 893 1661; x_wconf 79' lang='grc' dir='ltr'>εἰς</span> 
     </span>
     <span class='ocr_line' id='line_1_28' title="bbox 148 1663 893 1715; baseline 0.001 -16"><span class='ocrx_word' id='word_1_138' title='bbox 148 1663 413 1711; x_wconf 81' lang='grc' dir='ltr'><em>αναισθησίαν</em></span> <span class='ocrx_word' id='word_1_139' title='bbox 462 1667 575 1701; x_wconf 81' lang='grc' dir='ltr'><em>τινῶν</em></span> <span class='ocrx_word' id='word_1_140' title='bbox 623 1664 648 1711; x_wconf 82' lang='grc' dir='ltr'><em>ἡ</em></span> <span class='ocrx_word' id='word_1_141' title='bbox 705 1668 893 1715; x_wconf 82' lang='grc' dir='ltr'><em>παοοιιιία</em></span> 
     </span>
     <span class='ocr_line' id='line_1_29' title="bbox 150 1712 736 1761; baseline 0.003 -14"><span class='ocrx_word' id='word_1_142' title='bbox 150 1712 299 1761; x_wconf 79' lang='grc' dir='ltr'><em>εἴρηται</em></span> <span class='ocrx_word' id='word_1_143' title='bbox 325 1714 402 1747; x_wconf 84' lang='grc' dir='ltr'>κτλ.</span> <span class='ocrx_word' id='word_1_144' title='bbox 454 1715 593 1749; x_wconf 91' lang='lat' dir='ltr'>Zenob.</span> <span class='ocrx_word' id='word_1_145' title='bbox 620 1716 652 1757; x_wconf 90' lang='lat'>5,</span> <span class='ocrx_word' id='word_1_146' title='bbox 679 1716 736 1748; x_wconf 90' lang='grc'>42.</span> 
     </span>
    </p>
   </div>
   <div class='ocr_carea' id='block_1_13' title="bbox 150 1784 890 1923">
    <p class='ocr_par' dir='ltr' id='par_1_13' title="bbox 150 1784 890 1923">
     <span class='ocr_line' id='line_1_30' title="bbox 198 1784 890 1827; baseline -0.001 -9"><span class='ocrx_word' id='word_1_147' title='bbox 198 1787 314 1818; x_wconf 85' lang='grc'>200-</span> <span class='ocrx_word' id='word_1_148' title='bbox 318 1786 397 1818; x_wconf 80' lang='lat'>207.</span> <span class='ocrx_word' id='word_1_149' title='bbox 427 1787 673 1827; x_wconf 81' lang='lat' dir='ltr'>pervincere·</span> <span class='ocrx_word' id='word_1_150' title='bbox 690 1784 890 1827; x_wconf 82' lang='lat' dir='ltr'>Evaluere]</span> 
     </span>
     <span class='ocr_line' id='line_1_31' title="bbox 152 1831 889 1877; baseline -0.003 -11"><span class='ocrx_word' id='word_1_151' title='bbox 152 1832 286 1874; x_wconf 83' lang='lat' dir='ltr'>„Quae</span> <span class='ocrx_word' id='word_1_152' title='bbox 337 1843 446 1866; x_wconf 83' lang='lat' dir='ltr'>voces</span> <span class='ocrx_word' id='word_1_153' title='bbox 497 1834 695 1877; x_wconf 82' lang='lat' dir='ltr'>tantopere</span> <span class='ocrx_word' id='word_1_154' title='bbox 744 1831 889 1865; x_wconf 81' lang='lat' dir='ltr'>validae</span> 
     </span>
     <span class='ocr_line' id='line_1_32' title="bbox 150 1879 890 1923; baseline -0.001 -10"><span class='ocrx_word' id='word_1_155' title='bbox 150 1889 233 1913; x_wconf 86' lang='lat' dir='ltr'>esse</span> <span class='ocrx_word' id='word_1_156' title='bbox 259 1882 429 1923; x_wconf 86' lang='lat' dir='ltr'>possunt,</span> <span class='ocrx_word' id='word_1_157' title='bbox 456 1881 499 1912; x_wconf 82' lang='lat' dir='ltr'>ut</span> <span class='ocrx_word' id='word_1_158' title='bbox 514 1879 739 1923; x_wconf 86' lang='lat' dir='ltr'>pervincant</span> <span class='ocrx_word' id='word_1_159' title='bbox 756 1889 890 1913; x_wconf 91' lang='lat' dir='ltr'>sonum</span> 
     </span>
    </p>
   </div>
   <div class='ocr_carea' id='block_1_14' title="bbox 146 1926 889 2063">
    <p class='ocr_par' dir='ltr' id='par_1_14' title="bbox 146 1926 889 2063">
     <span class='ocr_line' id='line_1_33' title="bbox 150 1926 889 1971; baseline -0.001 -11"><span class='ocrx_word' id='word_1_160' title='bbox 150 1927 246 1960; x_wconf 67' lang='lat' dir='ltr'>cet?</span> <span class='ocrx_word' id='word_1_161' title='bbox 261 1927 277 1944; x_wconf 70' lang='lat'>⁴⁶</span> <span class='ocrx_word' id='word_1_162' title='bbox 330 1926 391 1960; x_wconf 85' lang='lat' dir='ltr'>Sic</span> <span class='ocrx_word' id='word_1_163' title='bbox 428 1926 535 1971; x_wconf 84' lang='lat' dir='ltr'>Virg.</span> <span class='ocrx_word' id='word_1_164' title='bbox 572 1926 666 1960; x_wconf 88' lang='lat' dir='ltr'>Aen.</span> <span class='ocrx_word' id='word_1_165' title='bbox 709 1928 750 1968; x_wconf 80' lang='lat'>7,</span> <span class='ocrx_word' id='word_1_166' title='bbox 793 1927 860 1959; x_wconf 78' lang='lat'>756</span> <span class='ocrx_word' id='word_1_167' title='bbox 881 1936 889 1959; x_wconf 75' lang='grc' dir='ltr'><strong><em>ε</em></strong></span> 
     </span>
     <span class='ocr_line' id='line_1_34' title="bbox 149 1974 889 2007; baseline -0.001 0"><span class='ocrx_word' id='word_1_168' title='bbox 149 1982 224 2007; x_wconf 73' lang='lat' dir='ltr'>‘nort</span> <span class='ocrx_word' id='word_1_169' title='bbox 263 1975 480 2007; x_wconf 79' lang='lat' dir='ltr'>Dardaniae</span> <span class='ocrx_word' id='word_1_170' title='bbox 520 1982 557 2006; x_wconf 87' lang='lat' dir='ltr'>m</span> <span class='ocrx_word' id='word_1_171' title='bbox 570 1983 588 2007; x_wconf 86' lang='lat' dir='ltr'>e</span> <span class='ocrx_word' id='word_1_172' title='bbox 602 1975 626 2007; x_wconf 79' lang='lat' dir='ltr'><em>d</em></span> <span class='ocrx_word' id='word_1_173' title='bbox 638 1975 651 2006; x_wconf 88' lang='lat' dir='ltr'>i</span> <span class='ocrx_word' id='word_1_174' title='bbox 665 1982 683 2006; x_wconf 87' lang='lat' dir='ltr'>c</span> <span class='ocrx_word' id='word_1_175' title='bbox 697 1982 720 2006; x_wconf 92' lang='lat' dir='ltr'>a</span> <span class='ocrx_word' id='word_1_176' title='bbox 732 1974 779 2006; x_wconf 83' lang='lat' dir='ltr'>ri</span> <span class='ocrx_word' id='word_1_177' title='bbox 829 1982 889 2006; x_wconf 80' lang='lat' dir='ltr'>cu-</span> 
     </span>
     <span class='ocr_line' id='line_1_35' title="bbox 146 2020 888 2063; baseline 0 -9"><span class='ocrx_word' id='word_1_178' title='bbox 146 2022 260 2062; x_wconf 76' lang='lat' dir='ltr'>spidis</span> <span class='ocrx_word' id='word_1_179' title='bbox 285 2022 396 2054; x_wconf 76' lang='lat' dir='ltr'>icium</span> <span class='ocrx_word' id='word_1_180' title='bbox 421 2022 631 2054; x_wconf 79' lang='lat' dir='ltr'>Evaluit.</span> <span class='ocrx_word' id='word_1_181' title='bbox 655 2040 698 2044; x_wconf 97' lang='lat'>—</span> <span class='ocrx_word' id='word_1_182' title='bbox 725 2020 888 2063; x_wconf 77' lang='lat' dir='ltr'>theatra]</span> 
     </span>
    </p>
   </div>
   <div class='ocr_carea' id='block_1_15' title="bbox 147 2067 890 2775">
    <p class='ocr_par' dir='ltr' id='par_1_15' title="bbox 147 2067 890 2775">
     <span class='ocr_line' id='line_1_36' title="bbox 151 2067 888 2112; baseline 0 -10"><span class='ocrx_word' id='word_1_183' title='bbox 151 2079 202 2110; x_wconf 85' lang='lat' dir='ltr'>„s.</span> <span class='ocrx_word' id='word_1_184' title='bbox 238 2068 454 2112; x_wconf 86' lang='lat' dir='ltr'>spectacula</span> <span class='ocrx_word' id='word_1_185' title='bbox 486 2068 703 2102; x_wconf 87' lang='lat' dir='ltr'>hominibus</span> <span class='ocrx_word' id='word_1_186' title='bbox 737 2067 888 2112; x_wconf 90' lang='lat' dir='ltr'>inquie-</span> 
     </span>
     <span class='ocr_line' id='line_1_37' title="bbox 148 2115 889 2159; baseline 0 -10"><span class='ocrx_word' id='word_1_187' title='bbox 148 2116 196 2150; x_wconf 87' lang='lat' dir='ltr'>tis</span> <span class='ocrx_word' id='word_1_188' title='bbox 240 2118 277 2149; x_wconf 88' lang='lat' dir='ltr'>et</span> <span class='ocrx_word' id='word_1_189' title='bbox 317 2115 547 2149; x_wconf 86' lang='lat' dir='ltr'>turbulentis</span> <span class='ocrx_word' id='word_1_190' title='bbox 587 2116 720 2159; x_wconf 91' lang='lat' dir='ltr'>plena,</span> <span class='ocrx_word' id='word_1_191' title='bbox 761 2115 889 2158; x_wconf 84' lang='lat' dir='ltr'>verbo,</span> 
     </span>
     <span class='ocr_line' id='line_1_38' title="bbox 148 2162 887 2207; baseline 0 -11"><span class='ocrx_word' id='word_1_192' title='bbox 148 2162 222 2207; x_wconf 89' lang='lat' dir='ltr'>ipsi</span> <span class='ocrx_word' id='word_1_193' title='bbox 243 2166 475 2207; x_wconf 78' lang='lat' dir='ltr'>spectatores</span> <span class='ocrx_word' id='word_1_194' title='bbox 498 2164 667 2204; x_wconf 76' lang='lat' dir='ltr'>reserum</span> <span class='ocrx_word' id='word_1_195' title='bbox 692 2162 887 2206; x_wconf 82' lang='lat' dir='ltr'>(reddunt)</span> 
     </span>
     <span class='ocr_line' id='line_1_39' title="bbox 149 2210 888 2254; baseline -0.001 -10"><span class='ocrx_word' id='word_1_196' title='bbox 149 2220 284 2244; x_wconf 86' lang='lat' dir='ltr'>sonum</span> <span class='ocrx_word' id='word_1_197' title='bbox 301 2210 354 2244; x_wconf 85' lang='lat' dir='ltr'>ita</span> <span class='ocrx_word' id='word_1_198' title='bbox 376 2210 651 2252; x_wconf 89' lang='lat' dir='ltr'>turbulentum,</span> <span class='ocrx_word' id='word_1_199' title='bbox 678 2221 791 2254; x_wconf 90' lang='lat' dir='ltr'>quem</span> <span class='ocrx_word' id='word_1_200' title='bbox 807 2211 888 2243; x_wconf 80' lang='lat' dir='ltr'>vin-</span> 
     </span>
     <span class='ocr_line' id='line_1_40' title="bbox 149 2258 888 2301; baseline 0.001 -11"><span class='ocrx_word' id='word_1_201' title='bbox 149 2267 234 2291; x_wconf 89' lang='lat' dir='ltr'>cere</span> <span class='ocrx_word' id='word_1_202' title='bbox 274 2258 512 2292; x_wconf 89' lang='lat' dir='ltr'>scenicorum</span> <span class='ocrx_word' id='word_1_203' title='bbox 541 2268 651 2291; x_wconf 86' lang='lat' dir='ltr'>voces</span> <span class='ocrx_word' id='word_1_204' title='bbox 689 2268 767 2292; x_wconf 90' lang='lat' dir='ltr'>non</span> <span class='ocrx_word' id='word_1_205' title='bbox 802 2268 888 2301; x_wconf 88' lang='lat' dir='ltr'>pos-</span> 
     </span>
     <span class='ocr_line' id='line_1_41' title="bbox 149 2304 889 2348; baseline 0 -11"><span class='ocrx_word' id='word_1_206' title='bbox 149 2305 272 2338; x_wconf 83' lang='lat' dir='ltr'>sunt.“</span> <span class='ocrx_word' id='word_1_207' title='bbox 313 2304 430 2338; x_wconf 67' lang='lat' dir='ltr'>Gnsu.</span> <span class='ocrx_word' id='word_1_208' title='bbox 458 2324 501 2329; x_wconf 89' lang='lat'>—</span> <span class='ocrx_word' id='word_1_209' title='bbox 530 2304 759 2348; x_wconf 74' lang='lat' dir='ltr'>Garqanum]</span> <span class='ocrx_word' id='word_1_210' title='bbox 785 2315 889 2339; x_wconf 91' lang='lat' dir='ltr'>mon-</span> 
     </span>
     <span class='ocr_line' id='line_1_42' title="bbox 149 2351 888 2396; baseline 0.001 -12"><span class='ocrx_word' id='word_1_211' title='bbox 149 2353 223 2384; x_wconf 89' lang='lat' dir='ltr'>tem</span> <span class='ocrx_word' id='word_1_212' title='bbox 248 2351 408 2396; x_wconf 87' lang='lat' dir='ltr'>Apuliae</span> <span class='ocrx_word' id='word_1_213' title='bbox 435 2353 628 2386; x_wconf 85' lang='lat' dir='ltr'>silvosum.</span> <span class='ocrx_word' id='word_1_214' title='bbox 659 2351 734 2385; x_wconf 82' lang='lat' dir='ltr'>cfr.</span> <span class='ocrx_word' id='word_1_215' title='bbox 761 2351 828 2385; x_wconf 85' lang='lat' dir='ltr'>od.</span> <span class='ocrx_word' id='word_1_216' title='bbox 855 2353 888 2394; x_wconf 86' lang='lat'>2,</span> 
     </span>
     <span class='ocr_line' id='line_1_43' title="bbox 149 2400 890 2441; baseline 0 -9"><span class='ocrx_word' id='word_1_217' title='bbox 149 2401 183 2440; x_wconf 88' lang='lat'>9,</span> <span class='ocrx_word' id='word_1_218' title='bbox 202 2401 240 2432; x_wconf 88' lang='lat'>6:</span> <span class='ocrx_word' id='word_1_219' title='bbox 264 2400 506 2439; x_wconf 76' lang='lat' dir='ltr'>Aquilonibus</span> <span class='ocrx_word' id='word_1_220' title='bbox 526 2401 704 2441; x_wconf 81' lang='lat' dir='ltr'>Querceta</span> <span class='ocrx_word' id='word_1_221' title='bbox 722 2400 890 2441; x_wconf 75' lang='lat' dir='ltr'>Garqam’</span> 
     </span>
     <span class='ocr_line' id='line_1_44' title="bbox 150 2447 889 2491; baseline 0.003 -13"><span class='ocrx_word' id='word_1_222' title='bbox 150 2447 333 2479; x_wconf 80' lang='lat' dir='ltr'>laborant.</span> <span class='ocrx_word' id='word_1_223' title='bbox 361 2465 403 2470; x_wconf 83' lang='lat'><strong>—</strong></span> <span class='ocrx_word' id='word_1_224' title='bbox 433 2448 524 2489; x_wconf 82' lang='lat' dir='ltr'>ludi]</span> <span class='ocrx_word' id='word_1_225' title='bbox 555 2457 733 2491; x_wconf 85' lang='lat' dir='ltr'>„pompae</span> <span class='ocrx_word' id='word_1_226' title='bbox 760 2450 797 2480; x_wconf 87' lang='lat' dir='ltr'>et</span> <span class='ocrx_word' id='word_1_227' title='bbox 820 2457 889 2491; x_wconf 88' lang='lat' dir='ltr'>pu-</span> 
     </span>
     <span class='ocr_line' id='line_1_45' title="bbox 147 2492 888 2537; baseline 0.001 -11"><span class='ocrx_word' id='word_1_228' title='bbox 147 2503 244 2537; x_wconf 84' lang='lat' dir='ltr'>gnae</span> <span class='ocrx_word' id='word_1_229' title='bbox 271 2492 440 2527; x_wconf 83' lang='lat' dir='ltr'>ludicrae</span> <span class='ocrx_word' id='word_1_230' title='bbox 466 2504 510 2527; x_wconf 89' lang='lat' dir='ltr'>ac</span> <span class='ocrx_word' id='word_1_231' title='bbox 536 2494 735 2528; x_wconf 85' lang='lat' dir='ltr'>simulatae</span> <span class='ocrx_word' id='word_1_232' title='bbox 769 2494 809 2527; x_wconf 95' lang='lat' dir='ltr'>in</span> <span class='ocrx_word' id='word_1_233' title='bbox 834 2494 888 2528; x_wconf 87' lang='lat' dir='ltr'>fa-</span> 
     </span>
     <span class='ocr_line' id='line_1_46' title="bbox 148 2540 888 2585; baseline 0.003 -12"><span class='ocrx_word' id='word_1_234' title='bbox 148 2540 258 2574; x_wconf 86' lang='lat' dir='ltr'>bulas</span> <span class='ocrx_word' id='word_1_235' title='bbox 283 2540 494 2574; x_wconf 77' lang='lat' dir='ltr'>intrusae.“</span> <span class='ocrx_word' id='word_1_236' title='bbox 524 2560 566 2564; x_wconf 98' lang='lat'><strong>—</strong></span> <span class='ocrx_word' id='word_1_237' title='bbox 595 2541 707 2583; x_wconf 77' lang='lat' dir='ltr'>artes]</span> <span class='ocrx_word' id='word_1_238' title='bbox 744 2551 888 2585; x_wconf 85' lang='lat' dir='ltr'>„opera</span> 
     </span>
     <span class='ocr_line' id='line_1_47' title="bbox 148 2588 888 2630; baseline 0.003 -10"><span class='ocrx_word' id='word_1_239' title='bbox 148 2588 258 2630; x_wconf 86' lang='lat' dir='ltr'>artis,</span> <span class='ocrx_word' id='word_1_240' title='bbox 292 2590 456 2630; x_wconf 85' lang='lat' dir='ltr'>statuae,</span> <span class='ocrx_word' id='word_1_241' title='bbox 488 2599 576 2622; x_wconf 85' lang='lat' dir='ltr'>vasa</span> <span class='ocrx_word' id='word_1_242' title='bbox 603 2589 763 2629; x_wconf 86' lang='lat' dir='ltr'>caelata,</span> <span class='ocrx_word' id='word_1_243' title='bbox 798 2589 888 2622; x_wconf 90' lang='lat' dir='ltr'>item</span> 
     </span>
     <span class='ocr_line' id='line_1_48' title="bbox 149 2634 887 2680; baseline 0 -12"><span class='ocrx_word' id='word_1_244' title='bbox 149 2634 393 2677; x_wconf 85' lang='lat' dir='ltr'>Corinthia,“</span> <span class='ocrx_word' id='word_1_245' title='bbox 430 2638 472 2668; x_wconf 86' lang='lat' dir='ltr'>ut</span> <span class='ocrx_word' id='word_1_246' title='bbox 497 2634 565 2668; x_wconf 90' lang='lat' dir='ltr'>Od.</span> <span class='ocrx_word' id='word_1_247' title='bbox 591 2638 624 2675; x_wconf 87' lang='lat'>4,</span> <span class='ocrx_word' id='word_1_248' title='bbox 651 2637 684 2678; x_wconf 88' lang='grc'>8,</span> <span class='ocrx_word' id='word_1_249' title='bbox 711 2637 743 2669; x_wconf 89' lang='grc'>5.</span> <span class='ocrx_word' id='word_1_250' title='bbox 792 2635 887 2680; x_wconf 82' lang='lat' dir='ltr'>Epp.</span> 
     </span>
     <span class='ocr_line' id='line_1_49' title="bbox 151 2682 888 2726; baseline 0.001 -11"><span class='ocrx_word' id='word_1_251' title='bbox 151 2685 190 2724; x_wconf 89' lang='lat'>1,</span> <span class='ocrx_word' id='word_1_252' title='bbox 218 2685 258 2723; x_wconf 88' lang='grc'>6,</span> <span class='ocrx_word' id='word_1_253' title='bbox 288 2684 342 2716; x_wconf 84' lang='grc'>17.</span> <span class='ocrx_word' id='word_1_254' title='bbox 369 2702 413 2707; x_wconf 85' lang='lat'>-—</span> <span class='ocrx_word' id='word_1_255' title='bbox 438 2682 613 2726; x_wconf 74' lang='lat' dir='ltr'>Divitiae]</span> <span class='ocrx_word' id='word_1_256' title='bbox 642 2683 888 2726; x_wconf 81' lang='lat' dir='ltr'>„vestimenta</span> 
     </span>
     <span class='ocr_line' id='line_1_50' title="bbox 148 2729 887 2775; baseline 0.003 -13"><span class='ocrx_word' id='word_1_257' title='bbox 148 2729 367 2773; x_wconf 88' lang='lat' dir='ltr'>splendida,</span> <span class='ocrx_word' id='word_1_258' title='bbox 392 2741 484 2764; x_wconf 90' lang='lat' dir='ltr'>auro</span> <span class='ocrx_word' id='word_1_259' title='bbox 510 2730 629 2774; x_wconf 90' lang='lat' dir='ltr'>picta,</span> <span class='ocrx_word' id='word_1_260' title='bbox 655 2730 702 2764; x_wconf 88' lang='lat' dir='ltr'>ab</span> <span class='ocrx_word' id='word_1_261' title='bbox 729 2730 887 2775; x_wconf 89' lang='lat' dir='ltr'>antiqua</span> 
     </span>
    </p>
   </div>
   <div class='ocr_carea' id='block_1_16' title="bbox 941 1193 1711 1760">
    <p class='ocr_par' dir='ltr' id='par_1_16' title="bbox 941 1193 1711 1760">
     <span class='ocr_line' id='line_1_51' title="bbox 941 1193 1674 1238; baseline 0.003 -11"><span class='ocrx_word' id='word_1_262' title='bbox 941 1193 1181 1238; x_wconf 86' lang='lat' dir='ltr'>simplicitate</span> <span class='ocrx_word' id='word_1_263' title='bbox 1222 1194 1392 1230; x_wconf 83' lang='lat' dir='ltr'>Romana</span> <span class='ocrx_word' id='word_1_264' title='bbox 1431 1194 1596 1229; x_wconf 87' lang='lat' dir='ltr'>aliena.“</span> <span class='ocrx_word' id='word_1_265' title='bbox 1630 1213 1674 1219; x_wconf 88' lang='lat'>-—</span> 
     </span>
     <span class='ocr_line' id='line_1_52' title="bbox 941 1241 1676 1287; baseline 0.004 -14"><span class='ocrx_word' id='word_1_266' title='bbox 941 1241 1087 1284; x_wconf 75' lang='lat' dir='ltr'>oblitus]</span> <span class='ocrx_word' id='word_1_267' title='bbox 1115 1244 1339 1286; x_wconf 84' lang='lat' dir='ltr'>„coopertus</span> <span class='ocrx_word' id='word_1_268' title='bbox 1363 1252 1407 1276; x_wconf 87' lang='lat' dir='ltr'>ac</span> <span class='ocrx_word' id='word_1_269' title='bbox 1428 1253 1546 1287; x_wconf 85' lang='lat' dir='ltr'>prope</span> <span class='ocrx_word' id='word_1_270' title='bbox 1564 1242 1676 1276; x_wconf 85' lang='lat' dir='ltr'>nimis</span> 
     </span>
     <span class='ocr_line' id='line_1_53' title="bbox 942 1289 1678 1331; baseline 0.001 -10"><span class='ocrx_word' id='word_1_271' title='bbox 942 1289 1148 1331; x_wconf 84' lang='lat' dir='ltr'>ornatus,“</span> <span class='ocrx_word' id='word_1_272' title='bbox 1187 1290 1494 1323; x_wconf 73' lang='lat' dir='ltr'>aberladen.</span> <span class='ocrx_word' id='word_1_273' title='bbox 1519 1308 1564 1313; x_wconf 92' lang='lat'>--</span> <span class='ocrx_word' id='word_1_274' title='bbox 1595 1297 1678 1322; x_wconf 77' lang='lat' dir='ltr'>con-</span> 
     </span>
     <span class='ocr_line' id='line_1_54' title="bbox 943 1335 1711 1380; baseline 0.003 -12"><span class='ocrx_word' id='word_1_275' title='bbox 943 1337 1058 1369; x_wconf 75' lang='lat' dir='ltr'>currit</span> <span class='ocrx_word' id='word_1_276' title='bbox 1091 1337 1245 1370; x_wconf 75' lang='lat' dir='ltr'>deaetera</span> <span class='ocrx_word' id='word_1_277' title='bbox 1279 1335 1424 1380; x_wconf 84' lang='lat' dir='ltr'>laevae]</span> <span class='ocrx_word' id='word_1_278' title='bbox 1467 1337 1677 1380; x_wconf 83' lang='lat' dir='ltr'>„maximus</span> <span class='ocrx_word' id='word_1_279' title='bbox 1707 1348 1711 1350; x_wconf 91' lang='grc'><strong><em>·</em></strong></span> 
     </span>
     <span class='ocr_line' id='line_1_55' title="bbox 941 1383 1678 1429; baseline 0.003 -13"><span class='ocrx_word' id='word_1_280' title='bbox 941 1383 1098 1426; x_wconf 86' lang='lat' dir='ltr'>plausus</span> <span class='ocrx_word' id='word_1_281' title='bbox 1137 1383 1322 1428; x_wconf 86' lang='lat' dir='ltr'>extemplo</span> <span class='ocrx_word' id='word_1_282' title='bbox 1360 1383 1481 1418; x_wconf 86' lang='lat' dir='ltr'>oritur</span> <span class='ocrx_word' id='word_1_283' title='bbox 1522 1386 1678 1429; x_wconf 81' lang='lat' dir='ltr'>propter</span> 
     </span>
     <span class='ocr_line' id='line_1_56' title="bbox 941 1430 1677 1476; baseline 0.003 -12"><span class='ocrx_word' id='word_1_284' title='bbox 941 1431 1148 1474; x_wconf 83' lang='lat' dir='ltr'>pretiosum</span> <span class='ocrx_word' id='word_1_285' title='bbox 1166 1433 1204 1465; x_wconf 87' lang='lat' dir='ltr'>et</span> <span class='ocrx_word' id='word_1_286' title='bbox 1228 1430 1416 1476; x_wconf 86' lang='lat' dir='ltr'>splendidi</span> <span class='ocrx_word' id='word_1_287' title='bbox 1433 1431 1571 1465; x_wconf 86' lang='lat' dir='ltr'>coloris</span> <span class='ocrx_word' id='word_1_288' title='bbox 1597 1441 1677 1476; x_wconf 78' lang='lat' dir='ltr'>syr-</span> 
     </span>
     <span class='ocr_line' id='line_1_57' title="bbox 942 1478 1677 1524; baseline 0.001 -13"><span class='ocrx_word' id='word_1_289' title='bbox 942 1478 1035 1511; x_wconf 84' lang='lat' dir='ltr'>ma.“</span> <span class='ocrx_word' id='word_1_290' title='bbox 1072 1498 1115 1502; x_wconf 81' lang='lat'>—</span> <span class='ocrx_word' id='word_1_291' title='bbox 1149 1478 1282 1522; x_wconf 81' lang='lat' dir='ltr'>adhuc]</span> <span class='ocrx_word' id='word_1_292' title='bbox 1325 1489 1476 1524; x_wconf 84' lang='lat' dir='ltr'>„usque</span> <span class='ocrx_word' id='word_1_293' title='bbox 1518 1478 1566 1513; x_wconf 85' lang='lat' dir='ltr'>ad</span> <span class='ocrx_word' id='word_1_294' title='bbox 1605 1479 1677 1513; x_wconf 89' lang='lat' dir='ltr'>hoc</span> 
     </span>
     <span class='ocr_line' id='line_1_58' title="bbox 941 1525 1677 1570; baseline 0.001 -12"><span class='ocrx_word' id='word_1_295' title='bbox 941 1525 1120 1570; x_wconf 79' lang='lat' dir='ltr'>temporis</span> <span class='ocrx_word' id='word_1_296' title='bbox 1145 1526 1362 1570; x_wconf 82' lang='lat' dir='ltr'>punctum.“</span> <span class='ocrx_word' id='word_1_297' title='bbox 1389 1545 1432 1550; x_wconf 92' lang='lat'>—</span> <span class='ocrx_word' id='word_1_298' title='bbox 1455 1526 1572 1560; x_wconf 70' lang='lat' dir='ltr'>violas</span> <span class='ocrx_word' id='word_1_299' title='bbox 1596 1527 1677 1559; x_wconf 81' lang='lat' dir='ltr'>imi-</span> 
     </span>
     <span class='ocr_line' id='line_1_59' title="bbox 941 1572 1675 1616; baseline 0.001 -10"><span class='ocrx_word' id='word_1_300' title='bbox 941 1572 1034 1616; x_wconf 77' lang='lat' dir='ltr'>tata]</span> <span class='ocrx_word' id='word_1_301' title='bbox 1075 1573 1295 1616; x_wconf 78' lang='lat' dir='ltr'>„ianthina,</span> <span class='ocrx_word' id='word_1_302' title='bbox 1329 1573 1497 1608; x_wconf 81' lang='lat' dir='ltr'>violacea</span> <span class='ocrx_word' id='word_1_303' title='bbox 1527 1573 1675 1608; x_wconf 83' lang='lat' dir='ltr'>vestis.“</span> 
     </span>
     <span class='ocr_line' id='line_1_60' title="bbox 941 1616 1677 1667; baseline 0.004 -15"><span class='ocrx_word' id='word_1_304' title='bbox 941 1620 1320 1664; x_wconf 77' lang='lat' dir='ltr'>Tarentino-veneno]</span> <span class='ocrx_word' id='word_1_305' title='bbox 1348 1616 1575 1667; x_wconf 53' lang='lat' dir='ltr'>„maauaiqu</span> <span class='ocrx_word' id='word_1_306' title='bbox 1599 1630 1677 1655; x_wconf 87' lang='lat' dir='ltr'>me-</span> 
     </span>
     <span class='ocr_line' id='line_1_61' title="bbox 941 1667 1675 1711; baseline 0 -11"><span class='ocrx_word' id='word_1_307' title='bbox 941 1667 1172 1711; x_wconf 86' lang='lat' dir='ltr'>dicamento,</span> <span class='ocrx_word' id='word_1_308' title='bbox 1210 1667 1248 1701; x_wconf 86' lang='lat' dir='ltr'>id</span> <span class='ocrx_word' id='word_1_309' title='bbox 1282 1670 1340 1702; x_wconf 87' lang='lat' dir='ltr'>est</span> <span class='ocrx_word' id='word_1_310' title='bbox 1371 1668 1408 1702; x_wconf 88' lang='lat' dir='ltr'>h.</span> <span class='ocrx_word' id='word_1_311' title='bbox 1440 1667 1484 1711; x_wconf 93' lang='grc'>1.,</span> <span class='ocrx_word' id='word_1_312' title='bbox 1521 1667 1675 1701; x_wconf 86' lang='lat' dir='ltr'>muricis</span> 
     </span>
     <span class='ocr_line' id='line_1_62' title="bbox 941 1713 1676 1760; baseline 0 -12"><span class='ocrx_word' id='word_1_313' title='bbox 941 1725 1051 1758; x_wconf 88' lang='lat' dir='ltr'>suco,</span> <span class='ocrx_word' id='word_1_314' title='bbox 1088 1716 1306 1759; x_wconf 85' lang='lat' dir='ltr'>purpura,“</span> <span class='ocrx_word' id='word_1_315' title='bbox 1346 1717 1388 1748; x_wconf 89' lang='lat' dir='ltr'>ut</span> <span class='ocrx_word' id='word_1_316' title='bbox 1412 1714 1517 1760; x_wconf 88' lang='lat' dir='ltr'>Virg.</span> <span class='ocrx_word' id='word_1_317' title='bbox 1542 1713 1608 1748; x_wconf 79' lang='lat' dir='ltr'>Ge.</span> <span class='ocrx_word' id='word_1_318' title='bbox 1643 1715 1676 1758; x_wconf 87' lang='lat'>2,</span> 
     </span>
    </p>
   </div>
   <div class='ocr_carea' id='block_1_17' title="bbox 941 1762 1746 1802">
    <p class='ocr_par' dir='ltr' id='par_1_17' title="bbox 941 1762 1746 1802">
     <span class='ocr_line' id='line_1_63' title="bbox 941 1762 1746 1802; baseline 0 -8"><span class='ocrx_word' id='word_1_319' title='bbox 941 1763 1029 1795; x_wconf 80' lang='lat'>465:</span> <span class='ocrx_word' id='word_1_320' title='bbox 1065 1763 1161 1795; x_wconf 82' lang='lat' dir='ltr'>Alba</span> <span class='ocrx_word' id='word_1_321' title='bbox 1197 1770 1314 1802; x_wconf 76' lang='lat' dir='ltr'>neque</span> <span class='ocrx_word' id='word_1_322' title='bbox 1346 1762 1494 1802; x_wconf 73' lang='lat' dir='ltr'>Assyrio</span> <span class='ocrx_word' id='word_1_323' title='bbox 1525 1762 1677 1802; x_wconf 78' lang='lat' dir='ltr'>fucatur</span> <span class='ocrx_word' id='word_1_324' title='bbox 1737 1781 1746 1785; x_wconf 71' lang='grc'><strong>-</strong></span> 
     </span>
    </p>
   </div>
   <div class='ocr_carea' id='block_1_18' title="bbox 937 1807 1678 2172">
    <p class='ocr_par' dir='ltr' id='par_1_18' title="bbox 937 1807 1678 2172">
     <span class='ocr_line' id='line_1_64' title="bbox 942 1807 1675 1851; baseline 0.001 -10"><span class='ocrx_word' id='word_1_325' title='bbox 942 1809 1029 1841; x_wconf 82' lang='lat' dir='ltr'>lana</span> <span class='ocrx_word' id='word_1_326' title='bbox 1053 1817 1202 1842; x_wconf 76' lang='lat' dir='ltr'>veneno.</span> <span class='ocrx_word' id='word_1_327' title='bbox 1241 1807 1310 1842; x_wconf 87' lang='lat' dir='ltr'>Od.</span> <span class='ocrx_word' id='word_1_328' title='bbox 1337 1809 1369 1851; x_wconf 89' lang='lat'>3,</span> <span class='ocrx_word' id='word_1_329' title='bbox 1396 1809 1429 1850; x_wconf 91' lang='lat'>5,</span> <span class='ocrx_word' id='word_1_330' title='bbox 1457 1809 1521 1842; x_wconf 84' lang='lat'>28:</span> <span class='ocrx_word' id='word_1_331' title='bbox 1554 1809 1675 1843; x_wconf 78' lang='lat' dir='ltr'>Lana-</span> 
     </span>
     <span class='ocr_line' id='line_1_65' title="bbox 940 1854 1675 1899; baseline 0.003 -11"><span class='ocrx_word' id='word_1_332' title='bbox 940 1857 1120 1889; x_wconf 79' lang='lat' dir='ltr'>medicata</span> <span class='ocrx_word' id='word_1_333' title='bbox 1149 1857 1245 1897; x_wconf 81' lang='lat' dir='ltr'>suco.</span> <span class='ocrx_word' id='word_1_334' title='bbox 1294 1855 1393 1888; x_wconf 87' lang='lat' dir='ltr'>Plin.</span> <span class='ocrx_word' id='word_1_335' title='bbox 1418 1854 1466 1888; x_wconf 86' lang='lat' dir='ltr'>H.</span> <span class='ocrx_word' id='word_1_336' title='bbox 1489 1854 1533 1889; x_wconf 78' lang='lat' dir='ltr'>N.</span> <span class='ocrx_word' id='word_1_337' title='bbox 1559 1858 1592 1898; x_wconf 88' lang='grc'>9,</span> <span class='ocrx_word' id='word_1_338' title='bbox 1619 1857 1675 1899; x_wconf 81' lang='lat'>39,</span> 
     </span>
     <span class='ocr_line' id='line_1_66' title="bbox 940 1903 1674 1946; baseline 0.001 -11"><span class='ocrx_word' id='word_1_339' title='bbox 940 1904 1004 1935; x_wconf 87' lang='lat'>63:</span> <span class='ocrx_word' id='word_1_340' title='bbox 1041 1903 1160 1944; x_wconf 83' lang='lat' dir='ltr'>Nepos</span> <span class='ocrx_word' id='word_1_341' title='bbox 1193 1903 1398 1944; x_wconf 73' lang='lat' dir='ltr'>cornelius,</span> <span class='ocrx_word' id='word_1_342' title='bbox 1431 1903 1511 1946; x_wconf 80' lang='lat' dir='ltr'>Me,</span> <span class='ocrx_word' id='word_1_343' title='bbox 1543 1904 1674 1945; x_wconf 73' lang='lat' dir='ltr'>inquit,</span> 
     </span>
     <span class='ocr_line' id='line_1_67' title="bbox 938 1950 1674 1993; baseline 0.003 -11"><span class='ocrx_word' id='word_1_344' title='bbox 938 1950 1068 1983; x_wconf 73' lang='lat' dir='ltr'>iuvene</span> <span class='ocrx_word' id='word_1_345' title='bbox 1093 1950 1303 1983; x_wconf 84' lang='lat' dir='ltr'>violacea</span> <span class='ocrx_word' id='word_1_346' title='bbox 1323 1958 1498 1992; x_wconf 79' lang='lat' dir='ltr'>purpura</span> <span class='ocrx_word' id='word_1_347' title='bbox 1521 1950 1674 1993; x_wconf 62' lang='lat' dir='ltr'>vivebat,</span> 
     </span>
     <span class='ocr_line' id='line_1_68' title="bbox 939 1998 1676 2031; baseline 0 -1"><span class='ocrx_word' id='word_1_348' title='bbox 939 1998 1041 2030; x_wconf 76' lang='lat' dir='ltr'>cuius</span> <span class='ocrx_word' id='word_1_349' title='bbox 1078 1998 1173 2030; x_wconf 79' lang='lat' dir='ltr'>libra</span> <span class='ocrx_word' id='word_1_350' title='bbox 1206 1998 1369 2031; x_wconf 78' lang='lat' dir='ltr'>denariis</span> <span class='ocrx_word' id='word_1_351' title='bbox 1403 2000 1546 2031; x_wconf 69' lang='lat' dir='ltr'>centum</span> <span class='ocrx_word' id='word_1_352' title='bbox 1577 1998 1676 2031; x_wconf 75' lang='lat' dir='ltr'>veni-</span> 
     </span>
     <span class='ocr_line' id='line_1_69' title="bbox 939 2045 1678 2087; baseline 0.001 -10"><span class='ocrx_word' id='word_1_353' title='bbox 939 2045 1019 2087; x_wconf 79' lang='lat' dir='ltr'>bat,</span> <span class='ocrx_word' id='word_1_354' title='bbox 1053 2052 1118 2078; x_wconf 79' lang='lat' dir='ltr'>nec</span> <span class='ocrx_word' id='word_1_355' title='bbox 1147 2045 1263 2078; x_wconf 78' lang='lat' dir='ltr'>multo</span> <span class='ocrx_word' id='word_1_356' title='bbox 1291 2046 1374 2086; x_wconf 75' lang='lat' dir='ltr'>post</span> <span class='ocrx_word' id='word_1_357' title='bbox 1398 2045 1516 2078; x_wconf 80' lang='lat' dir='ltr'>rubra</span> <span class='ocrx_word' id='word_1_358' title='bbox 1541 2045 1678 2078; x_wconf 80' lang='lat' dir='ltr'>Taren-</span> 
     </span>
     <span class='ocr_line' id='line_1_70' title="bbox 938 2092 1675 2134; baseline 0.003 -10"><span class='ocrx_word' id='word_1_359' title='bbox 938 2092 1027 2125; x_wconf 83' lang='lat' dir='ltr'>tina.</span> <span class='ocrx_word' id='word_1_360' title='bbox 1077 2092 1176 2125; x_wconf 82' lang='lat' dir='ltr'>Huic</span> <span class='ocrx_word' id='word_1_361' title='bbox 1216 2093 1386 2125; x_wconf 78' lang='lat' dir='ltr'>successa</span> <span class='ocrx_word' id='word_1_362' title='bbox 1419 2092 1578 2134; x_wconf 76' lang='lat' dir='ltr'>dibapha</span> <span class='ocrx_word' id='word_1_363' title='bbox 1609 2093 1675 2134; x_wconf 73' lang='lat' dir='ltr'>Tv-</span> 
     </span>
     <span class='ocr_line' id='line_1_71' title="bbox 937 2147 1008 2172; baseline 0.014 -1"><span class='ocrx_word' id='word_1_364' title='bbox 937 2147 1008 2172; x_wconf 78' lang='lat' dir='ltr'>ria.</span> 
     </span>
    </p>
   </div>
   <div class='ocr_carea' id='block_1_19' title="bbox 936 2208 1677 2774">
    <p class='ocr_par' dir='ltr' id='par_1_19' title="bbox 936 2208 1677 2774">
     <span class='ocr_line' id='line_1_72' title="bbox 987 2208 1675 2254; baseline -0.001 -11"><span class='ocrx_word' id='word_1_365' title='bbox 987 2211 1084 2243; x_wconf 86' lang='lat'>208-</span> <span class='ocrx_word' id='word_1_366' title='bbox 1100 2211 1180 2243; x_wconf 85' lang='lat'>213.</span> <span class='ocrx_word' id='word_1_367' title='bbox 1205 2210 1258 2243; x_wconf 77' lang='lat' dir='ltr'>Ac</span> <span class='ocrx_word' id='word_1_368' title='bbox 1282 2218 1327 2243; x_wconf 75' lang='lat' dir='ltr'>ne</span> <span class='ocrx_word' id='word_1_369' title='bbox 1352 2211 1447 2251; x_wconf 75' lang='lat' dir='ltr'>sorte</span> <span class='ocrx_word' id='word_1_370' title='bbox 1472 2208 1558 2252; x_wconf 86' lang='lat' dir='ltr'>cet.]</span> <span class='ocrx_word' id='word_1_371' title='bbox 1581 2208 1675 2254; x_wconf 85' lang='lat' dir='ltr'>Epp.</span> 
     </span>
     <span class='ocr_line' id='line_1_73' title="bbox 941 2258 1676 2300; baseline 0 -9"><span class='ocrx_word' id='word_1_372' title='bbox 941 2259 979 2299; x_wconf 87' lang='lat'>1,</span> <span class='ocrx_word' id='word_1_373' title='bbox 1008 2259 1047 2300; x_wconf 91' lang='lat'>1,</span> <span class='ocrx_word' id='word_1_374' title='bbox 1075 2259 1141 2290; x_wconf 89' lang='lat'>13:</span> <span class='ocrx_word' id='word_1_375' title='bbox 1179 2258 1232 2290; x_wconf 77' lang='lat' dir='ltr'>Ae</span> <span class='ocrx_word' id='word_1_376' title='bbox 1263 2265 1308 2290; x_wconf 70' lang='lat' dir='ltr'>‘ne</span> <span class='ocrx_word' id='word_1_377' title='bbox 1343 2258 1437 2298; x_wconf 82' lang='lat' dir='ltr'>sorte</span> <span class='ocrx_word' id='word_1_378' title='bbox 1469 2265 1574 2299; x_wconf 73' lang='lat' dir='ltr'>roae-5</span> <span class='ocrx_word' id='word_1_379' title='bbox 1606 2259 1676 2291; x_wconf 86' lang='lat' dir='ltr'>oet.</span> 
     </span>
     <span class='ocr_line' id='line_1_74' title="bbox 940 2303 1677 2347; baseline -0.001 -9"><span class='ocrx_word' id='word_1_380' title='bbox 940 2304 1023 2347; x_wconf 84' lang='lat' dir='ltr'>„Ne</span> <span class='ocrx_word' id='word_1_381' title='bbox 1057 2307 1181 2338; x_wconf 87' lang='lat' dir='ltr'>tamen</span> <span class='ocrx_word' id='word_1_382' title='bbox 1206 2303 1378 2338; x_wconf 79' lang='lat' dir='ltr'>videatur</span> <span class='ocrx_word' id='word_1_383' title='bbox 1411 2306 1530 2338; x_wconf 86' lang='lat' dir='ltr'>artem</span> <span class='ocrx_word' id='word_1_384' title='bbox 1555 2304 1677 2338; x_wconf 87' lang='lat' dir='ltr'>sceni-</span> 
     </span>
     <span class='ocr_line' id='line_1_75' title="bbox 939 2350 1675 2395; baseline 0 -10"><span class='ocrx_word' id='word_1_385' title='bbox 939 2362 1019 2385; x_wconf 87' lang='lat' dir='ltr'>cam</span> <span class='ocrx_word' id='word_1_386' title='bbox 1051 2351 1158 2395; x_wconf 85' lang='lat' dir='ltr'>parvi</span> <span class='ocrx_word' id='word_1_387' title='bbox 1191 2352 1388 2386; x_wconf 90' lang='lat' dir='ltr'>aestimare</span> <span class='ocrx_word' id='word_1_388' title='bbox 1420 2352 1480 2385; x_wconf 85' lang='lat' dir='ltr'>vel</span> <span class='ocrx_word' id='word_1_389' title='bbox 1513 2360 1595 2385; x_wconf 88' lang='lat' dir='ltr'>eam</span> <span class='ocrx_word' id='word_1_390' title='bbox 1628 2350 1675 2385; x_wconf 89' lang='lat' dir='ltr'>ob</span> 
     </span>
     <span class='ocr_line' id='line_1_76' title="bbox 939 2398 1676 2443; baseline -0.001 -10"><span class='ocrx_word' id='word_1_391' title='bbox 939 2409 1090 2433; x_wconf 85' lang='lat' dir='ltr'>causam</span> <span class='ocrx_word' id='word_1_392' title='bbox 1138 2401 1268 2443; x_wconf 70' lang='lat' dir='ltr'>poetas</span> <span class='ocrx_word' id='word_1_393' title='bbox 1316 2398 1507 2433; x_wconf 86' lang='lat' dir='ltr'>Romanos</span> <span class='ocrx_word' id='word_1_394' title='bbox 1563 2408 1676 2443; x_wconf 85' lang='lat' dir='ltr'>parce</span> 
     </span>
     <span class='ocr_line' id='line_1_77' title="bbox 938 2444 1675 2490; baseline -0.001 -11"><span class='ocrx_word' id='word_1_395' title='bbox 938 2446 1093 2481; x_wconf 89' lang='lat' dir='ltr'>laudare</span> <span class='ocrx_word' id='word_1_396' title='bbox 1126 2446 1295 2490; x_wconf 79' lang='lat' dir='ltr'>vitiaque</span> <span class='ocrx_word' id='word_1_397' title='bbox 1334 2446 1502 2480; x_wconf 84' lang='lat' dir='ltr'>indicare</span> <span class='ocrx_word' id='word_1_398' title='bbox 1535 2448 1573 2480; x_wconf 81' lang='lat' dir='ltr'>et</span> <span class='ocrx_word' id='word_1_399' title='bbox 1604 2444 1675 2478; x_wconf 83' lang='lat' dir='ltr'>dif-</span> 
     </span>
     <span class='ocr_line' id='line_1_78' title="bbox 937 2492 1676 2537; baseline -0.003 -10"><span class='ocrx_word' id='word_1_400' title='bbox 937 2493 1123 2527; x_wconf 84' lang='lat' dir='ltr'>ficultates</span> <span class='ocrx_word' id='word_1_401' title='bbox 1165 2504 1363 2536; x_wconf 85' lang='lat' dir='ltr'>enarrare,</span> <span class='ocrx_word' id='word_1_402' title='bbox 1412 2492 1551 2537; x_wconf 86' lang='lat' dir='ltr'>quibus</span> <span class='ocrx_word' id='word_1_403' title='bbox 1598 2493 1676 2526; x_wconf 83' lang='lat' dir='ltr'>tota</span> 
     </span>
     <span class='ocr_line' id='line_1_79' title="bbox 936 2539 1674 2584; baseline -0.004 -9"><span class='ocrx_word' id='word_1_404' title='bbox 936 2551 998 2575; x_wconf 89' lang='lat' dir='ltr'>res</span> <span class='ocrx_word' id='word_1_405' title='bbox 1047 2540 1197 2574; x_wconf 83' lang='lat' dir='ltr'>scenica</span> <span class='ocrx_word' id='word_1_406' title='bbox 1237 2540 1376 2575; x_wconf 88' lang='lat' dir='ltr'>Romae</span> <span class='ocrx_word' id='word_1_407' title='bbox 1423 2539 1674 2584; x_wconf 82' lang='lat' dir='ltr'>premebatur,</span> 
     </span>
     <span class='ocr_line' id='line_1_80' title="bbox 938 2586 1675 2632; baseline -0.003 -11"><span class='ocrx_word' id='word_1_408' title='bbox 938 2587 1038 2632; x_wconf 89' lang='lat' dir='ltr'>quod</span> <span class='ocrx_word' id='word_1_409' title='bbox 1072 2598 1148 2621; x_wconf 91' lang='lat' dir='ltr'>non</span> <span class='ocrx_word' id='word_1_410' title='bbox 1182 2598 1201 2621; x_wconf 93' lang='lat' dir='ltr'>e</span> <span class='ocrx_word' id='word_1_411' title='bbox 1237 2598 1278 2621; x_wconf 90' lang='lat' dir='ltr'>re</span> <span class='ocrx_word' id='word_1_412' title='bbox 1313 2598 1381 2621; x_wconf 87' lang='lat' dir='ltr'>sua</span> <span class='ocrx_word' id='word_1_413' title='bbox 1412 2586 1563 2620; x_wconf 80' lang='lat' dir='ltr'>duxerit</span> <span class='ocrx_word' id='word_1_414' title='bbox 1593 2596 1675 2620; x_wconf 88' lang='lat' dir='ltr'>eam</span> 
     </span>
     <span class='ocr_line' id='line_1_81' title="bbox 937 2633 1674 2678; baseline -0.004 -9"><span class='ocrx_word' id='word_1_415' title='bbox 937 2637 1118 2678; x_wconf 85' lang='lat' dir='ltr'>tractare,</span> <span class='ocrx_word' id='word_1_416' title='bbox 1152 2634 1315 2668; x_wconf 86' lang='lat' dir='ltr'>affirmat</span> <span class='ocrx_word' id='word_1_417' title='bbox 1348 2634 1422 2668; x_wconf 89' lang='lat' dir='ltr'>sibi</span> <span class='ocrx_word' id='word_1_418' title='bbox 1456 2633 1496 2667; x_wconf 91' lang='lat' dir='ltr'>in</span> <span class='ocrx_word' id='word_1_419' title='bbox 1531 2643 1674 2668; x_wconf 88' lang='lat' dir='ltr'>summo</span> 
     </span>
     <span class='ocr_line' id='line_1_82' title="bbox 936 2681 1674 2727; baseline -0.004 -10"><span class='ocrx_word' id='word_1_420' title='bbox 936 2682 1029 2717; x_wconf 87' lang='lat' dir='ltr'>artis</span> <span class='ocrx_word' id='word_1_421' title='bbox 1054 2681 1205 2727; x_wconf 82' lang='lat' dir='ltr'>fastigio</span> <span class='ocrx_word' id='word_1_422' title='bbox 1233 2684 1333 2716; x_wconf 86' lang='lat' dir='ltr'>stare</span> <span class='ocrx_word' id='word_1_423' title='bbox 1355 2681 1486 2723; x_wconf 85' lang='lat' dir='ltr'>videri,</span> <span class='ocrx_word' id='word_1_424' title='bbox 1512 2681 1674 2726; x_wconf 90' lang='lat' dir='ltr'>quicun-</span> 
     </span>
     <span class='ocr_line' id='line_1_83' title="bbox 937 2727 1676 2774; baseline -0.003 -10"><span class='ocrx_word' id='word_1_425' title='bbox 937 2741 1012 2774; x_wconf 89' lang='lat' dir='ltr'>que</span> <span class='ocrx_word' id='word_1_426' title='bbox 1038 2729 1152 2763; x_wconf 88' lang='lat' dir='ltr'>huius</span> <span class='ocrx_word' id='word_1_427' title='bbox 1178 2729 1330 2774; x_wconf 87' lang='lat' dir='ltr'>generis</span> <span class='ocrx_word' id='word_1_428' title='bbox 1357 2727 1504 2774; x_wconf 85' lang='lat' dir='ltr'>legibus</span> <span class='ocrx_word' id='word_1_429' title='bbox 1521 2738 1566 2762; x_wconf 88' lang='lat' dir='ltr'>ac</span> <span class='ocrx_word' id='word_1_430' title='bbox 1590 2737 1676 2772; x_wconf 85' lang='lat' dir='ltr'>pro-</span> 
     </span>
    </p>
   </div>
  </div>
 </body>
</html>
