1774 2930
122 168 211 210 406

241 268 325 311 Vel
358 268 508 312 Gabiis
541 269 611 312 vel
644 285 738 312 cum
770 270 922 326 rigidis
955 276 1139 328 aequata
1169 272 1359 328 Sabinis,

595 169 806 204 HORATH
830 170 1178 225 EPISTOLARUM

1591 253 1701 318 25'

241 339 498 382 Pontificum
527 341 680 394 libros,
715 355 878 384 annosa
907 343 1126 385 volumina
1155 346 1302 386 vatffm

241 411 424 453 Dictitet
453 411 623 454 Albano
654 411 801 455 Musas
832 413 877 454 in
908 418 1053 456 monte
1083 415 1261 457 locutas.

243 481 308 536 Si,
343 482 445 538 quia
476 482 738 525 Graecorum
771 488 869 525 sunt
901 484 1200 540 antiquissima
1231 500 1424 542 quaeque

243 553 414 609 Scripta
444 554 514 596 vel
546 554 726 610 optima,
758 554 942 597 Romani
973 559 1208 612 pensantur
1240 556 1391 599 eadem

241 623 481 681 Scriptores
513 625 695 679 trutina,
726 640 813 668 non
845 629 910 668 est
941 626 1054 682 quod
1084 627 1219 669 multa
1248 628 1494 684 loquamur:

1589 629 1648 670 30

239 695 314 737 Nil
345 696 459 738 intra
490 699 556 738 est
589 696 746 750 oleam,
780 696 839 738 nil
873 701 995 739 extra
1027 702 1092 740 est
1122 698 1167 739 in
1197 713 1306 741 nuce
1338 698 1455 754 duri3

217 832 273 864 28.
300 831 501 865 Graiorum
525 831 615 866 Cod.
640 832 773 866 Bland.
800 833 1009 877 antiquiss.
1036 833 1110 867 duo
1130 833 1333 876 Torrentii,
1357 833 1597 879 Reginensis,

167 878 363 913 Bentleius
388 890 432 913 ac
450 879 731 925 Dillenburger.
751 899 795 904 —
816 883 872 913 31.
898 882 979 913 olea
997 880 1194 915 Bentleius
1213 880 1324 923 coni„
1349 880 1437 915 item
1456 880 1598 915 Schmi-

168 925 253 960 dius
278 936 362 960 cum
390 937 465 960 uno
491 927 589 961 Feae
615 930 652 961 et
676 927 930 961 Berolinensi.

121 1039 241 1071 olores
275 1039 315 1071 id
339 1039 458 1079 ipsum
488 1041 591 1080 petat
618 1042 688 1073 cet.
716 1058 759 1062 -
788 1039 861 1072 Ga-

120 1084 206 1127 biis]
231 1084 288 1119 De
306 1085 461 1120 foedere
487 1087 588 1120 inter
609 1086 860 1130 Tarquinium

120 1129 335 1176 Superbum
362 1134 399 1167 et
425 1132 594 1168 Gabinos
620 1133 695 1167 icto
722 1144 755 1167 v.
779 1132 859 1167 Liv.

119 1180 158 1221 1,
193 1182 250 1213 54.
285 1182 323 1214 et
359 1180 516 1226 Dionys.
550 1180 671 1215 Halic.
706 1183 748 1223 4,
791 1182 860 1224 58.,

121 1226 186 1270 qui
196 1229 348 1271 praeter
365 1228 685 1273 exspectationem
696 1238 859 1272 aequum

117 1273 238 1308 fuisse
281 1274 416 1316 tradit,
464 1275 558 1309 haec
601 1275 858 1319 subiungens:

120 1317 275 1355 Τούτων
302 1322 384 1355 ἐστὶ
403 1322 477 1355 τῶν
502 1319 646 1378 ὁρκίων
669 1326 860 1365 μνημεῖον

116 1367 159 1400 ἐν
190 1365 316 1415 Ῥώμῃ
356 1371 536 1425 κείμενον
570 1369 611 1403 ἑν
646 1369 739 1423 ἱερῷ
767 1367 860 1411 Διὸς

115 1415 298 1456 Πιστίου,
355 1412 402 1450 δι
454 1414 635 1461 Ῥωμαῖοι
682 1412 859 1460 Σάγκτον

116 1462 321 1505 καλοῦσιν,
380 1461 499 1506 ἀσπὶς
548 1463 680 1507 ξυλίνη
730 1461 857 1511 βύρσῃ

115 1508 229 1554 βοείᾳ
264 1513 463 1566 περίτονος
489 1512 556 1544 τοῦ
590 1512 858 1566 σφαγιασθέν-

116 1568 181 1599 τος
219 1558 281 1591 ἐπὶ
323 1558 397 1592 τῶν
434 1556 577 1606 ὁρκίων
620 1555 706 1592 τότε
747 1555 856 1601 βοός,

115 1601 341 1662 γράμμασιν
383 1604 609 1661 ἀρχαὶκοῖς
627 1606 858 1660 ἐπιγεγραμ-

114 1653 215 1696 μένη
240 1650 309 1695 τὰς
335 1655 545 1698 γειομένας
562 1651 694 1696 αὐτοῖς
711 1651 858 1696 ὁμολο-

115 1700 212 1743 γίας.
241 1720 284 1724 —
310 1701 462 1744 riqidis]
490 1701 620 1736 Sabini
656 1711 766 1744 saepe
793 1713 856 1735 vo-

115 1751 250 1781 cantur
275 1748 401 1793 rigidi,
428 1749 526 1790 duri,
553 1748 679 1782 tetrici
702 1749 747 1783 ob
775 1759 854 1783 mo-

114 1804 199 1827 rum
225 1795 475 1829 severitatem.
503 1795 634 1829 Cicero
661 1796 701 1828 in
727 1795 853 1829 Vatin.

116 1842 171 1883 15,
197 1843 253 1876 37.
281 1842 442 1876 Sabinos
467 1843 713 1876 severissimos
740 1844 853 1875 homi-

114 1896 178 1922 nes
204 1892 322 1923 vocat.
363 1889 534 1923 Foedera
559 1891 684 1923 autem
710 1889 853 1923 intelli-

112 1938 258 1980 guntur
292 1936 392 1970 inter
417 1936 621 1970 Romulum
653 1939 689 1970 et
714 1936 756 1969 T.
785 1936 854 1970 Ta-

112 1983 206 2016 tium
239 1983 300 2017 vel
339 1984 439 2017 inter
466 1983 620 2017 Tullum
648 1983 853 2017 Hostilium

113 2032 151 2063 et
186 2029 346 2065 Sabinos
382 2031 561 2076 (Dionys.
595 2031 679 2065 Hal.
707 2033 747 2072 3,
779 2031 852 2073 33.)

112 2077 173 2110 vel
214 2078 347 2122 primis
390 2078 534 2112 liberae
576 2078 633 2116 rei
675 2078 850 2121 publicae

113 2125 346 2169 temporibus
373 2125 458 2159 icta.
486 2144 529 2149 —
556 2125 739 2167 aequata]
768 2136 851 2167 „ae-

115 2172 200 2216 quis
227 2175 265 2206 et
289 2173 400 2206 iustis
428 2172 714 2207 condicionibus
740 2173 849 2206 icta.“

161 2221 217 2254 26.
246 2221 303 2254 27.
334 2221 551 2262 Pontificum
579 2219 711 2262 libros]
736 2219 852 2253 Intel-

113 2266 188 2311 lige
214 2267 434 2310 pontificum
471 2270 508 2301 et
532 2267 668 2301 Libros
694 2267 851 2301 rituales

113 2316 149 2347 et
166 2313 459 2359 Indigitamenta
485 2317 522 2348 et
541 2314 710 2348 Annales
735 2315 851 2348 maxi-

111 2371 192 2395 mos
235 2371 258 2394 a
299 2363 470 2403 Pontifice
516 2363 678 2402 maximo
728 2372 850 2405 usque

111 2408 158 2442 ad
183 2419 215 2442 a.
235 2419 270 2441 u.
290 2418 321 2442 c.
350 2411 433 2443 620.
462 2409 673 2451 confectos3
700 2409 740 2441 in
767 2408 850 2452 qui-

111 2455 183 2489 bus
210 2458 313 2489 certe
339 2458 517 2499 quattuor
544 2456 754 2500 primorum
779 2455 851 2489 Ur-

113 2502 172 2537 bis
211 2503 426 2536 seculorum
464 2513 525 2537 res
563 2505 690 2547 gestae
724 2503 850 2547 prisco

113 2560 287 2584 sermone
314 2549 506 2594 expositae
538 2551 657 2584 erant.
702 2549 778 2584 Cic.
805 2550 850 2584 de

110 2596 226 2642 Legg
254 2599 294 2639 1,
320 2598 359 2636 2,
385 2599 425 2631 6:
450 2597 612 2630 Annales
637 2592 852 2639 Pontificum

111 2646 380 2687 maximorum,
430 2645 558 2685 quibus
605 2645 697 2677 nihil
734 2646 852 2685 potest

113 2700 186 2725 esse
210 2693 410 2726 iucundius
437 2691 639 2734 (Ursinus2
664 2691 851 2733 ieiunius).

111 2757 154 2762 —
174 2740 363 2773 volumina
379 2738 517 2781 valam]
542 2741 710 2781 „veteres
729 2738 847 2772 libros

911 1038 1063 1081 Marcii,
1089 1040 1183 1074 vatis
1210 1042 1275 1073 aut
1300 1039 1499 1084 Sibyllae.“
1541 1039 1644 1073 POR-

910 1094 1029 1120 PHYR.
1065 1086 1182 1120 Recte
1207 1087 1525 1131 interpretabere:
1552 1087 1647 1120 vati·

912 1134 1012 1167 cinia
1029 1135 1202 1168 versibus
1221 1133 1409 1167 Saturniis
1436 1134 1644 1178 composita

909 1191 931 1214 a
958 1180 1024 1214 Cn.
1049 1181 1231 1222 Marcio,“
1266 1181 1348 1214 Liv.
1374 1182 1438 1223 25,
1474 1183 1549 1223 12.‚
1575 1181 1642 1215 ubi

909 1227 992 1272 ipsa
1017 1228 1111 1262 vatis
1133 1228 1259 1271 verba,
1285 1227 1387 1273 quod
1411 1230 1520 1262 erant
1544 1228 1644 1262 anti-

910 1275 1063 1318 quiora,
1107 1275 1266 1319 paulum
1307 1277 1396 1309 sunt
1436 1274 1644 1309 immutata.

907 1321 1006 1356 Plin.
1032 1322 1077 1355 H.
1102 1322 1146 1356 N.
1173 1324 1212 1365 7,
1237 1324 1294 1356 33.
1345 1321 1478 1356 Cicero
1505 1321 1551 1356 de
1576 1321 1644 1355 Di-

908 1369 1022 1403 vinat.
1059 1372 1099 1412 1,
1126 1371 1190 1412 40,
1220 1371 1276 1403 89.
1309 1370 1472 1405 Marcios
1505 1370 1645 1410 fratres

908 1420 1099 1451 memorat.
1150 1416 1291 1451 Contra
1337 1427 1434 1460 quae
1477 1415 1642 1461 Sibyllae

908 1464 1171 1498 tribuebantur
1206 1464 1372 1498 carmina
1401 1463 1554 1498 fatidica
1577 1464 1643 1497 he-

906 1512 1084 1546 xametris
1109 1511 1263 1546 Graecis
1289 1513 1399 1545 erant
1423 1510 1643 1555 composita.

908 1557 984 1593 cfr.
1009 1570 1042 1592 v.
1069 1561 1125 1593 86.
1151 1578 1197 1583 -—
1221 1558 1391 1601 Dictaea]
1427 1558 1640 1601 „communi

907 1615 1095 1640 consensu
1130 1605 1386 1650 pronuntiet.“
1421 1624 1464 1628 —
1497 1606 1642 1638 Albano

907 1654 992 1695 cetjl
1035 1653 1086 1687 Ut
1126 1652 1256 1687 Musae
1297 1653 1336 1686 in
1374 1652 1560 1686 Parnasso
1603 1655 1640 1686 et

905 1700 1090 1734 Helicone
1125 1700 1305 1734 Graecam
1337 1699 1471 1743 poesin
1509 1697 1640 1732 condi-

904 1747 1060 1790 derunt,
1097 1747 1151 1781 sic
1178 1758 1223 1781 ex
1248 1757 1398 1788 eorum,
1433 1755 1526 1789 quos
1552 1745 1638 1778 irri-

905 1794 978 1836 det,
1006 1794 1185 1838 opinione
1209 1805 1230 1827 a
1249 1793 1422 1827 Camenis
1445 1793 1486 1825 in
1510 1795 1637 1826 monte

902 1841 1049 1875 Albano
1073 1840 1155 1874 Iovi
1180 1840 1319 1874 Latiali
1352 1850 1459 1874 sacro
1485 1850 1639 1873 versan-

904 1887 1005 1921 tibus
1038 1887 1165 1932 poesis
1191 1886 1326 1921 Latina.
1350 1887 1519 1931 profecta
1545 1890 1637 1920 erat.

902 1934 1051 1969 Ennius
1078 1937 1110 1977 1,
1136 1937 1176 1968 3:
1212 1936 1363 1976 Musae,
1389 1943 1478 1974 quas
1503 1941 1638 1967 memo—

902 1985 988 2015 ram
1015 1984 1190 2016 Camenas
1216 1990 1290 2015 esse
1315 1982 1450 2014 Latini.

951 2031 1102 2063 28—33.
1127 2030 1175 2071 Si,
1202 2030 1292 2069 quia
1315 2028 1401 2071 cet.]
1428 2026 1566 2072 „Atqui
1592 2028 1638 2070 si,

903 2076 1101 2120 quoniam,
1150 2078 1193 2110 ut
1239 2086 1307 2121 ego
1357 2085 1509 2120 quoque
1551 2085 1636 2109 cum

902 2124 1077 2158 omnibus
1094 2123 1194 2157 ultro
1212 2123 1345 2165 fateor,
1363 2122 1503 2167 scripta
1521 2121 1636 2156 Grae-

902 2181 1031 2204 corum
1057 2170 1322 2214 antiquissima
1348 2180 1520 2214 quaeque
1550 2168 1635 2212 (im-

901 2219 1032 2262 primis
1057 2218 1212 2252 Homeri
1239 2220 1276 2252 et
1298 2216 1519 2251 Archilochi
1544 2218 1638 2260 poe-

899 2266 1022 2308 mata)
1058 2265 1187 2300 eadem
1213 2265 1325 2299 etiam
1354 2263 1634 2309 praestantissi-

900 2323 960 2346 ma
985 2315 1086 2355 sunt,
1110 2313 1253 2346 idcirco
1280 2312 1485 2356 scriptores
1506 2309 1634 2344 Latini

901 2360 1014 2393 simili
1039 2359 1187 2394 ratione
1205 2360 1462 2400 aestimantur,
1487 2360 1530 2391 ut
1554 2357 1635 2401 pri-

901 2408 974 2441 scis
1000 2407 1145 2452 primus
1164 2407 1270 2440 locus
1290 2405 1491 2447 tribuatur,
1515 2404 1634 2448 pluri-

900 2453 971 2489 bus
1014 2454 1139 2488 verbis
1181 2464 1258 2487 non
1299 2454 1372 2487 iam
1415 2462 1508 2496 opus
1556 2454 1632 2494 est3

899 2502 1010 2535 immo
1029 2500 1300 2535 absurdissima
1325 2509 1498 2545 quaeque
1519 2498 1632 2531 ἐνθυ-

899 2546 1060 2592 μήματα
1078 2548 1135 2581 illi
1162 2548 1301 2582 similia
1317 2547 1479 2591 probare
1504 2545 1606 2578 lieet.
1611 2544 1630 2562 ‘⁴

901 2615 943 2620 —
966 2595 1203 2637 Graecorum]
1228 2594 1448 2628 Praestabat
1471 2593 1533 2626 hic
1556 2591 1631 2625 for-

899 2654 959 2677 ma
981 2653 1116 2687 prosae
1142 2641 1334 2676 orationis.
1359 2640 1488 2674 Altera
1536 2639 1631 2673 Gra-

900 2693 1019 2724 iorum
1055 2701 1078 2723 a
1113 2689 1352 2734 paucissimis
1385 2686 1540 2721 inducta
1574 2689 1633 2720 est

900 2740 1054 2782 propter
1079 2738 1259 2770 v.19.—
1283 2734 1440 2778 trutina]
1465 2729 1630 2782 τρυτάνη
