1774 2930
123 188 210 230 222

632 188 840 223 HORATII
865 189 1148 224 SATIRARUM

241 288 401 331 Frusta
431 288 560 343 dedit,
593 290 771 346 cupiens
803 289 923 331 varia
953 289 1127 333 fastidia
1158 305 1265 334 cena

240 360 426 402 Vincere
457 361 674 416 tangentis
706 360 818 402 male
851 361 1021 416 singula
1051 361 1178 404 dente
1211 362 1420 419 superb03

243 431 352 474 Cum
382 435 505 487 pater
535 431 629 487 ipse
662 431 812 473 domus
843 432 969 487 palea
999 436 1219 488 porrectus
1251 435 1296 475 in
1327 434 1463 477 horna

240 502 372 545 Esset
403 502 506 544 ador
536 502 784 558 loliumque,
817 502 939 558 dapis
972 503 1150 546 meliora
1178 505 1440 561 relinquens.

243 573 437 616 Tandem
457 573 646 615 urbanus
665 573 719 616 ad
739 573 871 616 hunc:
896 573 1010 622 Quid
1025 579 1068 617 te
1083 575 1214 629 iuvat,
1237 576 1389 632 inquit,
1413 576 1561 631 amice,
1589 578 1646 618 90

242 645 470 701 Praerupti
501 645 687 687 nemoris
719 645 955 701 patientem
984 645 1131 688 vivere
1162 646 1320 689 dorso?

242 716 320 757 Vis
353 720 400 757 tu
431 716 628 758 homines
660 716 897 772 urbemque
929 716 1032 758 feris
1064 731 1330 773 praeponere
1362 718 1514 760 silvis?

244 787 384 843 Carpe
414 787 543 841 viam,
577 787 682 828 mihi
715 779 853 841 crede,
888 802 1053 841 comesg
1086 789 1308 831 terrestria
1338 789 1507 845 quando

242 858 444 901 Mortales
478 859 642 901 animas
674 859 824 900 vivunt
856 859 1022 912 sortita,
1055 874 1195 915 neque
1226 860 1316 903 ulla
1345 865 1412 902 est

242 930 332 971 Aut
362 944 519 986 magno
553 934 626 972 aut
656 944 788 985 parvo
820 931 895 972 leti
929 930 1054 986 fuga:
1090 945 1187 986 quo,
1218 931 1345 985 bone,
1379 932 1491 974 circa

1591 933 1646 974 95

242 1001 359 1043 Dum
388 1002 502 1055 licet,
535 1002 581 1042 in
612 1001 740 1043 rebus
773 1001 968 1043 iucundis
999 1002 1097 1043 vive
1127 1003 1310 1056 beatus;

243 1072 355 1115 Vive
386 1087 562 1126 memor,
596 1087 725 1129 quam
758 1073 815 1113 sis
850 1073 944 1114 aevi
975 1072 1132 1114 brevis.
1175 1073 1297 1115 Haec
1327 1074 1402 1115 ubi
1433 1073 1546 1116 dicta

246 1143 476 1199 Agrestem
507 1143 727 1200 pepulere,
761 1144 885 1186 domo
916 1144 1026 1186 levis
1060 1143 1228 1198 exsilit3
1262 1144 1361 1187 inde

244 1214 385 1256 Ambo
417 1215 683 1271 propositum
716 1219 928 1270 peragunt
959 1214 1055 1268 iter,
1087 1215 1206 1257 urbis
1239 1220 1414 1258 aventes

244 1285 417 1328 Moenia
444 1286 641 1327 nocturni
673 1286 918 1341 subrepere.
966 1285 1143 1342 Iamque
1174 1286 1351 1329 tenebat

1567 1287 1649 1328 100

242 1356 341 1399 Nox
370 1356 560 1399 medium
592 1357 700 1399 caeli
733 1357 932 1413 spatium,
967 1371 1063 1398 cum
1093 1357 1214 1413 ponit
1244 1361 1426 1413 uterque

175 1482 296 1515 88-92.
323 1483 411 1515 Cum
432 1484 540 1522 pater
565 1482 639 1522 ipse
665 1481 750 1524 cet]
782 1480 865 1514 Non

126 1528 209 1562 sine
235 1528 368 1563 festiva
394 1529 472 1562 stili
498 1529 679 1574 gravitate
703 1531 865 1573 patrem-

124 1576 290 1610 familias
315 1576 406 1610 facit
431 1579 588 1610 stratum
615 1587 697 1610 esse
729 1576 770 1609 in
803 1587 866 1620 pa-

126 1623 187 1657 lea
223 1623 426 1657 hornotina
464 1626 575 1668 atque
615 1623 727 1657 edere
762 1623 865 1657 cibos

126 1670 240 1716 longe
274 1671 451 1713 viliores,
488 1673 581 1705 ador
616 1671 790 1714 (Spell)
830 1674 867 1705 et

130 1719 257 1751 lolium
283 1718 671 1761 (Taumellolch).
706 1718 778 1758 Qui
804 1719 866 1751 hic

124 1768 233 1807 pater
267 1767 394 1801 domus
419 1768 587 1807 vocatur,
622 1774 731 1799 cenae
760 1768 867 1807 pater

128 1812 271 1846 dicitur
298 1813 373 1846 Sat.
400 1815 439 1855 2,
465 1816 498 1855 8,
525 1815 556 1847 7.
586 1832 628 1836 —
653 1813 866 1855 patientem]

127 1860 538 1951 saffiassfflss’gssfm
561 1870 731 1940 335²&
736 1870 784 1941 ³3
798 1860 866 1949 {¹¹33

131 1957 185 1988 10.
227 1954 332 2000 Virg.
366 1955 446 1988 Ecl.
483 1957 546 1997 10,
586 1956 653 1988 52·
693 1956 866 1988 Certumst

127 2004 168 2035 in
206 2003 326 2044 silvis,
374 2003 470 2035 inter
509 2003 659 2043 spelaea
700 2003 868 2044 serarum

127 2050 245 2085 Malle
279 2050 371 2091 pati.
411 2069 454 2073 —
496 2051 554 2083 Vis
592 2049 655 2092 ta]
704 2049 789 2083 Vid'.
820 2049 867 2083 ad

129 2096 206 2131 Sat.
234 2100 266 2139 1,
293 2100 326 2139 9,
353 2099 408 2131 69.

178 2146 324 2178 93-100.
352 2145 469 2186 Carpe
494 2144 607 2188 viam]
635 2143 711 2178 Cfr.
733 2143 808 2178 Sat.
836 2146 868 2186 1,

130 2193 172 2233 5,
198 2194 254 2226 95.
306 2191 412 2225 Ovid.
441 2191 552 2225 Trist.
580 2194 620 2234 1,
656 2194 718 2234 10,
752 2194 785 2225 4.
822 2191 868 2225 de

130 2250 226 2273 nave
252 2240 469 2273 celerrima:
504 2241 586 2273 Sive
619 2248 708 2281 opus
736 2242 785 2272 est
811 2248 869 2273 re-

130 2295 208 2328 mo,
246 2288 383 2328 remige
421 2288 539 2328 carpit
576 2287 659 2319 iter.
697 2305 745 2310 —
780 2287 870 2319 mihi

131 2333 258 2376 crede]
299 2334 514 2378 „Sequere,
554 2344 715 2378 quaeso,
753 2333 869 2367 fidum

130 2390 257 2414 meum
291 2380 543 2423 consilium;“
577 2392 674 2423 non,
707 2382 752 2415 ut'
781 2381 869 2415 alii:

134 2427 276 2470 „Crede
304 2430 339 2461 te
366 2439 470 2462 meae
503 2427 589 2461 fidei
624 2431 737 2473 atque
762 2439 871 2473 prae-

133 2475 264 2509 sidio.“
309 2475 385 2508 Cfr.
413 2474 488 2509 Sat.
515 2476 553 2517 2,
581 2478 619 2514 3,
646 2478 703 2510 75.
730 2495 773 2499 —
801 2478 870 2508 ter-

130 2523 268 2556 restria
300 2523 447 2563 quando
482 2523 566 2566 cet]
606 2522 703 2556 Satis
736 2523 870 2557 festive

132 2569 194 2603 hic
211 2580 294 2603 mus
313 2570 482 2603 urbanus
499 2570 767 2615 philosophum
784 2569 872 2615 Epi-

134 2627 290 2650 cureum
316 2617 406 2662 agit,
432 2617 605 2651 omnibus
627 2617 871 2651 terrestribus

134 2664 393 2707 (animalibus)
426 2664 503 2698 fato
535 2665 758 2710 contingere
792 2665 873 2699 ani-

133 2722 213 2745 mas
262 2712 441 2746 mortales
490 2711 643 2746 docens.
679 2731 722 2736 —-
757 2720 873 2753 neque

133 2759 215 2792 ulla
233 2762 282 2792 est
300 2759 385 2802 oet]
411 2757 479 2792 Od.
510 2761 540 2801 1,
567 2760 599 2801 4,
629 2760 696 2792 13:
723 2760 873 2793 Pallida

914 1482 1016 1515 Mors
1043 1490 1161 1522 aequo
1184 1482 1309 1523 pulsat
1331 1482 1421 1524 pede
1445 1490 1652 1524 pauperum

916 1529 1087 1562 tabernas
1121 1530 1333 1570 Requmque
1367 1531 1497 1562 turres.
1539 1528 1653 1563 Vide-

916 1578 978 1608 tur
1003 1576 1160 1632 parodia
1184 1576 1379 1621 Euripidis
1401 1575 1541 1610 Alcest.
1565 1577 1652 1611 782:

915 1623 1077 1670 Βοοτοῖς
1107 1619 1231 1657 ἅπασι
1242 1623 1468 1681 κατθανεῖν
1499 1621 1654 1664 ὀφείλε-

916 1681 988 1703 ται.
1007 1690 1025 1695 -
1042 1690 1062 1695 -
1081 1671 1193 1704 Ταῦτ’
1211 1682 1281 1704 ουν
1297 1668 1471 1712 ἀκούσας
1487 1671 1554 1703 καὶ
1576 1681 1653 1713 μα-

915 1715 996 1750 θών
1021 1718 1119 1761 ἐμοῦ
1144 1714 1258 1764 πάρα,
1270 1713 1480 1772 Ευφραινε
1497 1714 1653 1758 σαυτόν,

917 1768 1017 1805 πῖνε,
1050 1763 1117 1798 τὸν
1142 1765 1231 1798 καθ’
1270 1762 1416 1819 ,ue'pav-
1428 1765 1524 1798 Βίον
1549 1764 1654 1810 >oyl-

915 1815 981 1853 ζου
1007 1808 1164 1852 σόν,τά
1189 1811 1221 1844 δ’
1245 1811 1344 1845 αλλα
1369 1812 1438 1856 τῆς
1462 1809 1654 1856 τύχης.-

919 1860 1002 1893 Vive
1026 1868 1164 1893 memov
1189 1860 1327 1903 cet.„]
1339 1859 1387 1893 Et
1419 1859 1572 1904 quidem
1602 1860 1656 1895 ita

916 1906 1010 1949 vive,
1036 1910 1078 1940 ut
1103 1906 1211 1940 decet
1229 1918 1326 1948 eum,
1353 1907 1419 1952 qui
1440 1908 1553 1941 vitam
1570 1907 1655 1941 bre-

916 1964 998 1987 vem
1017 1964 1099 1988 esse
1118 1965 1266 1999 semper
1283 1954 1530 1989 meminerit.“
1548 1954 1654 1988 Pers.

917 2003 950 2044 5,
971 2003 1056 2035 153:
1086 2003 1169 2036 Vive
1186 2010 1322 2035 memor
1342 2002 1413 2044 leti,
1439 2002 1535 2044 fucit
1550 2003 1653 2035 hora.

916 2067 963 2072 —-
977 2048 1170 2092 pepulere]
1199 2049 1468 2094 „impulerunt‚
1494 2059 1655 2084 commo-

917 2099 1066 2130 verunt.
1083 2096 1100 2114 ‘⁶
1162 2096 1284 2131 Etiam
1327 2096 1367 2130 in
1412 2106 1526 2141 prosa
1562 2097 1655 2131 orat.

919 2143 998 2178 Cic.
1024 2143 1070 2177 de
1097 2143 1167 2177 Off.
1193 2147 1227 2187 3,
1255 2146 1309 2187 10,
1335 2146 1400 2177 41:
1425 2145 1567 2185 species
1582 2144 1656 2178 uti-

920 2192 1034 2225 litatis
1052 2193 1217 2225 animum
1226 2192 1368 2234 pepulit
1382 2191 1469 2225 eius.
1486 2210 1529 2215 —
1544 2199 1656 2225 aven*-

919 2242 969 2272 tes
994 2257 1009 2263 -
1034 2239 1285 2282 -subreperfl
1315 2238 1554 2283 „cupientes,
1580 2232 1655 2283 quo

918 2289 1086 2331 tempore
1112 2297 1222 2320 nemo
1249 2296 1314 2320 eos
1339 2285 1658 2320 animadverteret

918 2344 990 2367 nec
1024 2333 1272 2375 disturbaret,
1310 2333 1477 2377 rependo
1508 2332 1657 2366 moenia

920 2381 1049 2415 subire
1081 2391 1125 2415 ac
1155 2391 1224 2425 per
1250 2382 1465 2424 aperturam
1489 2379 1657 2424 aliquam

920 2428 1136 2462 clanculum
1177 2427 1354 2461 intrare.“
1390 2446 1436 2451 --
1472 2426 1656 2470 nocturni]

920 2475 997 2509 Ofr.
1022 2474 1139 2519 Epod.
1169 2477 1224 2517 16,
1251 2476 1307 2508 51.
1351 2474 1425 2509 Sat.
1454 2476 1491 2516 1,
1517 2475 1550 2517 3,
1577 2475 1656 2508 117.

970 2524 1136 2557 100-105.
1155 2523 1307 2562 lamque
1324 2523 1468 2555 tenebat
1485 2521 1570 2564 cet]
1586 2520 1657 2555 Pa-

921 2569 1028 2604 rodia
1052 2569 1176 2613 epica,
1202 2571 1245 2602 ut
1270 2568 1344 2603 Sat.
1371 2571 1411 2611 1,
1437 2569 1471 2612 5,
1496 2571 1540 2603 9:
1574 2569 1658 2602 Iam

921 2626 997 2652 ἠοω
1013 2618 1185 2650 inducere
1202 2618 1309 2650 terris
1330 2617 1481 2649 Umbras
1502 2617 1536 2648 et
1553 2615 1656 2649 caelo

921 2665 1124 2706 diffundere
1148 2664 1256 2705 siana
1286 2665 1460 2705 parabat.
1487 2681 1530 2686 —
1557 2661 1657 2706 Nom]

923 2711 993 2746 dea
1024 2711 1170 2745 caelum
1202 2721 1320 2745 curru
1353 2709 1583 2755 pervehitur,
1615 2710 1660 2743 ut

923 2759 1072 2793 Aurora
1111 2760 1148 2792 et
1185 2757 1261 2792 Sol.
1298 2777 1340 2781 —-
1371 2756 1658 2799 panib-vesli-
