1774 2930
173 161 257 202 258

293 261 339 303 Si
370 261 495 304 modo
527 262 718 304 culturae
749 261 985 318 patientem
1016 263 1254 306 commodet
1285 278 1444 307 aurem.

644 159 854 195 HORATII
877 160 1223 197 EPISTOLARUM

1635 266 1724 308 40·

291 332 439 374 Virtus
473 337 539 375 est
569 333 719 374 vitium
749 332 900 388 fugere
932 337 975 376 et
1006 334 1216 390 sapientia
1244 335 1383 391 prima

293 403 485 446 Stultitia
516 404 718 446 caruisse.

779 404 933 458 Vides,
966 419 1076 461 quae
1106 405 1294 448 maxima
1324 406 1460 449 credis

291 474 402 518 Esse
432 475 565 527 mala,
599 475 803 531 exiguum
834 490 1008 518 censum
1038 480 1292 534 turpemque
1320 478 1552 534 repulsam,

293 546 464 594 Quanto
495 545 659 589 devites
691 547 821 588 animi
854 547 1091 603 capitisque
1120 547 1280 590 labore.

292 617 480 673 Impiger
511 621 726 660 extremos
759 619 894 660 curris
924 622 1136 660 mercator
1167 619 1221 661 ad
1250 619 1397 673 ludos,

1637 621 1693 662 45

292 688 377 730 Per
407 702 525 730 mare
555 690 806 745 pauperiem
837 689 1026 745 fugiens,
1058 704 1136 745 per
1166 704 1289 744 saxa,
1321 704 1400 747 per
1427 691 1574 747 ignes:

291 758 358 802 Ne
389 774 511 802 cures
544 775 613 814 ea,
647 774 756 816 quae
787 760 916 803 stulte
947 761 1116 802 miraris
1149 766 1191 803 et
1221 765 1362 818 optas,

175 896 340 930 anianum
358 905 444 929 esse.
456 897 693 940 —culturae]
711 896 787 930 Cic.
799 896 910 930 Tusc.

175 945 207 985 2,
227 944 260 985 5,
280 945 343 976 13·
370 944 526 976 Cultura
551 945 668 977 animi
681 945 912 986 philosophia

175 991 238 1023 est.
287 990 452 1024 Brunck.
494 991 535 1024 P.
576 990 708 1025 Gnom.
747 1002 782 1035 p.
822 993 910 1026 320:

169 1033 290 1071 Ἅπαι
295 1048 360 1078 τας
373 1035 398 1081 ἦ
413 1037 610 1080 παίδευσις
620 1036 790 1082 ἡμέρους
799 1043 911 1072 ποιεῖ.

176 1103 218 1108 -
233 1086 434 1126 patientem
458 1087 657 1119 commodet
682 1086 862 1129 aurem]„
868 1086 912 1119 li-

173 1132 308 1166 benter
343 1135 379 1166 et
416 1133 532 1178 gratis
570 1133 783 1178 praebeat.“
836 1111 910 1167 Sat.

176 1181 217 1221 1,
255 1182 293 1222 1,
329 1182 392 1213 21:
434 1189 551 1221 ‘neque
582 1190 620 1214 se
652 1182 732 1222 sore
762 1182 913 1222 posthac

174 1228 264 1260 Tam
294 1228 441 1268 facilem
474 1229 590 1271 dicat,
624 1229 715 1261 votis
740 1231 780 1261 ut
803 1237 911 1270 prae-

174 1275 256 1308 beat
275 1283 416 1308 aurem.
436 1294 479 1298 ——
496 1275 635 1318 prima]
662 1276 777 1320 iunge
800 1275 910 1309 etiam

174 1332 259 1355 cum
285 1333 317 1355 v.
343 1323 472 1355 virtus.
523 1322 682 1362 Quintil.
709 1324 749 1365 8,
777 1325 817 1366 3,
847 1325 912 1356 41;

174 1370 304 1402 Prima
328 1370 447 1402 virtus
474 1372 524 1403 est
549 1372 639 1403 vitio
665 1379 807 1404 carere.
838 1370 914 1404 Ab·

174 1417 322 1461 ruptior
356 1427 454 1461 quae
489 1417 638 1452 videtur
672 1414 825 1462 γνώμη,
859 1418 913 1452 ita

174 1464 415 1498 connectitur
457 1475 542 1498 cum
579 1465 911 1509 praecedentibus:

176 1510 252 1554 „Ac
284 1522 415 1555 reapse
442 1513 593 1546 virtutis
628 1523 670 1546 ac
703 1513 912 1557 sapientiae

173 1559 423 1603 primordium
449 1559 545 1593 illud
573 1563 639 1602 est,
665 1562 707 1593 ut
732 1571 821 1594 vera
847 1560 911 1594 do-

174 1606 348 1640 centibus
386 1617 515 1640 aurem
558 1608 783 1652 praebentes
821 1607 912 1641 vitia

173 1653 362 1698 fugiamus
386 1654 740 1699 praeiudicatasque
767 1655 914 1699 opinio-

174 1711 242 1735 nes
260 1701 526 1745 deponamus.“
539 1722 584 1726 —
596 1702 776 1745 Stultitia]
796 1713 911 1736 sensu

173 1749 307 1782 morali
343 1749 490 1793 „pravis
528 1750 643 1782 animi
681 1749 910 1791 affectibus,“

175 1806 249 1840 quo
275 1796 399 1829 solent
428 1807 613 1840 usurpare
641 1796 756 1830 Stoici
782 1799 818 1830 et
843 1796 912 1829 ali-

175 1843 323 1887 quoties
350 1843 431 1887 ipse
454 1843 645 1885 Horatius,
672 1846 714 1876 ut
732 1843 807 1877 Sat.
829 1846 860 1885 1,
879 1845 911 1885 2,

175 1891 239 1924 24:
265 1892 363 1923 Dum
379 1892 497 1923 vitant
519 1891 622 1923 stulti
643 1892 744 1932 vitia,
770 1892 810 1923 in
829 1899 911 1923 con-

175 1938 298 1970 traria
332 1940 496 1971 currunt.
524 1957 567 1961 -
595 1937 769 1981 caruisse]
803 1935 913 1985 ἀορί-

176 1995 286 2026 στως.
338 1984 413 2018 Ofr.
441 1984 510 2018 Od.
539 1987 570 2027 1,
599 1987 630 2026 1,
657 1987 689 2018 4.

224 2033 286 2065 42-
289 2034 345 2065 44.
376 2033 478 2067 Vides
504 2011 584 2076 ceti]
610 2031 713 2066 Haec
740 2033 911 2074 (Vides--

173 2080 347 2122 palmae?
384 2090 417 2113 v.
443 2079 516 2122 51.)
557 2090 600 2113 eo
635 2079 787 2114 vinculo
827 2089 912 2113 cum

174 2126 492 2172 praecedentibus
534 2128 765 2172 iunguntur,
811 2127 913 2172 quod

175 2174 354 2208 exhibent
391 2175 602 2218 exemplum
641 2174 755 2208 huius
792 2174 913 2218 ipsius

174 2223 352 2255 stultitiae
366 2222 553 2256 humanae
571 2224 608 2255 et
626 2222 664 2255 in
678 2222 843 2266 pecunia
861 2222 914 2256 la-

176 2269 431 2303 boriosissime
447 2269 664 2314 quaerenda
678 2272 714 2303 et
727 2269 767 2302 in
781 2271 912 2314 peten-

176 2315 232 2349 dis
266 2316 494 2359 honoribus;
528 2317 711 2350 stultitiae
737 2327 782 2351 ea
806 2315 912 2350 dum-

176 2366 277 2397 taxat
310 2363 457 2397 ratione
496 2363 740 2405 devitandae,
780 2366 822 2397 ut
856 2374 913 2397 sa·

175 2410 342 2454 pientiae
378 2410 602 2445 documenta
640 2411 804 2445 libenter
838 2421 914 2444 am·

175 2457 278 2502 plexi
315 2461 492 2492 accurate
531 2459 661 2492 eadem
697 2469 911 2503 sequamur.

178 2503 374 2538 Sententia
400 2508 474 2538 est:
515 2505 635 2548 „Tute
674 2506 814 2539 sentias
849 2516 914 2539 ne-

179 2562 283 2586 cesse
308 2554 376 2593 est,
404 2554 545 2595 quanto
573 2553 664 2586 cet.“
687 2572 729 2576 —
753 2555 912 2594 turpem-

177 2608 247 2639 que
296 2599 502 2642 repulsam]
556 2599 706 2644 Ubique
756 2603 914 2644 usurpat

178 2646 294 2680 verba
310 2647 446 2680 veteris
471 2646 527 2680 rei
553 2647 739 2691 publicae,
765 2658 836 2681 usu
860 2647 914 2680 lo-

179 2694 322 2737 quendi
348 2704 436 2728 sane
463 2694 656 2728 innocenti
682 2694 728 2728 ad
750 2694 912 2739 Augusti

178 2741 409 2775 voluntatem
435 2751 517 2776 sese
542 2751 783 2786 componens.
834 2741 912 2775 cio.

960 897 1005 931 de
1033 896 1140 931 offic.
1169 900 1200 940 1,
1227 899 1283 941 21,
1309 900 1373 932 71:
1414 899 1588 932 Videntur
1612 898 1695 943 (qui

961 945 1043 978 sine
1081 945 1218 980 idonea
1255 956 1370 980 causa
1406 957 1429 980 a
1464 957 1506 980 re
1541 945 1697 990 publica

961 993 1217 1035 recesserunt)
1258 994 1400 1027 labores
1434 995 1467 1027 et
1498 994 1693 1036 molestias,

962 1042 1037 1072 tum
1046 1041 1285 1080 offensionum
1299 1043 1332 1074 et
1344 1041 1581 1082 repulsarum
1590 1042 1697 1081 quasi

962 1088 1150 1127 quandam
1167 1088 1406 1128 ionomim'am
1431 1089 1558 1121 timere
1583 1089 1616 1120 et
1640 1089 1696 1120 in-

959 1135 1125 1175 famiam.
1142 1153 1185 1157 ——
1201 1136 1316 1168 animi
1333 1136 1535 1177 capitisque
1555 1134 1694 1178 labore]

963 1192 1129 1223 „summa
1147 1192 1231 1215 cum
1255 1182 1428 1216 molestia
1454 1185 1492 1216 et
1515 1181 1632 1216 animi
1659 1184 1698 1223 et

961 1229 1172 1273 corporis;“
1212 1229 1266 1263 sic
1298 1230 1400 1263 enim
1433 1229 1695 1274 exponendum

961 1286 992 1309 v.
1021 1277 1165 1318 capitis,
1193 1279 1230 1310 et
1253 1277 1425 1321 apposite
1451 1275 1499 1310 ad
1523 1279 1695 1310 nostrum

961 1333 1173 1358 sermonem
1190 1323 1307 1358 Voss:
1332 1324 1458 1358 Dentre
1483 1324 1549 1357 wie
1575 1324 1696 1365 ‹inost-

964 1372 1032 1404 lich
1056 1372 1107 1403 du
1130 1371 1249 1404 solche
1265 1372 1331 1404 mit
1347 1372 1524 1405 Herzweh
1546 1372 1696 1405 meidest

960 1419 1038 1451 und
1060 1419 1246 1460 Kopsweh.

1009 1467 1130 1499 45-47.
1156 1467 1319 1507 Impiaer
1344 1465 1429 1508 cet]
1457 1465 1619 1508 „Eodem
1644 1466 1698 1500 la-

961 1512 1051 1547 bore
1068 1512 1280 1558 iisdemque
1298 1513 1479 1558 periculis
1495 1523 1564 1558 per
1581 1515 1696 1547 totam

961 1560 1075 1594 vitam
1101 1560 1334 1606 defungeris,
1361 1559 1499 1605 quibus
1515 1562 1698 1595 mercato·

961 1618 1022 1642 res
1049 1607 1170 1641 nostri
1204 1619 1285 1642 sese
1315 1618 1502 1652 exponere
1538 1607 1694 1641 solent.“

962 1654 1030 1688 Od.
1056 1657 1090 1697 3,
1116 1656 1173 1697 24,
1199 1657 1262 1688 36:
1289 1663 1406 1695 neque
1429 1655 1582 1696 fervidis
1601 1656 1696 1687 Pars

960 1703 1105 1735 inclusa
1122 1703 1305 1735 caloribus
1321 1702 1455 1736 Mundi
1471 1710 1535 1735 nec
1551 1703 1695 1735 Boreae

959 1750 1153 1791 finitimum
1195 1749 1291 1782 latus
1331 1750 1571 1790 Durataeque
1618 1749 1696 1782 solo

961 1797 1062 1829 nives
1086 1796 1333 1831 Marcam-rem
1365 1797 1527 1838 abigunt.
1556 1815 1599 1820 —
1635 1804 1696 1830 ex-

962 1846 1143 1876 tremos--
1168 1844 1218 1876 ad
1258 1843 1392 1886 Indos]
1442 1843 1698 1888 hyperbolice,

963 1901 1107 1935 „usque
1142 1890 1189 1924 ad
1227 1892 1349 1924 terras
1382 1890 1695 1934 remotissimas3¹⁴

961 1948 1047 1970 nam
1074 1947 1159 1971 cum
1186 1937 1226 1971 in
1251 1939 1363 1982 poeta
1387 1947 1599 1979 versemur,
1625 1938 1696 1971 hoc

961 1995 1038 2018 non
1065 1984 1112 2019 ad
1137 1985 1262 2018 vivum
1286 1983 1536 2019 resecandum
1561 1986 1630 2026 est,
1655 1987 1699 2018 ut

961 2032 1154 2074 fecerunt,
1192 2031 1259 2076 qui
1293 2031 1339 2066 de
1374 2031 1539 2077 Ceylone
1570 2031 1697 2066 insula

963 2080 1188 2124 cogitarunt.
1238 2079 1325 2113 Sen.
1359 2078 1406 2113 de
1438 2079 1540 2113 brev.
1566 2077 1630 2112 vit.
1655 2080 1696 2113 2:

961 2127 1084 2160 Alium
1107 2127 1298 2160 mercandi
1313 2135 1489 2168 praeceps
1513 2126 1696 2167 cupiditas

963 2175 1062 2207 circa
1094 2182 1216 2207 omnes
1250 2177 1386 2216 terras,
1420 2174 1543 2207 omnia
1572 2174 1699 2206 maria

961 2230 1025 2263 spe
1052 2222 1145 2255 lueri
1169 2222 1280 2255 ducit.
1298 2240 1341 2245 -
1355 2223 1427 2255 Per
1441 2228 1607 2262 maren,
1627 2228 1697 2262 per

961 2278 1075 2311 saxa,
1104 2277 1175 2310 per
1198 2269 1325 2311 ianas]
1362 2278 1451 2312 „per
1476 2266 1699 2313 gravissima

963 2326 1138 2361 quaeque
1152 2316 1356 2359 pericula.“
1374 2314 1571 2349 Proverbii
1584 2314 1698 2348 habet

963 2361 1526 2408 speciem‚ut0d.4,14,24.
1561 2360 1638 2395 Sat.
1666 2363 1697 2402 1,

965 2414 996 2449 1,
1023 2413 1078 2444 39.
1106 2413 1138 2452 2,
1165 2411 1198 2452 3,
1224 2411 1268 2443 56
1295 2419 1350 2454 sq.
1377 2408 1521 2443 Seneca
1544 2407 1696 2452 Hippol.

964 2459 1051 2491 700:
1094 2458 1141 2490 Te
1165 2457 1226 2490 vel
1246 2465 1316 2498 per
1347 2457 1468 2498 iones,
1499 2463 1570 2497 per
1592 2463 1696 2488 marc

962 2507 1133 2538 insanum
1149 2511 1285 2544 sequar
1298 2505 1492 2545 Rupesque
1509 2505 1542 2536 et
1559 2509 1696 2543 amnes,

961 2553 1063 2586 unda
1099 2559 1188 2592 quos
1225 2553 1369 2584 torrens
1409 2551 1522 2591 rapit.
1561 2567 1604 2572 ——
1642 2549 1697 2582 Ne

962 2607 1066 2633 cures
1091 2601 1161 2632 cet.
1171 2597 1183 2640 ]
1226 2597 1323 2631 Vere
1348 2597 1556 2631 Lambinus
1580 2596 1698 2629 inter-

961 2648 1133 2691 pretatus
1159 2648 1226 2686 est,
1251 2647 1392 2686 utnon,
1418 2643 1479 2678 vel
1503 2643 1536 2677 si
1560 2642 1696 2677 mavis:

964 2694 1164 2735 Quominus
1189 2701 1316 2726 cures·
1324 2699 1438 2724 -non
1459 2691 1539 2724 vis?
1571 2689 1694 2732 „Quin

960 2741 999 2774 id
1024 2740 1136 2782 facis,
1175 2739 1276 2783 quod
1315 2738 1425 2784 longe
1462 2737 1613 2772 facilius
1637 2738 1697 2771 est
