1786 2912
0 0 85 141 Γςῖς.
98 0 179 14 51¹⁴.

7 73 27 81 ι,

682 127 778 163 m.
800 126 831 163 1.
878 125 983 162 ΕΔΤ.
1002 125 1053 160 11.

1574 124 1627 165 17

699 297 952 342 sama
977 298 1051 342 11,

233 393 568 438 Ambubaiarum
597 392 797 448 collegia,
828 375 1187 447 pharmacopolae
1193 422 1205 443 ,

230 465 437 518 Mendici,
466 464 642 524 mimae,
674 463 937 514 balatrones,
968 462 1051 503 hoc
1080 474 1217 516 genus
1248 471 1373 500 omne

231 535 444 578 Maestum
474 548 524 576 ac
556 533 784 576 sollicitum
814 536 881 574 est
911 532 1095 574 cantoris
1128 533 1263 572 morte
1295 528 1482 584 Tigelli:

114 663 292 699 bunculis
325 666 365 698 et
393 663 588 698 ulceribus
619 665 686 696 aut
715 671 846 705 super-

115 710 373 746 crescentibus
405 714 472 744 aut
504 710 605 744 cavis
637 711 702 743 aut
726 707 847 742 sordi-

114 757 223 800 dis,⁸
261 757 447 802 quomodo
471 756 575 790 varia
605 754 845 800 lippitudinis

115 815 257 851 genera
279 804 462 838 describit
477 803 609 837 Celsus
631 806 665 843 ὀ,
682 804 715 835 6.
733 802 845 836 0118111

114 852 187 886 1100
210 851 369 885 docens:
404 851 445 892 μ
476 859 519 883 ea
543 851 582 882 in
606 850 690 882 aliis
715 850 845 889 brevis,

113 900 155 932 in
177 899 263 931 aliis
290 898 399 938 lonaa
425 899 459 930 el
484 905 580 937 quae
596 897 659 929 vix
680 904 846 936 unquam

110 946 278 988 finiatur.
323 943 519 988 Frequens
543 946 669 977 autem
693 942 847 986 lippitu-

114 991 217 1026 dinis
250 991 392 1026 mentio
426 990 538 1024 etiam
570 989 670 1034 apud
701 989 846 1023 Aristo-

113 1038 287 1092 phanem,
310 1040 354 1071 ut
375 1036 471 1071 Rau.
490 1039 557 1070 192
583 1040 654 1070 cet.
677 1035 844 1070 Ridiculi

114 1085 245 1120 nescio
278 1084 369 1129 quid
404 1084 444 1117 in
477 1085 550 1118 hoc
581 1083 711 1117 morbo
742 1083 845 1116 vide-

114 1131 207 1166 bant
228 1131 396 1176 antiqui,
420 1133 463 1164 ut
486 1131 526 1164 in
552 1129 703 1164 calvitie
727 1140 771 1164 ac
796 1130 847 1163 si-

114 1179 279 1213 milibus.
304 1197 348 1202 —
372 1178 526 1220 scrinia]
562 1177 704 1222 Lepide
730 1177 847 1222 signi-

113 1226 203 1260 ficat
225 1225 440 1270 Crispinum
463 1227 542 1259 tota
566 1225 707 1259 scrinia
731 1224 846 1258 libro·

113 1283 198 1306 rum
223 1283 247 1306 a
270 1283 312 1306 se
335 1272 635 1316 conscriptorum
651 1272 766 1316 plena
781 1271 846 1305 do-

114 1319 167 1353 mi
188 1319 380 1354 babuisse.

160 1411 211 1446 11.
235 1411 380 1446 Satirae
408 1412 525 1445 buius
550 1411 662 1446 cardo
688 1411 847 1445 vertitur

115 1459 158 1492 in
182 1469 216 1493 v.
242 1461 313 1492 24:
347 1461 445 1492 Dan
475 1461 593 1492 vitant
618 1459 721 1491 stulti
743 1460 848 1499 eilia,

114 1507 157 1539 in
169 1507 358 1539 contraria
374 1509 546 1548 mrum3
572 1506 680 1539 euius
697 1508 848 1539 senten-

115 1552 193 1587 fine
210 1552 314 1586 varia
329 1552 499 1596 exempla
521 1563 605 1586 cum
630 1552 847 1596 proposuis-

114 1601 175 1634 set
188 1609 246 1632 vv.
266 1600 374 1641 1-27.,
397 1599 482 1641 iam,
511 1603 554 1632 ut
577 1598 735 1632 eandem
760 1609 848 1632 con·

114 1645 238 1680 firmet
248 1647 361 1690 atque
374 1645 516 1691 clarius
531 1646 709 1687 illustret,
726 1648 848 1679 trans-

114 1693 147 1726 it
160 1693 210 1726 ad
225 1693 453 1727 deridendos
470 1697 723 1727 matronarum
746 1703 847 1726 moe-

115 1739 219 1781 chos,
242 1742 428 1774 amatores
458 1740 721 1774 libertinarum
746 1739 847 1772 domi

115 1796 207 1820 suae
242 1786 459 1831 degentium
496 1797 540 1821 ac
581 1797 648 1821 suo
690 1797 848 1830 corpore

116 1835 316 1878 quaestum
347 1844 416 1867 suo
446 1844 518 1877 pro
550 1833 673 1867 lubitu
705 1833 847 1867 facien-

114 1880 222 1923 tium,
245 1879 470 1914 adventores
495 1881 659 1925 denique
678 1881 849 1914 meretri-

116 1936 203 1960 cum
225 1927 434 1972 volgarium
458 1930 497 1960 et
519 1938 543 1961 a
566 1927 768 1962 lenonibus
792 1928 850 1960 in-

116 1973 264 2007 terdum
287 1974 350 2008 vel
373 1974 600 2008 nutrituram
638 1974 789 2016 (Iuven.
816 1977 849 2016 6,

116 2021 205 2054 320:
224 2022 395 2054 lenonum
410 2022 606 2063 ancillam),
627 2021 688 2055 vel
705 2024 848 2055 tantum

117 2066 188 2100 sub
200 2070 349 2102 noctem
361 2068 408 2102 ad
418 2068 693 2112 quaesticulum
706 2068 849 2102 facien-

117 2113 208 2147 dum
238 2114 280 2148 in
313 2115 420 2148 cellis
452 2115 499 2149 ab
534 2115 614 2150 illis
652 2115 849 2150 conductis

118 2163 358 2204 exceptarum
384 2162 528 2203 (Iuven.
553 2164 588 2203 6,
605 2164 695 2196 127:
724 2163 851 2196 lenone

116 2215 205 2240 suas
221 2208 300 2239 iam
314 2209 515 2241 diffluente
528 2209 718 2250 puellam),
735 2213 849 2252 atque

45 2287 48 2290 Δ
117 2253 167 2287 ad
189 2254 352 2298 triplicis
381 2254 497 2288 huius
528 2255 680 2299 generis
711 2259 851 2289 scorta-

117 2302 243 2334 torum
266 2311 416 2345 parem,
448 2301 520 2335 etsi
546 2301 731 2335 diversam
757 2302 852 2335 stul-

117 2346 239 2381 titiam
261 2347 547 2389 traducendam,
572 2348 625 2382 ita
649 2351 786 2390 tamen,
810 2352 853 2382 ut

118 2394 275 2428 iuvenes
298 2395 551 2439 maximopere
581 2395 628 2429 ab
652 2395 852 2429 adulteriis

120 2450 205 2475 cum
221 2442 402 2475 matronis
419 2442 695 2476 committendis
718 2442 853 2476 debor-

119 2489 233 2522 tetur.
282 2487 364 2527 Quo
389 2489 540 2532 quidem
565 2490 605 2522 in
630 2493 851 2534 argumento

119 2544 199 2568 ιιοιι
223 2534 307 2568 sine
330 2535 472 2570 lasciva
495 2536 656 2580 quadam
680 2536 853 2580 petulan-

121 2581 176 2614 tia
207 2580 366 2615 liberius
398 2583 649 2627 exspatiatur3
685 2583 724 2616 id
750 2583 853 2637 quod

121 2627 254 2672 negari
289 2629 442 2673 nequit,
477 2639 549 2664 nec
584 2640 673 2664 vero
709 2630 756 2664 ab
792 2630 854 2673 iis,

123 2674 191 2718 qui
208 2674 343 2718 Plauti,
365 2675 519 2718 Lucilii,
545 2676 683 2710 Catulli
708 2677 854 2711 similes

193 2742 297 2770 Emi.
309 2743 376 2769 Vol.
387 2744 427 2770 11.
452 2745 507 2770 Ra.
523 2746 621 2771 nlnor
632 2746 666 2771 V.

894 660 998 694 iocos
1021 659 1279 699 meminerint,
1311 657 1538 702 reprebendi
1564 657 1628 692 de-

894 707 968 741 bet.
1008 706 1133 750 Atque
1164 706 1237 739 hoc
1267 705 1390 749 ipsum
1415 705 1628 749 protervius

894 757 1156 798 argumentum
1198 753 1332 797 utique
1378 752 1491 797 louge
1538 751 1630 785 ube·

893 801 1031 834 riorem
1069 799 1224 833 ridiculi
1265 799 1457 832 materiem
1495 801 1629 843 poetae

893 847 1117 892 praebebat,
1159 857 1272 890 quam
1310 847 1342 879 si
1379 849 1465 890 post
1501 857 1534 878 v.
1572 847 1629 879 27.

893 895 1004 939 plura
1022 898 1219 938 praeterea
1232 894 1507 927 contrariorum
1520 892 1630 926 vitio·

894 951 977 975 rum
997 941 1165 985 exempla
1182 940 1333 984 aliaque
1359 940 1543 974 stultitiae
1568 950 1631 984 ge·

894 999 1006 1030 nera,
1043 988 1286 1022 ambitionem
1323 990 1416 1031 puta
1452 987 1512 1020 vel
1550 989 1631 1020 tru-

895 1035 1123 1077 culentiam,
1175 1038 1337 1068 tractare
1385 1033 1627 1078 perrexisset.

893 1082 1043 1116 Franke
1076 1083 1173 1116 hanc
1211 1082 1363 1115 satiram
1400 1080 1447 1114 ad
1485 1092 1518 1114 a.
1551 1082 1631 1114 714.

894 1129 1012 1164 refert
1036 1132 1074 1163 et
1096 1129 1263 1163 omnium
1290 1128 1443 1172 primam
1470 1127 1631 1161 fortasse

895 1187 979 1210 esse
1003 1176 1114 1218 dicit,
1148 1176 1391 1220 compositam
1422 1178 1509 1208 ante
1541 1175 1632 1208 ami-

895 1224 1022 1257 citiam
1064 1234 1147 1257 cum
1188 1222 1403 1256 Maecenate
1451 1222 1632 1256 iunctam.

894 1270 971 1304 Iam
988 1281 1088 1305 anno
1108 1272 1189 1304 713.
1215 1280 1296 1304 eam
1322 1270 1498 1313 scriptam
1523 1270 1633 1313 putat

897 1317 1114 1351 Grotefend.

946 1367 978 1397 1.
1019 1363 1332 1405 Ambubaiarum]
1373 1362 1632 1403 „Ambubaiao

897 1411 1076 1444 dicuntur
1099 1411 1278 1444 mulieres
1295 1410 1473 1443 tibicines
1499 1410 1634 1454 lingua

898 1457 1078 1502 Syrorum
1103 1468 1126 1491 a
1150 1468 1182 1490 v.
1203 1459 1309 1498 abab,
1335 1458 1476 1498 ambae,
1503 1456 1630 1490 tibia.⁸

897 1502 1040 1538 Sentit.
1090 1504 1183 1538 Cum
1208 1505 1338 1537 scortis
1362 1503 1632 1538 consociantur

896 1551 997 1596 apud
1029 1551 1185 1585 Sueten.
1209 1550 1295 1584 Ner.
1322 1552 1379 1584 27.
1399 1569 1442 1574 -
1461 1551 1632 1594 colleqia]

896 1599 1044 1640 iocose,
1080 1599 1189 1642 quasi
1222 1598 1356 1631 harum
1389 1597 1634 1631 muliercula-

895 1657 978 1679 rum
1004 1656 1156 1691 greges,
1190 1645 1330 1688 quibus
1354 1648 1555 1689 praeerant
1578 1645 1632 1679 le-

896 1703 1036 1734 nones,
1074 1695 1201 1726 essent
1237 1703 1283 1725 ex
1315 1692 1363 1725 iis
1397 1692 1567 1737 collegiis
1601 1702 1632 1725 s.

897 1739 1089 1774 sodaliciis
1116 1741 1305 1781 QVIBVS,
1338 1742 1381 1772 ut
1412 1742 1470 1772 est
1502 1740 1543 1772 in
1568 1738 1632 1772 In-

898 1787 1041 1831 scriptt.
1074 1798 1121 1820 m.
1156 1786 1237 1820 Lat.
1262 1785 1637 1829 N.4075.al.,131

895 1835 930 1867 s.
957 1836 991 1868 c.
1020 1835 1167 1867 come
1199 1826 1486 1866 1101111111-
1517 1811 1630 1874 ionar-
1683 1851 1687 1855 Α

896 1881 1126 1924 macopolae]
1144 1880 1413 1914 circulatorum
1431 1890 1565 1925 genus,
1584 1879 1631 1914 de

898 1939 974 1972 quo
1000 1928 1091 1962 Cato
1116 1927 1217 1972 apud
1242 1927 1339 1961 Gell.
1366 1930 1396 1967 1,
1415 1930 1472 1968 15,
1489 1930 1535 1961 9:
1559 1928 1633 1960 ἰω-

898 1984 968 2015 que
994 1974 1056 2017 (M.
1079 1974 1265 2015 Caelium)
1292 1975 1440 2015 auditis,
1466 1983 1539 2006 non
1565 1982 1633 2007 au-

895 2023 1072 2063 scultetis,
1090 2025 1279 2062 tamquam
1290 2021 1633 2063 pharmacopolam;

896 2077 984 2102 nam
1008 2071 1086 2103 eius
1109 2071 1222 2102 verba
1255 2070 1473 2109 audiantur,
1505 2076 1635 2101 verum

898 2117 931 2149 ei
954 2125 992 2149 se
1016 2125 1122 2149 nemo
1146 2117 1346 2157 committit,
1373 2117 1406 2148 ει·
1429 2123 1543 2156 aroer
1567 2118 1631 2148 est.

899 2163 1124 2204 —Mendicil
1140 2162 1328 2195 Videntur
1345 2162 1494 2203 harioli,
1508 2161 1635 2204 Isiaci,

899 2209 996 2242 Galli
1022 2209 1199 2253 (Cybelae
1228 2208 1462 2250 sacerdotes,
1486 2219 1565 2251 μητ
1614 2227 1635 2234 -

898 2253 1060 2301 γέρται),
1085 2255 1244 2289 fortasse
1270 2256 1379 2288 etiam
1404 2255 1547 2289 Iudaei.
1564 2219 1634 2288 ςκικι-

899 2312 981 2335 ven.
1008 2304 1043 2343 6,
1066 2304 1158 2335 543:
1182 2305 1368 2335 Arcanum
1392 2303 1535 2335 Iudaea
1560 2306 1634 2335 tre-

898 2357 998 2382 mens
1021 2350 1204 2382 mendicat
1226 2351 1267 2382 in
1290 2357 1422 2382 aurem
1445 2351 1634 2390 Inter-pres

902 2397 1021 2436 levum
1044 2397 1276 2437 solymorum
1300 2398 1371 2430 eet.
1421 2396 1635 2438 „Beltel-

896 2442 1390 2486 propheten.“—-mimae]
1410 2442 1635 2485 „muliercu-

900 2489 959 2523 lae
984 2489 1247 2534 gesticulariae
1278 2490 1318 2523 in
1349 2490 1474 2524 mimis
1500 2493 1539 2523 et
1563 2489 1635 2523 sal-

899 2536 1138 2579 tatriculae,“
1166 2540 1209 2571 ut
1231 2537 1284 2570 ait
1309 2537 1456 2571 Gellius
1483 2539 1515 2578 1,
1540 2538 1574 2577 5,
1599 2537 1633 2569 3.

900 2602 946 2607 -—
965 2583 1189 2627 balatrones]
1217 2609 1233 2626 „
1247 2584 1467 2618 Balatrones
1493 2585 1531 2616 et
1554 2582 1635 2617 bla-

901 2632 981 2664 teas
1006 2631 1129 2665 bullas
1162 2631 1233 2664 luti
1259 2641 1305 2664 ex
1329 2630 1541 2671 itineribus,
1568 2631 1636 2663 aut

902 2677 1003 2721 quod
1043 2677 1092 2712 de
1131 2677 1473 2712 calceamentorum
1517 2676 1635 2712 soleis
