1774 2930
631 185 723 220 LIB.
748 185 796 219 11.
844 183 995 218 EPIST.
1020 183 1067 216 ΙΙ.

210 287 386 330 Natales
417 293 536 343 grate
567 286 797 328 numeras?
826 285 1017 341 Ignoscis
1050 283 1229 326 amicis?

1517 179 1604 221 465

1517 281 1604 322 210

211 358 369 401 Lenior
400 363 444 400 et
473 358 623 400 melior
652 357 703 399 fis
735 355 962 399 accedente
993 354 1195 398 senecta?

212 428 326 477 Quid
355 433 399 471 te
430 433 630 485 exempta
660 429 775 470 levat
805 427 938 483 spinis
970 425 1023 467 de
1053 425 1245 482 pluribus
1275 423 1392 465 una?

203 499 368 554 Vivere
400 500 434 540 si
466 503 583 542 recte
613 499 775 550 nescis,
805 497 963 541 decede
995 496 1158 552 peritis.

197 570 370 619 :Lusisti
382 564 529 622 matis,
562 568 686 613 edisti
721 557 824 613 satis
856 568 983 623 atque
1012 566 1182 610 bibisti:
1212 591 1214 594 v

212 640 400 696 Tempus
432 640 550 682 abire
581 639 656 681 tibi
690 645 774 691 est,
808 653 861 680 ne
893 643 1040 694 potum
1070 637 1230 692 largius
1261 649 1397 692 aequo

1517 635 1603 675 215

213 711 365 753 Rideat
396 716 438 753 et
468 711 609 766 pulset
638 711 797 751 lasciva
826 709 1045 752 decentius
1077 713 1208 750 aetas.

189 818 268 850 212.
308 817 400 850 levat
437 820 514 850 tres
549 815 662 850 Codd.
695 815 890 857 Blandin.‚
929 815 975 856 C,
1009 813 1225 854 Bentleius,
1261 811 1554 856 Dillenburger:

140 866 241 897 iuvat
276 862 372 905 bSd‚
407 863 570 897 Bentleii
607 865 644 896 et
674 861 845 896 Pottierii
884 872 1032 902 omnes,
1067 860 1174 901 mas,
1212 861 1308 892 iuvet
1349 869 1369 892 c
1406 862 1444 892 et
1480 862 1556 892 tres

142 909 341 952 Schmidii,
366 910 423 943 Lt.
450 929 492 933 —
519 911 599 943 216.
634 910 799 943 licentius
824 908 913 943 Cod.
939 907 1180 942 Colbertinns
1206 906 1305 950 apud
1330 906 1556 941 Bentleium.

142 956 231 990 Cod.
255 957 399 991 Barthii
425 956 599 991 Adverss.
624 958 688 997 38,

140 1003 324 1047 Pottierii,
349 1003 537 1045 Schmidii,
562 1003 709 1044 nostri.)

93 1087 172 1128 na,
203 1087 314 1120 sacri.
364 1086 525 1127 Inferias
557 1086 675 1118 tacitis
699 1086 822 1120 Mam·-

95 1132 163 1166 bus
201 1133 271 1166 illa
309 1132 459 1166 dabam.
498 1151 540 1156 —
579 1134 822 1174 porumque

94 1178 291 1223 stenelo]
316 1178 512 1214 Thessalia
534 1181 689 1223 propter
715 1189 822 1223 sagas

254 1237 318 1307 ue¹
318 1226 541 1272 praestigias
562 1226 712 1259 infamis
731 1229 821 1260 erat.

94 1271 181 1317 Vid.
205 1270 275 1307 Ο.
330 1275 438 1316 ,27,
472 1275 529 1307 21.
554 1272 672 1317 Epod.
698 1275 739 1314 5,
764 1275 822 1306 45.

40 1352 42 1357 ,
94 1310 158 1352 Ut
172 1321 349 1362 portenta
386 1330 408 1354 a
441 1321 640 1353 terroribus
673 1321 823 1362 manicis

95 1365 328 1408 (umbrarum
340 1367 560 1411 praesertim
577 1366 823 1411 apparitioni-

95 1412 188 1456 bus)
221 1411 443 1458 distinguas,
468 1414 591 1458 cogita
615 1413 662 1448 de
687 1414 777 1448 luna
802 1424 822 1448 e

96 1459 200 1495 eaelo
229 1459 391 1495 deducta
415 1459 534 1502 (Plin.
558 1460 610 1494 H:—
629 1460 673 1494 N.
700 1462 765 1502 30,
791 1464 823 1502 1,

18 1511 22 1518 ¹
94 1508 137 1541 2:
167 1508 374 1542 Menander
399 1508 669 1541 Thessalam
694 1517 823 1549 coquo-

93 1554 247 1588 minavit
269 1555 456 1597 tabulam,
491 1555 715 1596 complexam
748 1563 823 1588 am-

95 1602 203 1642 baaee
226 1602 447 1643 sentinarum
471 1603 743 1635 detrahentium
771 1603 824 1636 lu-

94 1650 221 1691 nam),
246 1647 292 1683 de
308 1648 530 1682 hominum·
520 1659 561 1682 111
578 1648 717 1683 bestias
742 1660 823 1682 mu-

22 1703 23 1706 ’
94 1694 238 1730 tatione
270 1698 360 1738 eet.;
395 1696 581 1729 miracula
613 1706 702 1730 vero
736 1699 824 1730 sunt

94 1736 225 1786 globi'
213 1742 329 1788 ignei,
354 1742 523 1787 lapidum
546 1743 686 1786 pluvia,
712 1753 823 1777 voees

94 1788 271 1832 deorum,
302 1792 345 1823 ut
377 1789 518 1823 Silvani
551 1789 655 1832 (Liv.
689 1791 730 1832 2,
760 1790 823 1832 7.,)

93 1835 155 1870 Δὶί
192 1835 399 1883 Loquentis
437 1840 475 1871 et
510 1836 690 1881 pleraque
720 1815 820 1881 ’apud

93 1881 231 1917 Iulium
257 1882 547 1928 Obsequentem.

143 1977 211 2010 210
213 1978 309 2015 ·216
334 1978 485 2010 Natales
507 1981 609 2018 orale
635 1979 820 2020 numeras]

98 2021 230 2063 „Quod
253 2032 329 2055 non
354 2022 499 2056 faciunt
519 2024 676 2057 nimium
701 2025 821 2057 timidi

80 2067 144 2101 ,ad
162 2070 391 2102 senectutem
418 2071 455 2102 et
478 2072 646 2111 mortem,
672 2071 762 2114 quia
779 2082 824 2104 ex

97 2114 286 2149 natalibus
310 2115 439 2149 multis
471 2115 612 2149 obitum
637 2116 712 2150 iam
736 2128 823 2160 pro·

97 2154 280 2206 pinq'uum
304 2162 822 2206 perhorrescunt.“PoRP11.

102 2227 141 2231 -
162 2208 270 2251 levat]
294 2209 397 2243 Haec
422 2219 510 2243 vera
530 2209 676 2243 videtur
699 2210 824 2253 lectio,

96 2257 198 2289 iuvat
222 2255 426 2301 glossema,
450 2256 522 2290 etsi
547 2256 618 2290 hoc
642 2257 825 2300 praebent

97 2300 213 2336 Godd.
245 2303 408 2347 plurimi.
456 2301 573 2337 Recte
605 2303 823 2339 Bentleius.

99 2350 219 2390 „levat
251 2351 289 2384 et
312 2351 438 2394 aptius
462 2353 520 2384 est
551 2351 759 2385 sententiae
786 2355 823 2385 et

96 2395 250 2430 Horatio
298 2396 493 2431 familiare.
550 2397 656 2431 Cont.
706 2397 823 2442 Epod.

7 2458 34 2483 -p
98 2445 154 2484 11,
181 2445 237 2477 17.
264 2445 320 2486 17,
345 2446 401 2478 26.
427 2443 549 2478 Carm.
573 2443 653 2478 Sec.
672 2447 729 2479 63.
747 2445 823 2479 Sat.

98 2490 131 2532 2,
156 2491 191 2529 3,
216 2491 295 2524 292.
320 2489 415 2535 Epp.
442 2494 474 2533 1,
499 2493 532 2533 8,
558 2493 612 2524 8.“
634 2511 674 2515 ——
693 2492 823 2535 spinis]

716 958 790 995 18..
822 956 910 989 item
935 953 1032 989 Feae
1065 954 1153 988 duo.
1204 953 1274 996 (Ut
1301 964 1390 993 noS,
1425 964 1556 987 omnes

872 1082 1158 1118 sollicitudines
1193 1094 1308 1117 vanas
1341 1084 1454 1127 atque
1487 1083 1605 1117 animi

869 1131 1174 1175 perturbationes
1200 1141 1285 1165 eum
1309 1130 1430 1175 spinis
1455 1140 1604 1174 compa-

871 1182 939 1212 rat.
990 1177 1051 1212 Sic
1075 1177 1171 1223 Epp.
1200 1181 1230 1220 1,
1258 1180 1312 1218 14,
1338 1181 1378 1211 4:
1409 1179 1604 1219 Certemus,

870 1227 996 1267 spinae
1029 1227 1199 1259 animone
1233 1234 1297 1266 eqo
1330 1226 1464 1266 fortius
1489 1234 1539 1258 an
1564 1228 1606 1258 lu,

870 1273 1018 1306 Etellas
1037 1281 1142 1314 auro.
1158 1291 1200 1296 —
1214 1271 1324 1315 recte]
1344 1272 1496 1315 „virtuti
1515 1282 1605 1305 con-

871 1320 1100 1353 venienter}
1121 1339 1162 1343 —
1177 1320 1305 1354 decede
1318 1318 1461 1362 peritis]
1479 1318 1604 1360 „Quo-

871 1367 970 1400 niam
990 1370 1093 1400 recte
1111 1367 1236 1400 vivere
1255 1365 1390 1408 nescis,
1418 1365 1484 1410 qui
1501 1366 1603 1400 vivas

873 1414 1025 1447 omnino
1043 1413 1221 1459 indignus
1239 1424 1299 1456 es3
1325 1413 1505 1458 quocirca
1529 1424 1605 1447 mo-

872 1456 1004 1500 rientso
1046 1460 1094 1495 da
1134 1461 1256 1495 locum
1299 1460 1605 1505 sapientioribus,

873 1508 1011 1558 quibus
1028 1512 1094 1541 tua
1109 1509 1291 1552 prm-itate
1307 1518 1352 1542 ac
1369 1506 1517 1542 desidia
1534 1507 1601 1542 ob-

873 1559 983 1589 stas.⁴‘
1046 1553 1275 1590 observatus
1323 1565 1406 1589 esse
1455 1554 1615 1589 videtur·

871 1604 1004 1645 poetae
1021 1603 1145 1635 animo
1163 1602 1297 1636 similis
1315 1602 1423 1636 locus
1435 1600 1603 1636 Lucretii

872 1650 905 1689 3,
923 1651 1004 1683 965.
1022 1668 1066 1672 -
1083 1649 1228 1692 Lusisti]
1245 1649 1421 1694 Intellige
1443 1649 1603 1684 maxime

872 1694 917 1729 de
942 1696 1057 1730 rebus
1083 1697 1266 1730 venereis.
1315 1696 1390 1730 Cfr.
1416 1696 1603 1740 imprimis

869 1741 1004 1777 Naekii
1042 1743 1256 1777 Choerilum
1297 1754 1335 1787 p.
1378 1745 1448 1777 196.
1483 1754 1603 1788 seqq„

872 1791 937 1834 qui
963 1801 999 1834 p.
1026 1792 1106 1823 246.
1131 1791 1240 1825 affert
1265 1801 1415 1824 versum
1440 1800 1487 1824 ex
1502 1790 1603 1824 Plut.

870 1837 916 1870 de
951 1837 1037 1871 fort.
1069 1837 1176 1871 Alex.
1210 1837 1274 1871 Or.
1310 1839 1342 1871 2.
1376 1848 1412 1882 p.
1447 1839 1529 1881 336ἑ
1554 1837 1602 1871 G:

873 1880 1025 1923 ’Ἐσθιε,
1058 1888 1161 1924 πῖνε,
1192 1882 1452 1931 ἀφροδισίαζε·
1485 1883 1605 1917 τᾶλλα

869 1930 910 1963 δὲ
934 1929 1056 1965 οὐδέν.
1081 1931 1211 1966 Livius
1236 1931 1478 1966 Andronicus
1502 1932 1603 1976 apud

871 1978 1023 2012 Festum
1057 1980 1096 2012 in
1130 1990 1164 2012 v.
1198 1981 1418 2020 Anatim:
1454 1980 1604 2020 Affalim

872 2027 949 2065 edi,
989 2026 1078 2067 bibi,
1118 2027 1198 2059 lusi.
1234 2045 1277 2049 —-
1312 2028 1463 2068 Tempus
1500 2028 1603 2059 abire

873 2072 958 2114 cet.]
1001 2071 1119 2113 „Tota
1156 2075 1221 2106 tua
1262 2073 1338 2106 vita
1378 2083 1462 2106 cum
1500 2073 1602 2106 lusui

871 2128 915 2150 ac
952 2119 1123 2151 luxuriae
1160 2119 1285 2153 dedita
1322 2120 1457 2160 fuerit,
1500 2119 1601 2152 omni

871 2165 1005 2198 merito
1023 2165 1200 2210 omnique
1224 2165 1334 2200 laude
1352 2170 1466 2200 caret.
1490 2166 1604 2211 Ergo,

872 2214 915 2244 ut
947 2222 1060 2255 quam
1095 2212 1256 2256 primum
1291 2217 1411 2247 morte
1436 2213 1602 2256 finiatur,

871 2257 1077 2302 optandum
1114 2262 1188 2301 est,
1226 2270 1274 2293 ne
1311 2271 1397 2294 mox
1433 2260 1602 2295 ludibrio

871 2304 938 2339 fias
970 2305 1185 2340 iunioribus
1216 2308 1338 2351 turpis
1372 2308 1520 2342 senexst‘
1556 2326 1600 2330 —

867 2351 1013 2395 pulset]
1047 2355 1090 2386 ut
1114 2353 1211 2387 solet
1234 2353 1317 2388 fieri
1342 2355 1382 2388 in
1407 2357 1601 2409 παροινίᾳ.

873 2418 916 2422 -
936 2400 1073 2434 lasciva
1097 2400 1296 2444 decentius]
1323 2412 1458 2446 „quam
1482 2401 1602 2446 magis

871 2445 979 2480 decet
1018 2446 1193 2481 lascivire
1233 2458 1275 2482 ae
1317 2448 1447 2483 ludere
1488 2459 1600 2494 qnam

872 2495 1137 2528 senectutemd‘

173 2799 273 2824 Horat.
290 2801 351 2827 Vol.
372 2802 410 2827 Η.
429 2802 482 2828 Ed.
502 2803 593 2827 minor
614 2804 647 2828 V.
