1774 2930
6 2428 17 2463 sp
80 2417 285 2453 solitudine
326 2421 445 2453 11101.ἰ

630 137 725 172 LIB.
747 137 798 172 11.
846 137 951 172 ΕΔΤ.
974 134 1039 171 VI.

1507 135 1594 177 213

194 240 320 282 Illum
348 241 491 296 ipsum
519 241 732 281 mercatus
764 238 920 291 aravit,
951 236 1072 280 dives
1103 236 1240 279 amieo

194 311 405 354 Hercule!
428 309 494 364 Si,
517 309 631 366 quod
651 308 791 363 adest,
822 312 990 365 gratum
1010 308 1150 361 iuvat,
1179 306 1262 350 hac
1280 320 1409 363 prece
1429 310 1473 349 te
1494 320 1593 349 oro:

194 381 363 438 Pingue
392 395 524 438 pecus
556 380 726 422 domino
757 379 888 422 facias
919 383 963 422 et
994 382 1138 422 cetera
1166 381 1338 435 praeter

194 452 439 508 Ingenium,
469 455 602 508 utque
624 451 757 504 soles,
790 454 932 492 custos
962 449 1070 491 mihi
1101 449 1314 492 maximus
1345 448 1475 490 adsis.

1540 448 1594 490 15

194 523 312 579 Ergo
341 523 416 565 ubi
446 537 516 565 me
547 523 592 564 in
622 525 789 564 montes
822 525 865 563 et
896 521 941 562 in
972 534 1113 563 arcem
1144 534 1201 562 ex
1232 519 1339 562 urbe
1358 519 1534 572 removi,

195 593 309 642 Quid
337 587 455 650 prius
485 594 696 636 illustrem
727 592 868 634 satiris
899 605 1109 647 musaque
1139 590 1364 647 pedestri?

195 664 287 708 Nec
314 665 427 707 mala
456 679 525 707 me
556 664 732 706 ambitio
762 662 903 719 perdit
933 676 1013 704 1100
1043 662 1270 718 plumbeus
1302 660 1462 703 Auster

196 735 522 792 Autumnusque
550 735 713 791 gravis,
743 733 961 776 Libitinae
991 735 1194 789 quaestus
1227 732 1418 774 acerbae.

128 873 247 905 12-13.
271 872 368 904 aives
393 871 508 904 amico
531 869 707 912 Hercule]
739 868 810 910 „Ut

74 917 288 952 Mercurius
316 918 457 962 apertis
490 917 607 950 lucris
633 919 670 950 et
694 926 809 961 11030-

75 965 227 999 tiationi
238 967 422 1010 praeerat,
440 965 493 998 sic
505 964 690 997 Hercules
704 974 810 1007 oper-

78 1012 128 1046 tis
152 1013 270 1046 lucris
286 1012 366 1046 sive
390 1012 591 1046 thesauris.
629 1010 725 1044 Sunt
741 1011 808 1055 qui

72 1059 239 1094 >eundem
270 1059 446 1093 incubam
480 1069 548 1093 seu
580 1058 809 1092 incubonem

77 1116 160 1140 esse
193 1106 313 1140 velint
346 1106 400 1149 (id
425 1109 501 1148 est,
534 1105 700 1148 δαίμονα
729 1105 810 1139 the-

77 1154 200 1187 sauris
216 1153 322 1187 velut
341 1152 636 1195 incubantem).“
664 1152 807 1186 Senon.

78 1199 184 1234 Pers.
203 1202 237 1239 2.
263 1202 326 1234 10:
353 1201 383 1234 0
400 1202 432 1233 si
447 1202 520 1234 Sub
544 1203 665 1233 rastro
692 1203 809 1241 crepet

78 1249 224 1288 amenti
240 1248 328 1280 mitti
350 1249 458 1290 seria,
483 1249 615 1281 dea-tro
631 1248 810 1280 Hercule!

79 1313 124 1334 ,-
150 1296 247 1335 quod
270 1295 392 1337 adest]
426 1292 470 1327 τὸ
503 1290 645 1341 παρόν,
681 1304 810 1337 „prae-

80 1350 168 1374 seus
184 1341 354 1382 fortuna3
372 1352 468 1385 quae
486 1351 587 1374 nunc
599 1341 807 1384 possideo.“

82 1386 158 1420 crr.
183 1386 252 1420 Od.
278 1389 319 1430 3,
344 1389 408 1429 29,
434 1389 489 1420 32.
516 1406 558 1411 -
585 1390 730 1428 gratum
753 1389 810 1420 iu-

80 1433 158 1476 vat]
184 1434 258 1476 „ita
280 1434 395 1475 iuvat,
418 1437 461 1467 ut
485 1437 631 1478 gratum
658 1434 706 1467 sit
731 1434 811 1467 ani-

82 1491 142 1514 1110
159 1491 254 1514 11100.
258 1481 276 1499 “
300 1479 427 1515 'Nolim
452 1481 623 1525 accipere
641 1481 687 1514 de
705 1484 810 1526 grato

81 1537 171 1582 ergo
196 1527 286 1561 deos
306 1528 441 1570 animo,
467 1539 592 1572 neque
618 1530 675 1561 est
698 1538 811 1572 gene-

81 1574 135 1608 ris
157 1574 370 1608 masculini.

130 1615 263 1655 14-19.
287 1622 429 1663 Pir-que
454 1621 564 1675 ocul*
584 1621 734 1655 locatur
767 1621 808 1655 in

77 1667 255 1713 ambigua
287 1668 562 1713 significatione
594 1679 629 1701 v.
659 1670 807 1711 pinque,

79 1714 183 1759 quod
206 1715 254 1749 ad
277 1716 472 1760 ingenium
489 1716 649 1749 relatum
667 1716 808 1760 signifi-

78 1764 141 1796 cat
163 1772 371 1804 „ct-assum,
397 1763 578 1797 tardum.“
606 1782 649 1786 —
676 1763 807 1806 cetera]

78 1811 124 1842 ut
145 1819 254 1852 arva,
287 1813 413 1854 prata,
451 1810 599 1844 similia.
626 1829 669 1833 —
696 1813 807 1851 utque

77 1855 196 1899 soles]
230 1857 308 1899 „uti
340 1860 447 1902 grato
473 1857 597 1891 animo
631 1868 807 1902 agnosco,

80 1905 119 1936 te
150 1913 297 1947 semper
328 1905 419 1937 mihi
451 1884 675 1948 propitium⁰
689 1905 806 1939 essef‘

81 1949 187 1983 Conf.
213 1949 281 1984 Od.
307 1953 346 1993 2,
381 1953 419 1993 7,
455 1954 498 1984 13
524 1962 580 1995 sq.
606 1971 648 1974 —
676 1952 807 1994 custos]

76 1993 219 2043 Ἑρμῆς
248 1977 396 2040 λόγιος,
433 2000 628 2042 poetarum
662 2009 807 2042 semper

81 2045 220 2085 custos,
244 2044 344 2078 unde
369 2045 438 2078 hos
462 2056 519 2078 vo
512 2048 570 2078 cat
593 2047 691 2077 viros
711 2047 808 2079 Mer-

81 2091 238 2122 nav-{ates
255 2090 324 2124 Od.
342 2093 375 2133 2,
394 2093 449 2133 17,
467 2094 523 2125 29.
542 2110 584 2114 -
609 2093 650 2124 in
671 2095 809 2126 montes

81 2135 174 2178 cet]
212 2137 281 2179 „in
319 2137 477 2171 Sabinos
513 2141 658 2171 montes
696 2142 734 2172 et
768 2140 809 2172 in

81 2182 209 2216 villam
225 2186 381 2226 meam“,
397 2193 529 2225 arcem,
546 2185 638 2228 quia
660 2186 699 2218 in
725 2186 808 2219 loco

82 2229 192 2272 edito,
217 2231 256 2264 in
274 2231 463 2265 radicibus
484 2233 621 2264 Usticae
646 2233 810 2266 cubantis

82 2275 412 2321 (od.1‚17,11.)‚
436 2278 631 2312 aedificata
655 2282 745 2312 erat.
762 2299 811 2303 —

81 2324 179 2365 Quid
210 2327 316 2366 prius
349 2325 441 2368 cet.]
484 2325 624 2370 Supple
667 2337 808 2370 „quam

80 2369 178 2404 hanc
216 2372 451 2415 felicitatem,
489 2384 565 2417 qua
595 2374 635 2406 in
668 2374 810 2407 rustica

509 2419 669 2464 Scripsit
710 2421 809 2454 enim

79 2463 174 2499 haec
199 2469 263 2499 aut
288 2467 487 2511 scripsisse
513 2478 552 2501 se
577 2467 686 2512 fingit
716 2468 808 2510 ruri,

75 2512 262 2554 quocirca
297 2514 369 2548 11οο
406 2514 515 2547 dicit:
559 2513 689 2556 „Nunc
724 2525 807 2548 cum

80 2557 122 2591 in
158 2559 337 2594 Sabinum
374 2571 498 2595 meum
535 2572 580 2594 ex
611 2561 712 2595 Urbe
749 2572 808 2595 me

83 2607 228 2650 recepi,
253 2607 414 2649 Satirae,
447 2619 558 2652 quam
583 2619 808 2653 componere

82 2649 157 2684 fert
190 2654 355 2697 animus,
396 2658 656 2700 argumentum
698 2653 807 2700 101130

17 2716 26 2744 s
75 2698 314 2741 aptissimum
338 2702 377 2735 id
395 2703 476 2744 erit,
502 2705 544 2736 ut
568 2703 665 2737 laeto
682 2703 807 2736 animo

857 868 1071 912 praedicem
1122 867 1382 902 rusticationis
1430 866 1595 911 insignia

857 915 999 959 bona3⁴⁶
1046 926 1165 959 eaque
1209 914 1334 949 statim
1375 916 1591 948 enumerat:

860 963 954 1004 „Hic
979 962 1079 996 enim
1111 973 1183 996 1100
1215 972 1330 1006 prava
1355 961 1508 995 ambitio
1534 971 1592 995 me

857 1011 986 1044 vexat“
1014 1012 1084 1044 cet.
1121 1028 1169 1034 —
1205 1017 1382 1050 musaque
1417 1007 1592 1051 pedestri]

858 1057 934 1091 cfr.
985 1056 1059 1091 Sat.
1110 1060 1154 1099 1,
1203 1059 1248 1099 4,
1297 1058 1355 1089 47.

860 1106 914 1147 12,
941 1107 974 1138 9.
1022 1104 1066 1137 A.
1092 1103 1133 1137 P.
1159 1105 1217 1137 95.
1265 1102 1359 1148 Epp.
1385 1105 1419 1145 2,
1447 1104 1593 1145 1,·‘250:

856 1159 1039 1185 sermones
1052 1170 1067 1176 -
1081 1170 1096 1176 -
1108 1153 1286 1193 Repentes
1324 1159 1394 1191 per
1430 1151 1590 1183 humum.

859 1199 1018 1238 Quintil.
1045 1201 1107 1241 10,
1140 1201 1179 1242 1,
1213 1199 1281 1231 81:
1318 1198 1472 1230 muttum
1499 1198 1594 1230 enim

857 1255 970 1287 supra
1005 1254 1155 1287 prosam
1188 1246 1390 1278 orationem
1424 1248 1456 1277 et
1483 1253 1594 1284 quam

854 1294 1054 1334 pedestrem
1103 1290 1236 1335 (πεζὸν
1277 1288 1416 1335 λόγον)
1461 1292 1594 1324 Graeci

857 1343 988 1373 vocant
1035 1341 1152 1380 surgit
1205 1339 1374 1381 (Plato).
1426 1357 1467 1361 —
1518 1340 1594 1372 Nec

857 1387 959 1419 mala
1006 1395 1062 1419 me
1118 1387 1267 1419 ambitio
1320 1385 1464 1428 perdit]
1514 1384 1591 1419 Cfr.

860 1433 983 1466 Ovid.-
1007 1433 1153 1467 Metam.
1191 1436 1253 1474 11,
1295 1434 1384 1466 P3135:
1432 1434 1592 1466 secretos

858 1483 994 1513 montes
1032 1483 1063 1514 et
1105 1481 1413 1513 inambitiosa
1450 1480 1591 1513 colebat

858 1530 976 1561 Rura.
1012 1527 1176 1561 Ambitio
1202 1530 1327 1560 autem
1351 1527 1455 1560 mala
1481 1537 1590 1560 voca-

857 1578 919 1608 tur
954 1575 1065 1608 etiam
1099 1574 1174 1608 Sat.
1208 1576 1250 1616 2,
1284 1577 1324 1616 3,
1359 1575 1436 1615 78.,
1470 1583 1591 1615 prava

857 1621 932 1655 Sat.
958 1624 991 1663 1,
1017 1625 1050 1664 6,
1075 1623 1145 1658 51.
1169 1622 1306 1654 misera
1332 1621 1407 1655 Sat.
1432 1624 1464 1663 1,
1482 1624 1516 1661 4,
1533 1623 1591 1655 26.

859 1672 890 1711 1,
916 1671 948 1711 6,
976 1647 1075 1711 129.,
1105 1670 1228 1701 inanis
1253 1667 1347 1712 Epp.
1373 1670 1415 1710 2,
1441 1670 1482 1710 2,
1509 1670 1590 1702 207.

857 1735 900 1739 —
939 1717 1132 1757 plumbeus
1179 1715 1331 1758 Auster]
1383 1715 1590 1769 (Sciron-ca)

858 1766 987 1805 ,aestu
1014 1774 1083 1797 suo
1110 1773 1248 1807 corpus
1277 1773 1503 1807 aggravans,
1536 1763 1590 1795 vi-

855 1821 994 1855 resque
1019 1813 1072 1844 ita
1090 1813 1310 1852 extenuans,
1335 1813 1377 1842 ut
1400 1810 1496 1843 nihil
1514 1821 1591 1844 mo-

856 1858 920 1891 liri
945 1858 1086 1902 possim
1111 1868 1237 1902 neque
1264 1856 1400 1891 studiis
1421 1858 1588 1891 vacare.“

856 1904 944 1938 vid.
969 1905 1017 1937 ad
1042 1904 1111 1938 od.
1138 1906 1171 1946 2,
1198 1907 1253 1946 14,
1281 1906 1323 1937 15
1351 1915 1428 1948 seq.
1448 1924 1491 1927 —
1515 1906 1591 1937 Au-

856 1954 1072 1992 tumnusque
1115 1951 1263 1994 mavis]
1312 1951 1589 1995 „pestilentiam

857 2009 986 2033 secum
1016 1999 1209 2032 afferens.“
1261 1998 1336 2032 Cfr.
1362 1998 1431 2032 Od.
1457 2001 1499 2040 3,
1533 2001 1590 2041 23,

858 2047 899 2078 8:
941 2048 1120 2087 Pamisero
1159 2054 1269 2086 mave
1306 2049 1445 2086 tempus
1479 2054 1588 2079 anno.

855 2093 1089 2126 Autumnum
1117 2094 1299 2133 letiferum
1332 2093 1503 2126 nominat
1528 2092 1590 2125 Iu·

858 2150 940 2172 ven.
971 2142 1012 2181 4,
1046 2141 1103 2172 56.
1130 2158 1173 2162 —
1199 2139 1379 2182 Libitina]
1411 2139 1590 2173 funerum

858 2186 928 2219 dea
943 2186 1075 2219 Italica
1098 2186 1206 2219 modo
1232 2196 1316 2219 cum
1336 2186 1589 2230 Proserpinae

857 2233 966 2266 modo
993 2243 1076 2266 cum
1101 2232 1262 2266 Veneris
1295 2233 1450 2267 numine
1477 2245 1499 2267 a
1522 2233 1588 2267 do-

858 2280 1040 2314 ctioribus
1059 2281 1271 2321 coniuncta,
1297 2280 1337 2312 in
1360 2281 1470 2314 cuius
1494 2284 1587 2314 tem-

856 2327 961 2370 plum
985 2338 1054 2370 pro
1080 2338 1229 2371 quoque
1246 2327 1382 2361 funere
1407 2338 1585 2362 nummus

857 2373 1109 2417 inferebatur3
1135 2375 1235 2416 item,
1262 2385 1512 2419 quaecunque
1539 2375 1587 2409 ad

857 2421 991 2455 funera
1014 2421 1262 2465 pertinebant,
1287 2422 1340 2455 ibi
1365 2422 1587 2456 locabantur

858 2471 895 2501 et
910 2469 1189 2512 vendebantur3
1215 2469 1341 2514 igitur,
1364 2480 1438 2513 quo
1455 2470 1585 2513 plures

857 2515 1131 2557 moriebantur,
1166 2526 1210 2549 eo
1243 2517 1361 2550 maior
1394 2519 1432 2550 et
1464 2517 1586 2560 ipsius

857 2562 948 2596 deae
974 2565 1012 2596 et
1035 2563 1339 2605 libitinariorum,
1365 2563 1432 2607 qui
1452 2563 1586 2596 funera

858 2609 1054 2652 curabant,
1071 2613 1249 2654 quaestus
1267 2613 1357 2644 erat.
1381 2610 1482 2643 Suet.
1497 2609 1583 2642 Ner.

858 2658 920 2690 39:
947 2658 1159 2690 Pestilentia
1189 2659 1299 2690 unius
1325 2658 1493 2689 autumni
1516 2657 1582 2689 tri-

856 2705 956 2744 qima
981 2705 1151 2745 funerum
1175 2705 1277 2737 mitia
1301 2705 1342 2736 in
1364 2705 1587 2737 rationem

1440 1055 1509 1090 od.
1558 1056 1592 1098 2,
1657 1053 1663 1059 ’
