1774 2930
595 183 690 218 Lm.
714 183 745 218 L
792 182 947 220 EPIST.
968 181 1089 217 xm.

1514 181 1596 222 371

204 285 337 339 Quid,
367 286 443 342 qui
473 284 689 342 pervenit,
721 283 879 327 fecitne
909 282 1121 326 viriliter?
1150 282 1285 338 Atqui

204 356 289 399 Hic
319 360 386 399 est
416 361 490 398 aut
510 369 735 412 nusquam,
768 354 883 411 quod
902 354 1159 410 quaerimus,
1190 352 1275 395 Hic
1303 366 1411 394 onus
1441 351 1602 405 horret,

202 427 263 469 Ut
290 427 436 484 parvis
466 426 621 469 animis
653 430 696 468 et
725 439 858 482 parvo
889 438 1066 485 corpore
1094 424 1258 466 maius:

1544 424 1602 464 40

202 497 290 540 Hic
318 497 434 540 subit
464 502 508 540 et
537 496 711 553 perfert.
758 495 848 538 Aut
877 496 1013 537 virtus
1044 508 1200 537 nomen
1231 494 1359 536 inane
1391 499 1482 547 est,

206 569 296 610 Aut
325 568 455 610 decus
487 572 531 610 et
560 567 746 623 pretium
775 570 892 609 recte
922 566 1030 622 petit
1062 566 1288 621 experiens
1319 565 1398 606 vir.

208 638 363 681 Coram
392 653 496 694 rege
527 652 605 680 suo
635 637 690 680 de
720 641 972 693 paupertate
1003 640 1194 678 tacentes

208 709 314 751 Plus
343 712 547 765 poscente
579 709 739 761 ferent3
771 707 921 761 distat,
953 721 1154 749 sumasne
1184 706 1414 762 pudenter,

186 846 243 878 43.
266 853 336 878 naa
360 855 380 878 e
407 843 496 878 cod.
521 842 693 878 Patrensi
718 842 922 876 Bentleius‘
937 852 980 876 ac
1006 852 1035 876 s.

91 955 249 990 sationis
273 956 363 990 est.“
415 954 492 989 Cic.
518 955 558 988 in
583 954 661 988 Pis.
687 956 726 997 5,
754 956 820 988 1οε

93 1003 151 1036 An
172 1005 287 1044 potest
309 1003 393 1036 ulla
418 1011 491 1036 esse
517 1002 722 1043 excusatio,
747 1010 821 1034 non

92 1050 214 1083 dicam
245 1050 342 1083 male
364 1050 553 1090 sentienti,
586 1049 650 1082 sed
671 1050 820 1089 sedenti,

93 1098 301 1139 cunctanti,
355 1097 549 1130 dormienti
573 1114 588 1120 -
613 1113 628 1119 -
653 1096 794 1128 consuli
806 1097 822 1127 ?

93 1141 199 1188 Virg.
225 1142 293 1178 Ge.
310 1144 344 1183 3,
368 1145 457 1177 456:
481 1143 636 1175 meliora
661 1144 744 1176 deos
768 1151 822 1175 se-

93 1191 153 1224 det
177 1191 301 1223 omina
321 1198 483 1231 poscens.
510 1209 553 1214 —
578 1189 686 1232 Esto]
713 1191 800 1222 mei
809 1208 824 1215 -

93 1239 348 1279 netweaen!
389 1256 431 1260 —
475 1236 605 1279 „Quid
650 1247 823 1270 curamus

94 1283 286 1318 homiuem
322 1283 522 1328 ignavum?
573 1283 713 1317 Contra
745 1283 824 1324 ille,

96 1330 164 1374 qui
188 1330 370 1364 molestiis
387 1331 645 1375 periculisque
671 1341 824 1374 supera-

96 1377 146 1410 tis
170 1377 217 1410 ad
241 1376 354 1411 finem
386 1387 496 1411 suum
521 1376 671 1411 tandem
695 1387 827 1421 perve-

97 1423 166 1466 nit,
190 1434 319 1458 nonne
336 1424 370 1458 is
388 1424 465 1468 egit
481 1424 675 1458 animose?
700 1424 826 1467 Atque

96 1470 138 1503 in
154 1470 227 1504 hoc
243 1471 337 1515 ipso,
360 1470 401 1504 in
419 1473 573 1504 strenue
591 1470 826 1515 impigreque

96 1517 253 1562 agendo,
279 1517 391 1552 cardo
408 1517 569 1552 vertitur
586 1516 655 1558 r'ei,
681 1517 726 1550 de
753 1528 829 1562 qua

97 1565 337 1608 quaerimus3
374 1567 441 1598 aut
473 1565 621 1598 fortiter
658 1564 828 1608 sciteque

98 1611 288 1656 inceptum
313 1613 484 1646 nostrum
513 1621 736 1656 peragamus
762 1622 828 1645 ne-

97 1668 173 1702 que
206 1668 375 1703 unquam
399 1659 564 1692 animum
598 1657 829 1702 despondea-

97 1715 192 1747 mus,
217 1708 295 1748 aut,
320 1705 353 1739 si
370 1708 524 1750 propter
549 1706 723 1739 inertiam
748 1715 828 1739 ces-

95 1752 318 1794 saverimus,
342 1752 446 1797 digni
467 1763 557 1786 sane
583 1752 734 1793 erimus,
760 1752 826 1796 qui

97 1801 392 1833 contemnamur.
397 1800 415 1817 ‘⁶
443 1818 486 1822 ——
511 1799 584 1832 Hic
617 1799 744 1842 est]„
755 1799 828 1832 hoc

98 1845 182 1879 loco
208 1848 276 1879 est.
281 1846 298 1864 “
316 1865 365 1870 —-
380 1855 471 1879 onus
490 1846 627 1889 horret]
655 1857 827 1891 „magno-

98 1902 188 1937 pere
214 1885 449 1936 reformidat·
440 1894 472 1912 ·“
503 1893 633 1927 eadem
657 1896 829 1927 constru-

100 1939 244 1979 ctione,
270 1950 346 1983 qua
370 1939 445 1974 Cic.
470 1940 517 1973 ad
541 1939 617 1973 Att.
643 1942 676 1981 9,
702 1943 758 1981 2a,
784 1942 827 1974 2·

100 1986 239 2027 inarati
262 1988 378 2019 animi
402 1988 538 2019 crimen
563 1988 705 2019 horreo.
740 1986 830 2020 Cae-

102 2042 163 2065 sar
186 2032 230 2065 B.
256 2031 300 2065 G.
326 2035 365 2075 1,
390 2034 454 2066 32:
480 2034 639 2073 quod--

86 2079 355 2112 emunitatem
378 2096 394 2103 ·

656 2035 831 2066 Ariovisti

418 2098 434 2104 -
457 2080 658 2112 horrerent.
684 2099 729 2103 —-
758 2082 830 2113 Aut

102 2125 218 2157 virtus
259 2125 343 2167 cet.]
386 2126 488 2168 „Aut
528 2125 722 2159 fatendum
763 2129 831 2167 est,

101 2170 199 2204 falsa
223 2171 411 2216 opinione,
441 2182 518 2205 non
543 2182 597 2213 re,
622 2173 691 2205 niti
717 2172 833 2206 virtu-

103 2220 198 2259 tem,
235 2220 318 2259 aut,
356 2219 388 2252 si
422 2218 505 2252 eius
536 2218 698 2262 pretium
733 2220 833 2253 ultro

104 2264 365 2309 agnoscimus,
397 2268 551 2309 propter
580 2276 661 2299 eam
687 2265 835 2299 difficil-

103 2311 195 2345 lima
229 2322 403 2356 quaeque
440 2315 478 2346 et
508 2312 761 2356 perpetranda
798 2315 835 2346 et

104 2357 302 2392 toleranda
327 2361 436 2401 sunt,
465 2359 602 2403 quibus
628 2359 757 2393 arduis
782 2362 836 2393 at·

105 2415 181 2449 que
206 2415 297 2439 vera
312 2405 424 2439 laude
442 2406 566 2451 dignis
591 2406 754 2450 inceptis
772 2406 836 2440 ad-

104 2452 382 2486 numerandum
407 2463 562 2495 censeo,
588 2453 621 2486 si
647 2453 733 2497 quis
758 2464 834 2487 non

105 2498 173 2532 vili
197 2499 434 2541 adulatione,
464 2500 530 2534 sed
554 2501 700 2545 magnis
726 2501 837 2535 meri-

105 2545 156 2579 tis
178 2546 394 2591 principum
417 2547 581 2581 virorum
611 2547 836 2582 benevolen-

107 2590 198 2626 tiam
229 2603 274 2627 ac
305 2594 470 2628 favorem
496 2594 569 2628 sibi
597 2598 717 2638 parat.
721 2594 739 2612 “
764 2595 837 2628 vir-

108 2639 167 2671 tus
190 2640 464 2693 significatione
490 2651 579 2675 vere
595 2641 766 2675 Romana
790 2641 835 2675 de

110 2686 241 2728 quavis
264 2687 389 2729 laude,
414 2698 525 2732 quam
543 2688 755 2722 actionibus
772 2698 838 2722 no-

110 2731 199 2765 stris
230 2735 269 2766 et
298 2733 460 2768 fortibus
493 2738 531 2769 et
562 2735 732 2769 honestis
762 2735 839 2769 adi-

870 954 1063 998 piscimur.
1099 972 1142 977 -
1183 962 1312 987 nomen
1354 952 1486 995 inane]
1530 951 1607 986 Cfr.

871 1000 964 1046 Epp.
993 1004 1024 1042 1,
1050 1003 1084 1043 6,
1110 1001 1173 1034 31:
1204 1002 1377 1033 Virtutem
1402 1001 1511 1033 verba
1538 1007 1608 1041 pu-

871 1050 928 1081 tas
954 1051 986 1081 et
1004 1049 1143 1081 Lucum
1168 1048 1281 1089 tiana.
1302 1066 1344 1070 —
1362 1047 1473 1090 recte]
1502 1047 1606 1088 „iure

871 1105 915 1129 ac
940 1095 1110 1129 merito.“
1132 1114 1174 1118 -
1203 1095 1395 1136 experiens
1420 1093 1489 1136 vir]
1518 1094 1606 1138 „qui

872 1143 997 1176 omnia
1024 1142 1235 1186 experitur,
1261 1152 1337 1186 quo
1363 1140 1411 1175 ad
1436 1140 1609 1185 proposi·

873 1192 951 1222 tum
974 1189 1212 1234 perveniat;“
1239 1189 1606 1229 unternehmend,

874 1237 1208 1269 entechlossen.
1259 1235 1337 1272 Cic.
1377 1235 1486 1268 Verr.
1520 1235 1607 1268 Acc.

874 1285 907 1323 3,
925 1285 981 1323 21,
999 1285 1063 1316 53:
1088 1284 1192 1315 homo
1210 1291 1328 1316 navus
1345 1285 1377 1314 et
1395 1283 1608 1323 industrius,

875 1331 1206 1371 experientissimus
1240 1338 1284 1362 ac
1308 1330 1608 1370 diligentissimus

875 1379 1013 1410 orator.
1041 1375 1147 1409 ovid.
1173 1375 1322 1409 Metam.
1350 1378 1406 1414 14,
1433 1378 1523 1409 159:
1551 1385 1610 1408 co-

876 1432 949 1458 mes
975 1425 1191 1466 experientis
1221 1424 1348 1456 Uliscei.

924 1473 1045 1503 43-45.
1072 1472 1205 1504 Coram
1230 1470 1315 1513 cet]
1340 1470 1419 1503 Iam
1444 1480 1490 1503 ex
1515 1470 1610 1503 mul-

877 1518 924 1550 tis
950 1517 1181 1562 praeceptis,
1212 1528 1309 1562 quae
1335 1517 1424 1550 dare
1450 1519 1609 1561 poterat,

877 1574 998 1608 pauca
1040 1563 1243 1608 quaedam,
1285 1564 1350 1598 sed
1392 1564 1610 1608 praecipua,

879 1611 1078 1655 (pudoris,
1103 1611 1327 1653 modestiae,
1353 1611 1609 1655 prudentiae,)

877 1658 998 1692 amico
1034 1658 1213 1692 inculcat.
1264 1657 1441 1692 Ceterum
1467 1668 1609 1692 summa

877 1715 964 1738 cum
980 1705 1185 1739 festivitate
1202 1705 1375 1750 depingit
1399 1705 1440 1738 in
1456 1704 1516 1738 his
1536 1705 1612 1738 vol-

875 1753 1023 1797 garium
1048 1755 1327 1786 assentatorum
1351 1752 1540 1786 inscitiam
1566 1762 1609 1786 ac

876 1800 1117 1843 pravitatem,
1157 1810 1232 1843 qua
1263 1801 1439 1843 potentes
1473 1798 1611 1833 amicos

878 1857 989 1890 saepe
1015 1856 1037 1879 a
1062 1857 1150 1880 vera
1168 1846 1334 1880 amicitia
1349 1846 1548 1890 repellant.
1568 1865 1610 1869 -

876 1903 960 1935 reae
985 1893 1236 1936 suo]„,amico
1264 1904 1332 1927 suo
1358 1893 1609 1937 potentiore“,

878 1943 919 1973 ut
944 1939 1037 1984 Epp.
1066 1943 1096 1981 1,
1123 1943 1158 1982 7,
1184 1942 1240 1974 37.
1266 1939 1411 1974 Seneca
1436 1940 1482 1974 de
1500 1939 1610 1973 BreV.

879 1987 976 2020 vitae
1010 1989 1051 2027 3,
1085 1989 1125 2020 2:
1164 1988 1232 2021 Dic
1265 1990 1444 2027 quantum
1476 1996 1521 2020 ex
1544 1988 1613 2020 isto

880 2037 1039 2074 tempore
1066 2035 1244 2074 creditor,
1278 2037 1457 2074 quantum
1481 2036 1612 2075 amica,

881 2083 1060 2120 quantum
1084 2089 1180 2122 rex,
1206 2083 1385 2120 quantum
1407 2082 1517 2113 cliens
1535 2082 1614 2113 abs-

881 2128 1018 2159 tulerit.
1068 2126 1262 2160 Lectionis
1303 2135 1374 2159 sua
1414 2126 1614 2160 admodum

882 2174 1017 2217 exigua
1041 2184 1062 2206 a
1096 2173 1290 2206 codicibus
1315 2176 1373 2207 est
1397 2175 1614 2208 auctoritas.

881 2219 1006 2263 Atque
1039 2220 1099 2252 vel
1132 2223 1286 2264 propter
1319 2231 1453 2254 versus
1484 2231 1616 2254 caesu-

882 2277 961 2300 ram
994 2268 1160 2310 praestat
1190 2276 1277 2309 suo,
1311 2267 1349 2300 id
1382 2270 1458 2301 est:
1498 2278 1616 2309 „nun-

871 2323 995 2357 *quam
1020 2313 1143 2347 locum
1168 2314 1278 2347 illum
1307 2324 1542 2348 communem
1568 2315 1615 2349 de

882 2362 1104 2404 paupertate
1122 2363 1160 2395 et
1174 2361 1306 2394 multis
1322 2361 1513 2406 variisque
1531 2362 1615 2396 eius

883 2407 1127 2441 incommodis
1154 2410 1372 2453 tangentes,
1402 2412 1446 2442 ut
1469 2408 1617 2442 faciunt

883 2453 961 2496 alii,
987 2465 1073 2498 quo,
1099 2455 1130 2488 si
1154 2455 1263 2497 forte,
1287 2456 1413 2489 fautor
1428 2456 1617 2500 intelligat

884 2500 987 2544 ipsos
1013 2511 1166 2546 quoque
1182 2502 1230 2536 iis
1247 2502 1368 2546 premi
1380 2508 1428 2536 ‘ac
1453 2513 1617 2546 pauper·

885 2547 981 2582 culis
998 2549 1128 2582 amicis
1146 2549 1297 2583 tandem
1311 2552 1521 2590 succurrat,
1539 2559 1616 2582 non

886 2594 968 2628 sine
1000 2595 1115 2629 tacita
1143 2595 1305 2640 quadam
1338 2596 1617 2639 contemptione

885 2651 930 2675 ac
969 2641 1259 2686 despicientia.“
1320 2642 1426 2676 Conf.
1469 2642 1614 2676 Colum.

885 2688 931 2722 R.
946 2688 992 2722 R.
1016 2689 1133 2733 praef.
1153 2693 1185 2731 1,
1210 2692 1250 2722 9:
1275 2690 1330 2721 An
1352 2690 1534 2722 honestius
1550 2690 1617 2722 du-

886 2737 1004 2769 xerim
1019 2737 1263 2770 mercennarii
1279 2737 1494 2769 salutatoris
1518 2744 1620 2768 men-
