1774 2930
652 177 746 211 LlB.
769 176 800 210 1.
850 174 1000 210 EPIST.
1024 174 1126 210 xlx.

1554 176 1640 217 395

246 279 345 322 Non
375 293 477 335 ego,
508 278 716 321 nobilium
747 278 1000 333 scriptorum
1031 276 1199 319 auditor
1230 281 1273 319 et
1302 277 1433 329 ultor,

250 349 557 392 Grammaticas
588 349 751 391 ambire
780 348 917 390 tribus
947 352 991 390 et
1019 347 1186 403 pulpita
1217 344 1397 402 dignor:

1582 347 1640 387 40

247 420 362 463 Hinc
390 420 491 463 illae
519 420 732 462 lacrimae.
782 418 942 475 Spissis
973 417 1150 473 indigna
1178 417 1358 459 theatris

249 491 417 547 Scripta
445 490 580 547 pudet
609 490 789 533 recitare
821 494 865 532 et
893 489 1021 544 nugis
1053 487 1209 531 addere
1239 488 1425 544 pondus,

249 561 296 604 Si
326 561 444 603 dixi:
475 561 629 614 Rides,
662 562 744 613 ait,
777 564 820 602 et
848 559 962 602 Iovis
994 559 1166 601 auribus
1197 559 1282 600 ista

249 631 428 686 Servas3
461 632 556 673 fidis
588 633 702 674 enim
731 645 904 674 manare
935 631 1105 686 poetica
1134 630 1263 673 mella

131 759 330 794 Manifesto
363 771 397 794 v.
424 762 599 794 nobilium
624 764 729 794 extra
753 762 860 806 εἰρω-

132 808 236 840 νείαν
284 807 448 852 positum
501 806 696 841 ἀντίθεσιν
744 807 861 841 efficit

131 856 457 895 orammaucarum
482 856 652 887 tribuum.
676 873 719 878 —
746 855 859 897 ultor]

130 900 227 939 Alii,
255 903 297 946 nt
319 901 507 943 Wieland,
533 902 632 935 serio
657 901 858 946 accipiunt.

134 948 233 990 „Hos
267 948 471 992 scriptores
503 948 550 982 ab
586 948 731 993 iniquis
763 949 860 982 vitu-

128 995 390 1039 perationibus
425 995 627 1029 defendere
652 1006 859 1040 eorumque

131 1041 384 1086 patrocinium
396 1042 588 1086 suscipere
598 1042 735 1076 soleo.“
750 1042 858 1082 Quod

131 1091 256 1122 tamen
305 1097 390 1123 cum
437 1089 674 1134 arrogantius
718 1089 859 1123 dictum

130 1133 323 1178 videatur,
362 1138 510 1180 gratum
550 1147 654 1170 nunc
694 1147 858 1181 agnosco

130 1181 255 1216 iocum
297 1192 380 1216 cum
421 1182 624 1225 Lambino,
675 1183 859 1222 Bentleio.

131 1228 230 1270 aliis,
258 1232 302 1262 ut
324 1231 423 1263 ullor
449 1240 535 1263 eum
560 1230 766 1275 significet,
792 1232 859 1274 qui

131 1275 297 1309 vicissim
330 1276 409 1310 illis
444 1278 610 1311 carmina
634 1287 702 1310 sua
726 1279 860 1311 recitet

134 1331 274 1366 eosque
297 1322 351 1356 ita
374 1324 492 1358 veluti
515 1324 669 1368 puniat,
703 1325 859 1357 Wieder-

131 1370 331 1412 vercellen-3
345 1381 457 1414 quam
471 1371 695 1404 sententiam
709 1382 859 1415 expres-

134 1415 184 1449 sit
217 1415 409 1450 Iuvenalis
442 1419 459 1450 1
473 1443 482 1459 ,
522 1420 564 1450 1:
612 1419 760 1459 Semper
796 1428 861 1459 eqo

134 1463 285 1495 auditor
308 1465 474 1497 lantum?
497 1472 732 1506 nunquamne
756 1474 861 1507 repo-

134 1517 222 1542 nam
263 1511 417 1543 Vesulus
453 1512 556 1544 toties
591 1509 699 1544 rauci
736 1513 861 1546 These-

133 1556 194 1589 ide
231 1557 364 1590 cndu-i?
396 1576 440 1581 —-
474 1558 739 1591 Grammaticus
776 1559 859 1601 cet.]

132 1600 302 1647 Imagine
332 1614 465 1638 rursus
497 1604 545 1638 ab
578 1605 719 1639 ambitu
744 1607 861 1649 petita

133 1652 395 1690 flammaticus
418 1653 531 1685 tribus
555 1655 644 1686 sunt
669 1653 777 1696 quasi
803 1664 861 1687 se-

134 1698 216 1731 oue
242 1695 427 1740 (eliqua)
451 1700 796 1743 grammaticorum,
821 1700 860 1734 id

134 1745 210 1785 est,
249 1743 466 1779 criticorum
506 1745 860 1790 (Aestuetiker),

132 1788 316 1834 imprimis
339 1792 545 1836 antiquarii
570 1793 643 1834 illi,
670 1794 734 1837 qui
761 1797 860 1828 vete-

133 1846 195 1870 res
234 1839 384 1881 poistas,
422 1839 605 1882 Ennium,
642 1840 860 1883 Pacuvium,

133 1883 313 1927 Accium,
367 1886 581 1928 Lucilium,
637 1888 860 1931 aequalibus

135 1931 225 1972 suis,
248 1931 411 1976 Virgilio
428 1934 587 1967 maxime
612 1938 724 1978 atque
740 1935 860 1969 Hora-

133 1977 204 2018 tio,
228 1980 515 2022 anteponebant.
562 1981 611 2014 Hi
636 1981 772 2025 igitur,
803 1983 861 2014 in-

136 2023 237 2066 quit,
267 2025 371 2058 velut
403 2029 530 2060 essent
559 2026 714 2061 XXXV.
740 2029 860 2061 tribus

74 2093 79 2096 .
135 2070 267 2113 populi
290 2070 468 2114 Romani,
502 2073 563 2106 ius
588 2074 662 2107 sibi
686 2078 862 2119 arrogant

137 2116 316 2162 suffragia
346 2118 392 2152 de
425 2120 546 2163 postis
578 2120 742 2162 ferendi,
776 2121 861 2164 quis

136 2162 257 2206 primo
281 2164 365 2198 loco
390 2165 526 2210 dignus
551 2167 618 2208 sit,
652 2167 716 2211 qui
741 2168 781 2200 in
808 2178 864 2201 se·

137 2209 260 2244 cundo
285 2212 442 2246 tertiove
459 2213 665 2247 subsistere
690 2213 862 2247 debeant.

139 2274 183 2279 —
205 2258 371 2301 pulpita]
396 2260 640 2302 Lehrn'tze,
674 2261 862 2294 chaire-s.

138 2301 296 2342 Quintil.
322 2307 378 2346 11,
403 2308 437 2348 3,
463 2308 549 2340 130:
583 2316 664 2339 cum
689 2309 726 2339 in
750 2316 864 2349 anqu-

136 2352 192 2384 slo
223 2353 382 2392 quodam
411 2354 553 2395 pulpito
586 2356 687 2387 stans
719 2355 863 2388 dicer-el.

138 2396 221 2436 Quo
253 2399 436 2434 vocabulo
461 2401 571 2434 simul
595 2401 719 2445 lepide
745 2401 866 2446 signi-

137 2443 223 2478 ficat
254 2445 423 2480 homines
451 2447 543 2481 istos
578 2458 654 2481 non
680 2458 762 2482 esse
788 2448 863 2482 nisi

137 2490 311 2526 ludorum
350 2494 567 2538 magistros,
613 2494 658 2528 ad
705 2505 864 2539 quorum

135 2537 281 2573 iudicia
304 2540 493 2584 respicere
526 2541 627 2575 infra
650 2543 782 2586 poEtae
806 2542 863 2575 di-

138 2586 315 2629 gnitatem
341 2587 391 2621 sit
413 2588 587 2631 positum.

184 2634 241 2666 41.
281 2635 339 2667 42.
385 2636 483 2668 Hinc
524 2636 614 2668 illae
662 2636 860 2679 lacrimae]

138 2676 339 2722 Propterea
369 2681 471 2726 quod
501 2682 634 2716 horum
668 2682 862 2716 hominum

140 2725 295 2768 gratiam
331 2738 408 2761 non
447 2739 606 2773 quaero,
645 2730 736 2763 mihi
775 2734 863 2764 sunt

908 763 1102 804 tantopere
1151 759 1291 793 infesti.
1309 760 1326 776 ⁴⁶
1394 758 1640 792 Proverbium

907 807 1068 851 petitum
1105 818 1150 840 ex
1184 806 1338 840 Terent.
1375 805 1492 839 Andr.
1533 809 1572 845 1,
1609 808 1640 847 l,

908 856 964 888 99.
999 853 1075 887 Cic.
1110 864 1178 898 pro
1205 853 1332 886 Caelio
1359 853 1424 894 25,
1450 855 1518 886 61:
1543 854 1642 886 Hinc

907 901 996 934 illae
1046 902 1217 934 lacrimae
1266 901 1439 933 ninurum
1481 903 1513 933 el
1553 901 1641 933 haec

907 955 1022 980 causa
1048 950 1098 981 est
1125 949 1254 980 horum
1277 949 1438 980 omnium
1461 948 1641 980 sceler-um

908 997 942 1027 et
976 996 1179 1027 mutinum.
1207 1013 1249 1018 —
1282 995 1411 1035 spissis
1450 993 1534 1036 cet.]
1570 993 1639 1034 „Si

907 1041 985 1074 dixi
1011 1052 1057 1075 ex
1081 1041 1196 1075 animi
1222 1042 1295 1074 mei
1323 1041 1531 1075 sententia:
1563 1040 1641 1074 Nu—

908 1099 973 1132 gas
997 1099 1099 1122 meas
1118 1088 1331 1133 (opuscula)
1357 1088 1549 1132 frequenti
1575 1098 1641 1122 au-

908 1135 1071 1169 ditorum
1106 1146 1245 1169 corona
1277 1135 1451 1180 indignas
1479 1135 1640 1169 recitare

909 1188 945 1216 et
970 1183 1041 1216 hoc
1066 1187 1150 1216 actu
1184 1183 1267 1226 ipso
1302 1183 1349 1216 iis
1383 1183 1518 1215 addere
1548 1191 1640 1224 pon-

908 1231 993 1270 dus,
1027 1229 1065 1262 id
1091 1234 1167 1270 est,
1199 1229 1455 1263 demonstrare
1480 1240 1538 1263 me
1563 1240 1641 1264 ma-

908 1277 973 1321 gni
1000 1287 1063 1310 ess
1081 1276 1216 1317 facere,
1241 1277 1409 1320 profecto
1427 1287 1486 1310 me
1504 1276 1640 1321 pudet;

908 1334 1107 1367 perperam
1134 1324 1190 1357 illi
1223 1334 1357 1357 sensus
1390 1334 1494 1358 meos
1523 1323 1641 1357 inter-

908 1374 1107 1414 pretantur
1132 1375 1169 1404 et
1194 1370 1448 1404 simulatorem
1474 1381 1531 1404 me
1559 1381 1640 1404 cre-

910 1417 1037 1463 dunt.“
1090 1417 1235 1451 Similia
1270 1420 1360 1451 sunt
1391 1417 1435 1450 A.
1468 1417 1509 1451 P.
1548 1419 1640 1451 205:

907 1466 1023 1506 spissa
1048 1465 1192 1498 sedilia.
1225 1465 1319 1509 Epp.
1345 1467 1378 1505 2,
1406 1467 1438 1506 r,
1463 1467 1528 1498 60:
1555 1468 1638 1499 arlo

907 1513 1045 1553 stipala
1085 1513 1226 1544 theatro
1250 1530 1266 1536 -
1290 1513 1421 1545 Roma.
1481 1513 1641 1545 Theatra

909 1562 1034 1591 autem
1059 1559 1096 1591 h.
1122 1559 1145 1592 l.
1179 1558 1376 1592 manifesto
1411 1562 1501 1592 sunt
1532 1559 1640 1593 audi-

909 1606 1025 1646 toria,
1061 1606 1101 1638 in
1128 1606 1265 1649 quibus
1295 1606 1435 1650 scripta
1460 1616 1530 1639 sua
1552 1608 1641 1650 poe·

911 1655 968 1686 tae
993 1653 1193 1696 imprimis,
1228 1657 1308 1686 tum
1333 1653 1444 1686 etiam
1468 1653 1639 1687 historici

910 1702 947 1733 et
971 1703 1151 1741 oratores,
1176 1710 1300 1734 coram
1327 1700 1455 1733 multis
1481 1701 1640 1734 recitare

909 1746 1090 1780 solebant.

1003 1796 1122 1827 43-45.
1150 1795 1259 1827 Rides
1282 1794 1368 1837 cet.]
1396 1793 1639 1834 ,Ludificaris

909 1851 991 1881 nos,
1016 1840 1142 1884 inquit
1159 1843 1423 1886 grammaticus
1449 1841 1540 1874 mihi
1566 1841 1640 1874 ini-

910 1898 1026 1932 quus,
1060 1892 1098 1921 et
1121 1889 1193 1921 ista
1225 1888 1335 1922 nobis
1367 1888 1540 1922 invidens
1572 1888 1640 1921 uni

907 1935 1078 1979 Augusto
1104 1934 1301 1969 recitanda
1326 1938 1487 1969 servas.“
1508 1955 1551 1958 —
1571 1935 1638 1978 ait]

908 1985 951 2014 ut
975 1981 1074 2024 apud
1092 1982 1194 2015 Pers.
1215 1984 1246 2024 1,
1272 1985 1329 2015 40.
1353 1982 1484 2015 Iuven.
1510 1985 1544 2023 9,
1570 1985 1641 2023 63.,

910 2028 954 2061 de
993 2028 1182 2065 auditore,
1224 2040 1335 2073 quem
1372 2029 1638 2073 obloquentem

911 2074 1018 2107 nobis
1044 2076 1268 2119 cogitamus:
1295 2087 1371 2119 qua
1396 2076 1640 2119 significatio-

910 2131 958 2154 ne
990 2121 1227 2164 frequentius
1259 2126 1315 2155 est
1346 2123 1475 2162 inquit.
1502 2141 1546 2146 —
1581 2125 1641 2155 Io-

911 2168 963 2200 vis
988 2169 1158 2210 auribus]
1183 2169 1261 2202 fere
1288 2171 1331 2201 ut
1355 2168 1430 2202 Sat.
1457 2171 1489 2210 2,
1515 2172 1549 2210 6,
1575 2171 1639 2203 52:

913 2215 998 2247 deos
1044 2217 1215 2254 quoniam
1260 2217 1411 2257 propius
1451 2218 1640 2258 concinnis.

912 2259 1020 2294 Ovid.
1046 2261 1156 2295 Trist.
1184 2266 1215 2303 1,
1243 2265 1273 2304 1,
1300 2265 1357 2296 81.
1382 2263 1429 2296 de
1445 2262 1639 2308 Augusto:

911 2309 972 2341 ne
997 2317 1154 2349 quoque,
1182 2317 1276 2350 quae
1300 2311 1410 2352 semi,
1436 2311 1556 2351 faleor
1580 2313 1640 2343 10-

910 2355 965 2387 m's
1001 2364 1106 2388 arma
1142 2357 1292 2389 timere:
1327 2357 1416 2390 item
1454 2357 1567 2391 Trist.
1606 2359 1640 2400 5,

912 2402 953 2443 2,
978 2404 1035 2436 46.
1062 2402 1107 2436 de
1140 2403 1293 2437 eodem:
1333 2405 1373 2438 Si
1403 2406 1461 2445 sas
1494 2408 1545 2437 est
1578 2406 1640 2437 ho·

910 2450 1001 2482 nini
1032 2457 1113 2482 cum
1139 2452 1222 2483 Iove
1251 2459 1357 2491 posse
1394 2452 1502 2492 loqui.
1530 2471 1572 2474 —
1599 2453 1640 2492 n-

911 2497 966 2528 dis
1002 2497 1098 2530 enim
1134 2497 1220 2540 cet.]
1264 2496 1375 2539 „Nam
1416 2509 1638 2542 persuasum

911 2545 970 2576 est
1000 2543 1088 2585 tibi,
1122 2546 1159 2577 te
1197 2555 1328 2578 versus
1362 2545 1473 2578 edere
1506 2545 1640 2588 quovis

910 2589 1021 2624 melle
1045 2590 1253 2632 dulciores,
1287 2592 1325 2624 id
1350 2596 1426 2630 est,
1459 2595 1495 2624 te
1522 2602 1639 2624 unum

911 2637 1102 2681 egregium
1138 2641 1286 2682 poetam
1324 2646 1441 2671 esse.··
1478 2657 1520 2662 —
1559 2647 1638 2672 ma-

911 2684 1021 2727 nare]
1046 2685 1261 2725 transitive,
1295 2688 1337 2718 ut
1362 2684 1467 2718 Ovid.
1494 2684 1579 2719 Met.
1605 2688 1639 2727 6,

912 2732 999 2764 312:
1025 2732 1194 2765 lacrimas
1212 2733 1322 2764 eliam
1338 2740 1433 2765 nunc
1450 2740 1638 2765 marmora
