1774 2930
669 120 763 155 Lm.
787 119 835 155 11.
886 118 990 155 sA'r.
1012 118 1078 154 IV.

1549 119 1630 161 189

235 223 512 280 Pythagoran
541 221 761 278 Anytique
791 234 912 264 reum
943 220 1200 276 doctumque
1228 219 1423 262 Platona.

234 294 465 337 Peccatum
493 292 644 346 fateor,
676 305 772 335 cum
802 296 847 334 te
878 292 940 333 sic
969 295 1162 347 tempore
1192 291 1316 334 laevo

235 364 568 421 Interpellarim3
602 363 679 406 sed
709 362 785 406 des
815 363 986 405 veniam
1019 361 1156 404 bonus
1187 375 1275 404 oro.
1606 363 1632 404 5

237 434 363 484 Quod
393 435 430 476 si
458 434 722 477 interciderit
748 433 828 475 tibi
859 447 972 475 nunc
1002 432 1176 489 aliquid,
1206 436 1377 489 repetes
1409 446 1524 485 mox,

238 506 339 549 Sive
370 509 437 548 est
466 509 643 547 naturae
674 504 756 547 hoc
786 504 877 546 sive
908 504 1025 557 artis,
1057 504 1190 545 mirus
1220 508 1415 559 utroque.

239 575 354 625 Quin
384 575 427 618 id
459 580 550 618 erat
581 589 721 628 curae,
753 589 836 631 quo
867 579 991 630 pacto
1023 578 1175 616 cuncta
1205 579 1412 627 tenerem,

238 647 398 703 Utpote
427 661 498 689 res
529 650 680 688 tenues
711 646 831 688 tenui
862 659 1058 687 sermone
1089 649 1298 701 peractas,

187 729 195 735 “
238 717 333 760 Ede
353 717 730 770 hominisnomen,
753 716 879 758 simul
902 719 946 759 et
966 715 1185 758 Romanus
1207 730 1262 758 an
1283 715 1456 771 hospes,

1582 714 1635 756 10

238 789 341 845 Ipsa
367 802 531 830 memor
560 790 790 843 praecepta
821 800 985 840 canam,
1019 786 1227 828 celabitur
1258 791 1418 828 auctor.

231 859 392 918 ,Longa
421 858 575 915 quibus
607 857 738 900 facies
771 857 862 899 ovis
895 857 989 910 erit,
1022 857 1097 899 illa
1127 861 1356 910 memento,

238 929 296 972 Ut
325 929 416 972 suci
443 929 634 972 melioris
664 932 708 971 et
736 932 785 970 ut
813 928 952 984 magis
982 928 1081 970 alba
1109 927 1317 981 rotundis,

221 1037 276 1069 11.
310 1037 393 1077 Ipse
419 1034 455 1077 S,
480 1010 582 1069 corr..
604 1034 641 1077 b,
663 1034 811 1068 Veneta
837 1035 938 1068 1841.
965 1052 1009 1058 -
1037 1035 1093 1067 13.
1119 1034 1220 1067 alma
1243 1033 1440 1068 Bentleius
1467 1034 1592 1067 conie-

172 1083 281 1117 otnra
303 1085 342 1116 et
364 1081 413 1124 Π,
438 1083 520 1116 alta
545 1082 582 1123 (a
607 1081 723 1116 verbo
749 1082 865 1124 alere)
892 1081 1204 1127 Cuninghamius,
1229 1081 1355 1122 ampla
1380 1080 1563 1116 Clericus.

124 1177 290 1210 ordinm
337 1177 468 1210 locis
500 1177 857 1218 comprehendamus.

125 1241 169 1248 -—
190 1223 354 1266 vincant]
376 1223 535 1268 Propter
558 1223 683 1267 ipsum
707 1233 741 1256 v,
767 1231 858 1263 qua-

127 1272 180 1304 lia
203 1270 465 1304 coniunctims
493 1271 627 1314 utique
653 1270 775 1314 aptior
800 1272 859 1304 est

127 1326 240 1361 quam
263 1319 406 1350 vincent
430 1318 489 1351 vel
513 1319 682 1358 vincunt,
718 1317 858 1361 quippe

127 1364 193 1408 qui
218 1363 422 1409 significet:
457 1364 613 1408 „qualia
641 1363 754 1397 facile
778 1364 860 1407 pal-

126 1421 223 1445 mam
272 1411 371 1446 ferre
410 1411 560 1455 possint
598 1410 858 1456 Pythagoricis

127 1458 380 1502 comparata-¹⁴
430 1457 538 1492 Oonf.
563 1457 656 1502 Epp.
685 1460 724 1499 1,
748 1460 789 1500 4,
814 1460 859 1491 3:

125 1506 290 1540 scribere
345 1506 442 1546 quod
502 1506 602 1539 Cassi
648 1506 859 1538 Parmensis

127 1553 304 1594 opuscula
349 1553 485 1585 vinem.
538 1551 701 1597 Egregie
748 1554 861 1606 poeta

127 1599 303 1643 exprimit
317 1598 503 1633 Athenaei
518 1599 615 1632 illud
633 1600 666 1642 7,
679 1601 743 1633 36:
761 1598 861 1633 Αλα-

126 1642 279 1688 ζονικόν
295 1646 377 1680 ἐστι
402 1645 478 1679 πᾶν
501 1644 547 1679 τὸ
570 1646 645 1679 τῶν
669 1648 861 1694 μαγείρων

128 1692 507 1735 mozon—Anytique
523 1693 643 1735 reum]
671 1692 862 1728 Socratem

127 1742 345 1775 accusatum
360 1751 384 1774 a
400 1739 537 1775 Meleto
555 1741 744 1785 huiusque
770 1741 859 1775 sub·

130 1787 377 1832 scriptoribus
403 1784 680 1834 (συνηγόροις)
709 1788 862 1832 Lycone

129 1838 166 1868 et
182 1836 310 1877 Anyto,
336 1835 402 1879 qui
428 1835 580 1879 quidem
607 1834 771 1869 Socratis
796 1835 861 1869 ad-

128 1882 379 1916 versariorum
408 1881 520 1927 longe
545 1881 619 1915 fuit
642 1883 860 1925 acerrimus,

128 1927 225 1962 Plat.
248 1928 357 1972 Apol.
383 1928 486 1963 Socr.
510 1940 547 1973 p.
573 1931 630 1962 23.
655 1929 698 1963 E.

177 1977 250 2008 4-9.
287 1977 446 2016 tempore
480 1976 597 2017 laevo]
637 1975 860 2020 Oppositum

133 2020 207 2055 Sat.
233 2023 275 2064 2,
300 2024 341 2063 1,
368 2023 434 2055 18:
465 2024 594 2056 dextro
619 2025 790 2064 tempore.
815 2043 862 2047 —

133 2067 258 2109 bonus]
282 2067 366 2102 Non
391 2071 449 2102 est
471 2079 541 2112 pro
566 2070 746 2111 vocativo,
773 2070 861 2103 sed:

134 2124 232 2194 ,Εἰς
268 2124 383 2194 „21:21
425 2114 702 2205 tuimbocq‘iitgtiql
724 2117 863 2170 optim-e

132 2171 183 2194 mi
247 2171 298 2194 no
339 2186 348 2193 .
398 2171 479 2194 —t
522 2170 562 2194 er
737 2172 866 2203 „exci-

133 2207 233 2241 derit
257 2218 277 2241 e
301 2207 479 2242 memoria
502 2210 655 2252 propter
685 2209 865 2253 interpel-

134 2254 312 2288 lationem
341 2255 496 2289 meam.“
524 2274 568 2279 —
594 2256 746 2298 repetes]
782 2256 865 2298 „fa-

135 2301 207 2335 cile
239 2302 434 2336 revocabis
466 2302 507 2335 in
539 2303 790 2336 memoriam.“
821 2321 865 2327 —

134 2349 239 2390 artis]
274 2349 505 2390 „memoriae
530 2349 736 2383 artificialis
762 2360 783 2383 a
809 2349 866 2383 Si-

134 2395 285 2429 monide
315 2395 542 2438 inventae“,
573 2399 727 2441 propter
754 2407 867 2441 quam

135 2442 327 2476 scientiam
360 2453 383 2476 a
413 2442 519 2477 Catio
552 2443 759 2477 affectatam
791 2454 868 2477 ma-

133 2489 257 2523 litiose
299 2500 383 2523 eum
431 2490 565 2524 irridet
603 2490 796 2525 Horatius.
820 2509 869 2515 —

135 2536 272 2579 tenues]
296 2536 334 2570 h.
359 2537 385 2570 l.
412 2533 597 2579 πλεκτοῖς,
632 2537 789 2571 subtiles
814 2541 868 2572 at-

136 2593 209 2626 que
241 2583 371 2617 subtili
405 2594 576 2618 sermone
607 2587 781 2619 accurate
807 2595 869 2619 ex-

135 2629 319 2672 positas-‘⁶
370 2630 447 2664 Cic.
478 2631 594 2665 Acad.
629 2634 669 2674 2,
704 2634 767 2674 14,
799 2634 867 2666 43:

138 2677 254 2709 tenuis
279 2679 312 2710 et
337 2680 448 2711 ucula
472 2679 664 2712 distinctio.

955 1177 1160 1209 10-11.Bde
1172 1176 1326 1208 hominis
1337 1174 1483 1218 nomen]
1499 1173 1642 1209 Seneca

906 1222 1024 1267 Epist.
1051 1225 1119 1256 14:
1153 1223 1246 1264 Ede,
1275 1223 1416 1263 inquis,
1443 1224 1640 1255 auctorem.

907 1288 951 1292 —
969 1269 1115 1312 canam]
1140 1269 1250 1313 quasi
1275 1269 1371 1303 alter
1395 1268 1641 1312 Empedocles

907 1316 968 1350 vel
1000 1317 1112 1350 etiam
1145 1316 1400 1361 Pythagoras:
1436 1317 1643 1357 Munna--

908 1365 1082 1405 Quaeque
1099 1364 1163 1397 diu
1181 1365 1334 1404 latuere,
1351 1371 1495 1396 canam.
1518 1362 1642 1405 (Ovid.

906 1410 992 1444 Met.
1012 1412 1068 1453 15,
1086 1410 1182 1452 146.)
1194 1410 1391 1453 —auclorJ
1407 1409 1501 1450 Quis
1514 1410 1643 1452 fuerit,

908 1460 1088 1502 exputare
1135 1467 1212 1491 non
1254 1467 1467 1501 possumus.
1531 1456 1643 1491 Haud

907 1515 1066 1549 prorsus
1098 1504 1347 1548 improbabile
1380 1507 1456 1546 est,
1494 1503 1643 1538 Catium

907 1552 1034 1596 ipsum
1074 1552 1115 1585 in
1157 1552 1255 1585 libro
1298 1562 1366 1586 suo
1408 1551 1643 1596 significasse

908 1599 1090 1643 pleraque
1109 1609 1149 1633 se
1166 1598 1303 1633 debers
1321 1599 1402 1632 viro
1419 1598 1535 1632 alicui
1557 1608 1645 1632 con-

910 1646 1042 1690 spicuo
1067 1646 1255 1690 simulque
1284 1646 1375 1680 artis
1401 1645 1644 1690 coquinariae

909 1694 1160 1737 peritissimo,
1199 1694 1307 1727 cuius
1343 1703 1482 1727 nomen
1520 1696 1644 1727 tamen

911 1740 1110 1775 celandum
1134 1740 1265 1782 fuerit,
1296 1751 1344 1774 ne
1370 1740 1536 1785 dignitas
1563 1740 1645 1774 eius

911 1798 1065 1832 quoquo
1084 1787 1192 1821 modo
1209 1787 1460 1821 minueretur.
1487 1786 1557 1820 Cui
1574 1787 1646 1820 hoc

911 1846 934 1869 a
953 1834 1173 1868 Scholiastis
1199 1837 1339 1868 temere
1366 1834 1566 1868 confictum
1591 1833 1646 1867 vi-

909 1881 1070 1924 debitur,
1094 1882 1128 1916 is
1146 1882 1246 1915 dicat
1261 1881 1464 1915 helnonem
1481 1882 1646 1926 aliquem

908 1929 1021 1963 nobis
1046 1929 1216 1974 ignotum
1242 1929 1419 1970 describi,
1449 1929 1509 1962 vel
1534 1929 1646 1962 talem

910 1979 1101 2010 auctorem
1115 1975 1162 2010 ab
1175 1976 1333 2010 Horatio
1351 1986 1420 2010 suo
1437 1976 1522 2009 iure
1538 1986 1646 2019 pror-

911 2033 975 2057 sus
1000 2023 1127 2056 fictum
1153 2034 1248 2057 esse.
1292 2023 1487 2067 Quidquid
1511 2023 1647 2056 horum

912 2073 987 2111 est,
1020 2069 1220 2103 admodum
1243 2070 1416 2104 festivam
1442 2080 1524 2103 esse
1551 2069 1648 2102 Catii

911 2116 1147 2150 reticentiam
1180 2117 1341 2160 quisque
1375 2117 1486 2150 facile
1522 2116 1648 2150 sentit.

911 2162 1036 2207 Atque
1068 2173 1224 2206 prorsus
1260 2164 1314 2196 sic
1347 2174 1406 2207 ap.
1437 2163 1649 2197 Lucianum

914 2211 998 2256 περὶ
1013 2209 1235 2256 Παρασίτου
1253 2212 1286 2243 4.
1306 2209 1435 2243 Simon
1459 2210 1649 2254 parasitus

914 2257 1005 2311 artils
1027 2267 1117 2311 suae
1131 2254 1316 2311 ’σύστημα
1340 2258 1494 2301 exponit
1518 2256 1649 2298 σοφοῦ

913 2313 1018 2345 τινος
1042 2314 1225 2346 ακουσας.

964 2352 1112 2395 12-«14.
1138 2351 1283 2395 Lonaa]
1319 2351 1453 2393 „Bene
1487 2351 1534 2385 ab
1569 2351 1649 2385 ovis

915 2398 1057 2441 coepit,
1098 2398 1137 2431 id
1175 2401 1250 2441 est,
1287 2398 1334 2432 ab
1370 2398 1481 2432 initio
1521 2407 1649 2439 cenae,

914 2447 957 2478 ut
982 2444 1072 2479 alibi
1099 2445 1190 2487 (Sat.
1216 2447 1249 2487 1,
1273 2447 1305 2487 3,
1323 2445 1396 2487 7.):
1422 2447 1468 2478 ab
1494 2454 1561 2478 ovo
1590 2446 1651 2477 Us-

915 2500 984 2532 que
1001 2494 1050 2525 ad
1065 2494 1166 2526 mala
1184 2494 1276 2526 cet.“
1309 2492 1405 2526 Aen.
1420 2511 1463 2515 —
1479 2494 1557 2525 suci
1579 2500 1652 2524 me·

917 2539 1032 2582 lior-is]
1047 2539 1228 2583 Plerique
1247 2539 1435 2584 explicant
1462 2535 1653 2580 ῃεύχυμό-

915 2596 1023 2631 τερα,
1056 2597 1153 2630 quae
1184 2586 1334 2620 facilius
1361 2587 1651 2629 concoquuntur

917 2633 1184 2677 salubriusque
1226 2634 1499 2666 nutrimentum
1545 2642 1653 2676 prae-

917 2679 1042 2714 bent.“
1069 2680 1202 2715 Celsus
1222 2682 1255 2722 2,
1274 2682 1337 2714 20:
1363 2681 1459 2713 Boni
1474 2680 1554 2712 suci
1567 2681 1653 2712 sunt
