1786 2912
145 153 179 194 8'
648 153 856 188 HORATII
880 152 1164 189 SATIRARUM

262 246 428 296 Furtim
458 253 630 298 defossa
660 254 855 297 timidum
886 252 1101 311 deponere
1131 254 1278 298 terra?

1472 260 1474 263 .
1521 250 1524 254 ⁴
1537 246 1550 263 ὁ

265 324 390 373 Quod
421 326 458 367 si
489 326 770 378 comminuas,
802 325 932 367 vilem
961 325 1181 382 redigatur
1211 325 1265 369 ad
1295 338 1450 371 assem.

263 395 339 449 At,
372 396 416 437 ni
447 396 492 439 id
521 396 581 450 fit,
615 396 716 453 quid
747 395 876 439 habet
896 396 1063 452 pulchri
1094 400 1362 441 constructus
1393 398 1598 442 acervus?

261 465 381 510 Milia
411 466 611 510 frumenti
642 471 715 509 tua
746 466 912 508 triverit
943 481 1043 509 area
1073 472 1263 522 centum,

1599 468 1657 511 45

260 536 357 579 Non
388 541 486 580 tuus
518 538 598 580 hoe
630 538 770 595 capiet
799 541 949 580 venter
979 538 1075 594 plus
1107 544 1156 581 ac‘
1186 553 1329 594 meus;
1362 543 1410 582 ut
1442 539 1479 583 si

262 607 508 651 Reticulum
539 609 662 666 panis
695 608 868 652 venales
900 609 1012 651 inter
1043 612 1197 652 onusto

262 678 392 722 Forte
422 679 554 722 vehas
587 679 782 733 humero,
816 679 948 722 nihilo
979 680 1076 737 plus
1109 681 1293 738 accipias
1325 689 1452 738 quam

265 749 347 799 Qui
378 750 439 793 nil
469 751 660 808 portarit.
707 750 790 794 Vel
821 750 907 805 dic,
941 751 1042 808 quid
1073 751 1231 795 referat
1261 752 1375 796 intra

260 821 450 865 Naturae
480 822 586 865 fines
618 822 797 876 viventi,
830 822 979 879 iugera
1010 826 1180 866 centum
1211 838 1266 866 an

1601 823 1658 866 50

260 891 378 935 Mille
409 894 531 937 aret?
578 893 636 936 At
668 908 799 937 suave
832 897 897 937 cst
929 891 1169 951 exvj‘magno
1202 894 1351 938 tollere
1382 907 1547 938 acervo.

145 1017 320 1061 quaestui
340 1027 490 1062 operam
517 1017 596 1059 des,
624 1016 688 1052 sed
717 1019 878 1052 tantum-

144 1063 274 1105 modo,
307 1067 349 1097 ut
381 1065 466 1110 plus
500 1065 637 1100 habeas
674 1076 785 1110 quam
819 1076 878 1100 ce·

145 1111 217 1145 teri
244 1121 385 1145 omnes.
428 1112 579 1153 Verum,
606 1124 760 1158 quaeso,
787 1113 879 1158 quid

147 1160 182 1192 te
216 1158 319 1193 iuvat
344 1159 436 1193 cet.“
464 1179 506 1183 —-
534 1161 676 1194 Furtim
711 1160 878 1205 defossa]

146 1206 207 1248 „in
234 1206 475 1241 altitudinem
502 1208 596 1241 clam
631 1208 783 1248 effossa,
816 1219 877 1242 ex-

146 1254 307 1287 cavata.“
360 1253 462 1300 Virg.
498 1254 563 1289 Ge.
591 1257 631 1297 3,
667 1257 759 1289 376:
801 1256 879 1297 Ipsi

145 1302 184 1333 in
231 1302 380 1342 defossis
421 1304 594 1344 specubus
641 1311 770 1337 secura
811 1304 877 1336 sub

145 1348 226 1381 alta
252 1349 335 1381 Otia
368 1352 482 1390 ayunt
516 1353 630 1384 terra.
681 1350 771 1384 Adv.
797 1351 877 1391 sur-

145 1396 208 1427 cim
239 1399 364 1429 autem
398 1396 607 1441 significat:
650 1400 877 1440 „caventem‚

145 1452 192 1475 ne
211 1443 297 1486 quis
316 1443 410 1477 sorte
431 1445 701 1488 superveniens
720 1448 769 1486 te,
787 1445 876 1478 dum

142 1488 301 1531 defodis,
316 1491 566 1535 conspiciat“;
582 1493 694 1537 plane
710 1495 752 1526 ut
766 1503 876 1537 sagae

143 1536 232 1570 illae
261 1537 335 1571 Sat.
357 1541 386 1578 1,
414 1541 446 1578 8,
473 1541 536 1573 42:
565 1541 677 1580 thue
697 1541 774 1581 lupi
791 1541 875 1573 bar-

144 1585 227 1617 bam
237 1603 251 1609 -
262 1602 276 1609 -
287 1586 497 1619 Abdiderint
522 1588 652 1628 furtim
670 1588 789 1630 terris,
817 1597 877 1622 ca·

144 1630 227 1665 dem
256 1632 428 1666 cautione
456 1637 616 1668 utentes.

193 1680 311 1712 43-48.
349 1682 451 1721 Quod
483 1683 514 1714 si.
548 1682 634 1723 cet-l
673 1681 743 1724 ,At
779 1681 811 1715 si
838 1679 876 1715 id

143 1726 228 1759 auri
246 1726 406 1770 pondus,
432 1727 555 1773 inquit
573 1739 720 1770 avarus,
739 1740 876 1774 expen-

144 1772 267 1806 dendo
302 1774 487 1817 minuam,
531 1776 711 1820 paulatim
753 1787 876 1821 usque

143 1819 190 1853 ad
239 1831 359 1854 assem
415 1827 655 1858 consumetur
706 1823 875 1868 adeoque

145 1878 285 1912 egenus
328 1871 438 1913 atque
482 1870 589 1914 inops
632 1871 751 1906 fiam.“
803 1871 875 1905 Re-

145 1913 305 1959 spondet
343 1919 470 1959 poeta:
523 1917 687 1959 „Verum
726 1918 801 1952 nisi
835 1918 875 1952 in

143 1963 380 1996 necessarios
418 1975 510 1998 usus
551 1965 651 2010 quod
691 1976 786 2009 opus
820 1969 900 2003 est,

143 2019 296 2053 erogas,
332 2010 420 2053 quid
456 2012 547 2045 cet.“
578 2031 619 2036 —
654 2014 763 2046 Milia
797 2022 876 2046 cen-

143 2056 243 2098 tum]
278 2057 455 2091 modium.
492 2078 533 2081 -
569 2060 734 2103 triverit]
771 2060 875 2105 Virg.

148 2102 212 2136 Ge.
243 2105 272 2143 1,
300 2105 387 2136 298:
420 2107 465 2138 El
491 2107 607 2139 medio
635 2110 747 2140 tostas
774 2111 878 2140 aestu

147 2151 231 2183 terit
255 2159 345 2184 area
371 2153 504 2193 sruqes.
556 2153 714 2198 Proprie
748 2155 877 2199 fruges

147 2199 323 2230 teruntur
358 2198 394 2231 in
423 2210 510 2233 area
535 2199 655 2234 bobus
683 2202 742 2235 vel
767 2201 877 2246 equis

146 2244 193 2278 ad
229 2244 402 2279 tribulam
438 2248 627 2281 traliamve
654 2249 805 2283 iunctis.
831 2266 879 2273 —·

148 2291 320 2325 Ceterum
332 2293 425 2326 male
441 2294 528 2327 olim
546 2295 639 2328 tales
652 2295 878 2330 enuntiatio-

147 2349 227 2378 nes.
254 2338 291 2371 in
313 2339 448 2383 quibus
476 2340 610 2375 Graeci
638 2346 797 2377 utuntur
823 2343 879 2376 in-

145 2385 309 2419 dicativo
338 2386 547 2427 (Demostli.
581 2388 730 2433 Olynth.
758 2392 789 2431 3,
818 2391 878 2423 18:

148 2435 214 2465 καὶ
240 2432 306 2465 νῦν
332 2432 377 2465 οὐ
403 2433 502 2477 λέγει
538 2445 592 2476 τις
618 2434 662 2468 τὰ
687 2436 878 2475 ,νίΐελτιστω

147 2477 318 2520 ἀναστὰς
341 2477 455 2522 ἀλλος
487 2479 627 2515 εἰπάτω
660 2482 778 2525 κτλ),
812 2495 879 2528 pro

147 2527 506 2571 interrogationibus
534 2529 732 2563 habebant.
760 2531 879 2565 Fritz-

77 2588 85 2596 ·
148 2574 238 2608 sche
272 2574 318 2608 ad
354 2574 540 2619 Aristoph.
577 2576 724 2610 Thesm.
760 2589 795 2621 p.
823 2581 879 2612 49.

148 2621 250 2655 hunc
277 2621 397 2665 ipsum
418 2622 540 2655 locum
566 2623 746 2657 afferens:
776 2625 880 2665 „Cla-

149 2669 230 2702 rius
255 2668 350 2702 hanc
377 2679 465 2709 rem,
493 2681 603 2714 quam
631 2669 783 2711 Graeci,
810 2671 880 2706 La-

149 2715 218 2749 tini
245 2714 433 2749 docebunt
459 2716 682 2761 scriptores;
716 2717 754 2751 hi
782 2719 880 2752 enim

929 1017 1137 1062 simplicem
1175 1019 1323 1063 ponunt
1359 1017 1657 1060 ooniunctivum,

929 1066 1118 1111 opinionis
1143 1065 1326 1107 indicem,
1352 1076 1428 1100 non
1454 1065 1656 1100 veritatis.“

930 1131 970 1136 —
993 1113 1212 1157 hocnpcus]
1229 1113 1327 1147 idem
1345 1113 1424 1147 fere
1443 1116 1568 1158 atque,
1587 1123 1655 1154 „eo

927 1160 1046 1204 plus.“
1076 1179 1119 1185 —-
1145 1169 1189 1194 ac
1214 1160 1335 1204 meus]
1362 1169 1472 1201 quam
1498 1160 1658 1195 aliorum

929 1207 1042 1242 Codd.
1069 1207 1232 1253 volgaris
1259 1211 1316 1242 est
1341 1206 1487 1242 modus.
1535 1206 1658 1242 Etiam

928 1253 1001 1289 Sat.
1036 1257 1077 1294 2.
1112 1257 1153 1296 3,
1187 1257 1274 1290 270:
1312 1256 1427 1288 nihilo
1461 1255 1546 1296 plus
1570 1263 1656 1289 -ac.

927 1301 1033 1336 Conf.
1067 1301 1184 1347 Epod.
1222 1304 1282 1342 15.
1316 1304 1348 1335 5.
1376 1301 1448 1336 Sat.
1478 1305 1514 1343 1,
1539 1303 1573 1343 2,
1599 1304 1657 1336 21.

927 1351 959 1390 2,
986 1351 1018 1391 7,
1044 1352 1100 1384 96.
1128 1369 1170 1374 --
1197 1350 1405 1383 staticulum
1434 1349 1564 1392 panis]
1596 1348 1658 1383 Iu-

926 1408 1007 1432 ven.
1037 1399 1092 1439 12,
1117 1400 1174 1431 60.
1206 1397 1306 1431 inter
1339 1396 1489 1431 itineris
1514 1396 1657 1431 instru-

926 1447 1070 1478 menta:
1109 1453 1190 1478 cum
1225 1445 1389 1478 reticulis
1423 1446 1456 1478 el
1493 1452 1591 1485 pane
1625 1445 1659 1477 et

925 1495 1049 1525 ventre
1083 1493 1247 1533 leaenae.
1295 1491 1440 1536 Agmen
1472 1491 1663 1525 venalium

927 1539 1167 1582 (servorum)
1202 1538 1271 1572 tibi
1304 1538 1402 1583 finge
1435 1538 1567 1572 herum
1594 1548 1659 1572 rus

926 1590 1077 1620 euntem
1093 1586 1150 1620 vel
1171 1587 1241 1620 iter
1254 1585 1454 1620 facientem
1475 1595 1659 1630 sequens:

926 1633 1025 1667 inter
1035 1634 1103 1667 hos
1113 1633 1178 1667 alii
1193 1633 1305 1667 variis
1320 1632 1549 1666 utensilibus
1563 1643 1658 1666 onu-

927 1681 972 1714 sti
1000 1684 1106 1718 sunt.
1141 1690 1242 1714 unus
1276 1680 1388 1714 etiam
1420 1679 1460 1713 in
1487 1679 1659 1722 reticulo,

925 1728 1065 1773 quibus
1090 1727 1175 1761 Itali
1202 1738 1270 1772 pro
1297 1727 1416 1762 saccis
1441 1727 1660 1761 etiamnunc

925 1778 1094 1816 utuntur,
1112 1786 1246 1819 panem
1264 1777 1399 1819 portat,
1417 1785 1464 1808 ne
1482 1775 1579 1808 male
1597 1784 1660 1808 co-

926 1826 1008 1856 ctus
1026 1823 1085 1856 vel
1104 1822 1296 1866 lapidosus
1314 1821 1455 1855 alieubi
1475 1820 1658 1856 emendus

927 1870 985 1912 sit,
1004 1880 1087 1904 cum
1106 1870 1257 1903 interim
1275 1868 1545 1915 symphoniaci,
1569 1878 1658 1902 ana-

926 1921 1101 1962 gnostae,
1151 1916 1316 1956 scribae,
1364 1915 1659 1960 dispensatores,

926 1965 1131 2010 pincernae
1165 1963 1262 1997 nihil
1296 1963 1464 1997 humeris
1499 1965 1659 2008 gestant,

927 2012 1055 2046 eadem
1082 2014 1203 2044 tamen
1232 2010 1301 2044 sub
1327 2010 1463 2045 edendi
1491 2013 1660 2054 tempora

927 2059 1119 2103 accipiunt
1168 2058 1289 2092 diaria
1337 2068 1382 2092 ac
1430 2057 1543 2092 miser
1594 2056 1659 2091 ille

927 2107 1091 2141 baiulus.

974 2154 1125 2186 49—53.
1163 2150 1531 2194 reseral--viooncil
1565 2150 1660 2185 Cum

928 2200 1064 2245 triplex
1090 2200 1138 2234 sit
1164 2199 1278 2234 solita
1303 2199 1419 2233 huius
1438 2198 1540 2232 verbi
1568 2209 1660 2232 con-

928 2248 1104 2282 structio:
1138 2249 1251 2289 refert
1285 2246 1475 2287 absqute3
1511 2247 1577 2279 Ιιοσ
1601 2254 1660 2279 re-

927 2297 1019 2337 serl,·
1055 2296 1118 2328 hoc
1150 2303 1250 2335 mea,
1284 2297 1350 2327 lua
1383 2295 1519 2335 retert3
1558 2292 1662 2326 velut

930 2343 1064 2376 Salust.
1102 2341 1183 2387 Iug.
1220 2343 1309 2374 111:
1347 2341 1557 2382 faciendum
1589 2340 1660 2372 ali·

928 2391 1033 2430 quid,
1077 2391 1173 2430 quod
1208 2389 1359 2421 illorum
1395 2388 1510 2428 mauis
1549 2394 1662 2427 quam

927 2446 1033 2470 suam
1049 2437 1232 2470 rettulisse
1251 2435 1454 2477 videntum
1474 2433 1658 2479 singulari

930 2484 1098 2528 exemplo
1133 2483 1291 2516 Plautus
1324 2481 1435 2515 Truc.
1462 2482 1501 2522 2,
1526 2485 1566 2522 4,
1591 2482 1660 2514 40:

930 2532 1015 2572 quoi
1039 2532 1095 2563 rei
1119 2531 1157 2563 id
1182 2533 1214 2563 le
1248 2529 1466 2562 assimulare
1492 2528 1661 2561 rettulit?

931 2588 1014 2611 cum
1034 2578 1157 2611 dativo
1177 2577 1251 2619 rei3
1279 2575 1460 2621 singulari
1478 2576 1565 2608 item
1585 2574 1660 2608 Ho-

930 2625 1049 2659 ratius
1076 2625 1111 2658 h.
1138 2624 1161 2657 1.
1196 2634 1278 2657 cum
1311 2622 1436 2656 dativo
1463 2631 1659 2666 personae,

931 2683 1039 2716 quem
1060 2682 1144 2705 eum
1163 2671 1354 2704 Diintzero
1372 2669 1537 2703 dativum
1562 2678 1660 2702 com-

930 2718 1030 2754 modi
1065 2718 1231 2763 appelles
1266 2718 1365 2751 licet.
1391 2735 1437 2741 —-
1462 2718 1570 2750 Intra
1594 2723 1662 2748 na·
