1774 2930
131 163 217 205 338

603 163 811 198 HORATII
833 163 1182 199 EPISTULARUM

249 263 430 319 Verum,
462 279 540 308 seu
570 265 712 321 pisces
744 279 822 308 seu
851 279 1026 322 porrum
1056 269 1100 309 et
1129 280 1262 323 caepe
1290 265 1498 320 trucidas,

249 335 382 379 Utere
411 335 621 392 Pompeio
654 335 852 393 Grospho
884 339 946 390 et,
978 337 1015 378 si
1047 336 1150 393 quid
1178 341 1318 394 petet,
1349 337 1508 380 ultro

249 406 408 461 Defer3
440 407 502 449 nil
535 407 758 464 Grosphus
790 407 874 449 nisi
903 421 1052 450 verum
1084 408 1222 450 orabit
1254 411 1297 451 et
1326 422 1524 465 aequum.

249 477 360 520 Vilis
393 478 627 521 amicorum
659 482 726 521 est
756 492 944 532 annona,
975 478 1100 521 bonis
1130 479 1206 521 ubi
1236 478 1340 536 quid
1367 479 1503 523 deest.

249 548 316 591 Ne
347 553 492 592 tamen
522 550 715 606 ignores,
749 564 833 606 quo
865 549 920 591 sit
950 549 1147 592 Romana
1175 549 1268 592 loeo
1298 563 1392 593 res:

1594 551 1648 591 25

250 619 466 663 Cantaber
496 620 736 677 Agrippae,
770 620 923 663 Claudi
954 621 1112 663 virtute
1142 621 1327 664 Neronis

249 691 482 734 Armenius
514 692 689 746 oeoidit3
722 697 789 734 ius
822 692 1135 748 imperiumque
1163 692 1372 735 Phraates

132 846 261 890 negari
279 845 425 890 nequit,
443 846 563 880 iocosi
576 845 721 890 aliquid
739 846 865 880 inesse

130 893 172 926 in
197 893 311 926 verbo
330 895 504 934 trucidas,
531 895 574 927 ut
590 904 674 927 oum
692 893 865 928 Lucilius

131 939 231 984 apud
268 940 431 974 Nonium
465 952 500 985 p.
536 943 616 974 449.
655 941 713 975 ed.
751 940 864 975 Mero.

133 987 252 1030 (Gerl.
277 999 314 1032 p.
336 988 409 1029 88.)
437 987 547 1022 dicit:
573 990 730 1029 Durum,
755 989 866 1022 molle

130 1044 259 1076 voras3
296 1037 506 1077 fraumenta
544 1037 708 1077 ¹interfici*
742 1036 864 1077 panis.

132 1101 176 1106 -
202 1082 351 1125 verum]
380 1083 575 1124 „iustum.“
609 1082 686 1117 Cfr.
712 1083 805 1127 Epp.
833 1084 866 1125 1,

133 1131 172 1171 7.
207 1131 264 1163 98.
297 1149 343 1154 -
380 1131 466 1163 Vilis
499 1131 583 1174 oet.]
616 1130 866 1164 Proverbium

131 1177 302 1219 videtur,
336 1178 397 1211 oui
423 1178 591 1221 proxime
620 1178 768 1212 aceedit
791 1177 865 1212 Xe-

133 1225 246 1268 noph.
272 1224 380 1258 Mem.
407 1227 446 1267 2,
476 1227 537 1267 10,
571 1227 612 1258 4:
639 1225 707 1258 νῦν
731 1223 794 1258 διὰ
820 1222 866 1257 τὰ

132 1269 339 1318 πράγιιατα
372 1272 548 1316 (propter
582 1273 683 1307 huno
715 1273 772 1307 rei
797 1283 867 1316 pu-

132 1319 254 1354 blicae
288 1320 448 1361 statum)
486 1316 750 1362 εὐωνοτάτους
784 1318 868 1354 ἐστι

133 1366 271 1408 φίλους
293 1365 467 1411 ἀγαθοὺς
491 1364 725 1411 κτήσασ9αι.
754 1368 867 1410 „-Pro

131 1414 267 1448 borum
299 1414 493 1448 hominum
527 1415 694 1449 amicitia
725 1413 868 1448 εὐωπο-

133 1459 228 1505 τάτη
254 1465 322 1503 est,
348 1463 453 1496 tenui
472 1463 606 1506 pretio,
630 1463 735 1496 facili
753 1473 869 1507 opera

132 1511 301 1553 paratur,
328 1510 359 1543 si
387 1520 461 1553 qua
478 1521 518 1544 re
544 1510 728 1555 indigent,
755 1520 867 1555 quam

136 1567 204 1590 nos
232 1556 286 1590 eis
304 1557 496 1601 impertire
514 1568 729 1602 possumus,
755 1557 868 1592 simul

134 1605 289 1638 comiter
315 1604 352 1637 id
379 1605 573 1639 facientes.
601 1604 662 1639 Sic
681 1608 720 1638 tu
746 1605 868 1649 primo

134 1662 286 1696 quoque
314 1651 450 1694 officio,
481 1652 548 1686 tibi
573 1652 727 1686 minime
752 1654 869 1686 mole-

133 1706 212 1740 sto,
238 1699 350 1733 facile
377 1699 541 1743 Grosphi
567 1700 771 1734 amicitiam
798 1700 868 1733 tibi

134 1746 340 1780 conciliare
364 1747 538 1791 poteris.“
566 1767 612 1772 —
638 1747 752 1790 bonis]
781 1747 869 1789 „ho-

134 1794 299 1828 minibus
313 1794 442 1838 probis
457 1804 500 1827 ao
513 1797 713 1839 propterea
730 1794 869 1839 dignis,

135 1851 231 1885 quos
258 1840 510 1875 demereare.“

183 1890 301 1922 25-28.
327 1889 382 1922 Ne
399 1890 519 1921 lamen
537 1887 621 1930 eet]
650 1887 725 1929 „Ne
744 1890 869 1922 tamen

135 1939 195 1975 tu,
229 1938 396 1969 remotus
431 1945 515 1969 oum
549 1936 600 1969 sis
634 1935 679 1969 ab
706 1935 806 1969 Urbe
834 1938 871 1968 et

134 1982 395 2027 philosophiae
455 1982 590 2016 studiis
652 1985 870 2027 occupatus,

103 2026 112 2035 ⁸
135 2031 308 2075 ignores“
345 2033 415 2063 cet.
465 2030 521 2064 De
551 2030 689 2064 omisso
716 2030 755 2063 in
781 2040 870 2074 apo·

136 2078 220 2111 (1οεί
245 2088 277 2110 v.
306 2077 456 2120 „seito“
485 2078 550 2111 cfr.
578 2077 652 2111 Sat.
678 2079 720 2119 2,
748 2080 787 2119 1,
813 2079 869 2110 81.

136 2125 192 2158 Ad
231 2125 314 2159 soni
355 2125 642 2159 similitudinem
682 2125 782 2159 inter
814 2135 870 2157 vv.

135 2174 282 2214 ianores
309 2174 346 2206 et
373 2173 450 2205 loco
468 2181 528 2206 res
547 2172 615 2206 cfr.
643 2172 735 2216 Epp.
758 2175 788 2214 1,
816 2174 871 2214 14,

138 2222 171 2253 7.
199 2239 241 2243 —
270 2221 451 2253 Cantaber
483 2219 689 2262 Aqrippae]
726 2219 776 2253 Hi
813 2230 870 2252 vv.

136 2267 339 2312 praecipue
364 2267 525 2312 Augusti
552 2267 710 2311 eiusque
736 2267 873 2300 amieo-

138 2326 221 2347 rum
247 2325 362 2348 causa
386 2314 502 2348 additi
527 2317 626 2348 sunt.
654 2313 872 2356 Cantabros,

138 2372 222 2394 eum
249 2362 450 2407 aliquoties
475 2361 723 2405 pertinaciter
749 2361 872 2395 rebel-

139 2409 193 2442 las
197 2411 300 2450 sent,
331 2408 379 2441 M.
405 2409 572 2453 Agrippa
597 2408 749 2442 tandem
774 2420 807 2442 a.
834 2419 871 2441 ιι.

139 2467 170 2490 o.
197 2457 277 2489 734.
304 2453 394 2497 τούς
418 2466 457 2489 τε
481 2467 522 2489 εν
548 2456 594 2502 τῇ
621 2453 753 2500 ἡλικία
778 2452 874 2489 πάν-

139 2514 206 2545 τας
231 2500 364 2546 ὀλίγου
390 2491 586 2557 διέφθειρε
604 2505 668 2536 καὶ
687 2501 776 2544 τούς
793 2502 874 2536 >oc-

140 2549 236 2592 τοὺς
262 2549 307 2584 τά
333 2561 370 2583 τε
403 2545 506 2583 ὅπλα.
537 2549 720 2591 ἀφείλετο
744 2551 811 2583 καὶ
836 2551 875 2592 ἐς

142 2596 188 2631 τὰ
213 2597 324 2632 πεὸια
348 2598 389 2630 ἐκ
416 2597 491 2630 τὼι
524 2598 696 2644 εὀυμνῶν
721 2609 810 2630 κατε
813 2597 875 2637 ‚6⁶¹-

140 2646 273 2685 βαυει.
306 2645 378 2679 Dio
406 2645 506 2678 Cass.
534 2647 590 2687 54,
619 2648 673 2679 11.
701 2644 777 2679 cfr.
805 2644 874 2678 od.

143 2697 183 2735 2,
210 2698 250 2735 6,
277 2695 308 2726 2.
358 2694 455 2737 Apte
489 2695 612 2726 autem
642 2692 764 2736 primo
791 2692 874 2726 looo

142 2744 369 2774 memoratur
405 2740 587 2784 Agrippa,
623 2739 714 2774 Icoii
751 2742 874 2784 patro-

915 856 998 879 nus.
1025 864 1069 870 -
1096 846 1428 890 Claudi-Neronis]
1454 845 1529 880 cfr.
1555 844 1649 891 Epp.

918 896 949 935 1,
975 895 1008 935 3,
1034 895 1067 927 2.
1086 912 1132 917 —
1148 894 1343 927 Armenius
1369 893 1508 937 cecidit]
1527 893 1650 938 Signi-

914 940 1023 974 ficat:
1076 940 1285 982 „Tiberius
1325 940 1524 975 Armenios
1572 941 1651 975 sivo

913 987 1132 1022 Armeniam
1169 987 1406 1022 debellavit.“
1457 987 1532 1022 Gfr.
1570 987 1649 1022 Mo-

914 1045 1017 1068 num.
1053 1035 1193 1082 Anoyr.
1228 1035 1285 1069 ed.
1311 1035 1433 1069 Franz
1466 1046 1504 1080 p.
1529 1037 1586 1090 35.
1613 1038 1651 1069 et

914 1079 1263 1136 Ρ.107;Ἀρμενιαν
1281 1080 1350 1126 τὴν
1365 1084 1525 1125 μείζονα
1539 1080 1651 1115 ἀναμ-

938 1129 1093 1171 εθέντος
1126 1129 1193 1162 τοῦ
1224 1128 1414 1171 βασιλέως
1431 1127 1649 1184 [Ἀρταξία]

914 1140 1161 1220 guidus-2104·
1142 1177 1330 1231 ἐταρχιαν
1354 1176 1527 1232 ποιῆσαι,
1550 1176 1651 1220 μᾶλ-

915 1223 983 1257 λον
1024 1221 1247 1277 ἐβουλήθην
1282 1222 1382 1257 κατὰ
1421 1221 1470 1258 τὰ
1509 1221 1650 1280 πάτρια

915 1268 1037 1324 ἡυῶν
1049 1267 1122 1315 ἔθη
1146 1270 1348 1311 βασιλείαν
1375 1267 1544 1325 Τιγράνᾳ
1570 1269 1651 1327 Ἀρ-

916 1314 1134 1352 ταουάσδου
1169 1318 1258 1364 υιῷ,
1291 1317 1415 1352 vicem-3
1445 1318 1486 1351 δὲ
1512 1314 1651 1366 Τιγρά-

916 1377 984 1399 ιου
1002 1365 1204 1408 βασιλέως,
1229 1365 1364 1400 δοῦναι
1387 1354 1452 1399 διὰ
1471 1365 1648 1423 Τιβερίου

915 1414 1111 1471 Νέρωνος,
1144 1409 1190 1456 ὃς
1222 1410 1301 1447 τότ’
1333 1413 1430 1457 ἐμοῦ
1460 1411 1652 1461 προγονὸς

916 1460 976 1504 ἦν.
1027 1461 1102 1495 Cfr.
1128 1461 1294 1506 Augusti
1325 1471 1521 1495 nummum
1549 1461 1651 1506 apud

916 1508 1072 1543 Arneth.
1098 1508 1146 1542 11.
1172 1520 1209 1554 p.
1235 1510 1298 1546 40.
1323 1511 1388 1542 94;
1420 1509 1650 1543 ΔΒΜΕΝΙΔ

918 1557 1079 1590 CAPTA.
1121 1559 1159 1590 et
1194 1555 1240 1590 N.
1277 1553 1354 1598 94„
1394 1556 1435 1590 in
1477 1567 1552 1600 quo
1588 1567 1651 1590 ex-

917 1614 1050 1648 pressa
1084 1607 1140 1638 est
1171 1603 1352 1637 Armenia
1381 1603 1518 1637 flexum
1550 1614 1652 1649 genu

919 1651 1155 1685 submittens.
1205 1651 1359 1684 Tacitus
1393 1650 1493 1684 Anu.
1530 1652 1572 1691 2,
1605 1653 1648 1684 3:

921 1699 1045 1732 Occiso
1069 1699 1228 1732 Artaxia
1260 1707 1328 1739 per
1353 1698 1478 1731 dolum
1498 1698 1652 1739 propin-

919 1754 1076 1786 quorum
1099 1747 1208 1778 datus
1242 1754 1265 1778 a
1289 1746 1444 1778 Caesare
1468 1745 1652 1777 Armeniis

919 1794 1092 1833 Tioranes
1118 1794 1360 1832 deductusque
1384 1792 1425 1824 in
1448 1799 1604 1833 reanum
1626 1800 1653 1825 a

919 1841 1061 1872 Tiberio
1086 1840 1275 1872 Nerone.-
1291 1839 1419 1872 -Dein
1443 1840 1543 1872 iussu
1575 1840 1653 1872 Aw-

918 1887 1015 1928 ausli
1072 1887 1263 1927 imoosilus
1323 1886 1555 1919 Artavasdes.
1607 1905 1650 1910 —

918 1934 1110 1976 Phraates]
1140 1932 1305 1967 Monum.
1331 1933 1472 1987 Anoyr.
1494 1944 1530 1977 p.
1559 1934 1650 1966 108:

917 1977 1102 2037 Πάοθους
1125 1979 1239 2027 τριῶν
1257 1976 1550 2035 στρατευμάτων
1563 1977 1652 2012 Ῥω-

918 2030 1043 2071 acam
1068 2027 1193 2061 σκῦὶα
1218 2028 1283 2060 καὶ
1314 2028 1462 2070 σημέας
1483 2024 1652 2060 ἀποδοῦ-

920 2087 982 2109 ναι
1007 2075 1114 2118 suoi,
1149 2076 1277 2116 ἱκέτας
1301 2085 1341 2108 τε
1366 2073 1501 2116 φιλίαν
1525 2071 1651 2127 δήμου

916 2121 1110 2166 Ρωμαίων
1134 2120 1181 2166 ἀς
1169 2122 1299 2156 ”haiom
1321 2118 1536 2179 ἠνάγκασα3
1561 2117 1654 2155 taz}-

920 2182 987 2212 τας
1019 2170 1059 2203 δὲ
1092 2167 1160 2212 τὰς
1192 2170 1341 2213 σημέας
1372 2169 1414 2203 ἐν
1439 2169 1491 2202 τῶ
1518 2166 1654 2224 Ἄρεως

920 2218 989 2251 τοῦ
1021 2214 1241 2265 ἁμύντορος
1272 2216 1371 2250 ναοῦ
1402 2206 1528 2263 ἀδυτῳ
1559 2215 1654 2249 ἀπε-

922 2266 1057 2309 θέιιην.
1108 2265 1284 2299 Ceterum
1322 2266 1523 2298 construe:
1563 2263 1654 2304 „Ar-

922 2323 1026 2347 saces
1059 2311 1141 2346 XV.
1176 2323 1205 2346 s.
1230 2313 1413 2345 Phraates
1445 2310 1531 2354 IV.,
1563 2310 1654 2344 Par-

921 2361 1072 2394 thorum
1104 2370 1172 2393 rex
1205 2360 1260 2402 (a.
1294 2370 1331 2392 u.
1365 2369 1397 2392 o.
1424 2359 1525 2393 717·
1543 2357 1655 2400 753.),

921 2407 1081 2453 genibus
1113 2407 1236 2440 minor
1269 2405 1416 2450 aceepit
1447 2406 1507 2440 ius
1535 2405 1654 2449 impe-

921 2455 1095 2499 riumque
1122 2453 1307 2487 Caesaris.
1313 2454 1330 2472 “
1351 2472 1394 2477 —
1413 2454 1562 2495 (lenibus
1586 2453 1653 2485 mi—

922 2511 990 2535 nor
1013 2513 1070 2546 pr.
1098 2500 1221 2543 „infra
1239 2500 1411 2534 Caesaris
1428 2510 1553 2545 genua
1576 2498 1653 2533 ool-

923 2550 1079 2590 locatus,
1105 2547 1151 2581 ad
1176 2558 1301 2592 genua
1324 2547 1408 2582 eius
1433 2545 1640 2580 admissus²
1644 2571 1654 2588 ,

923 2597 987 2638 (ut
1012 2574 1111 2630 Neio
1138 2594 1334 2629 Tiridaten
1357 2595 1504 2636 primo·
1513 2594 1653 2627 -wmi-

921 2645 968 2677 sit
993 2644 1042 2677 ad
1066 2650 1202 2684 venua,
1227 2643 1497 2681 allevatumque
1521 2642 1656 2674 dextra

924 2691 1156 2725 exosculatus
1182 2692 1246 2723 est.
1276 2688 1430 2722 Sueton.
1455 2687 1544 2722 Ner.
1572 2688 1654 2730 13.),

923 2738 1071 2782 poetica
1095 2736 1257 2781 imagine
1282 2746 1352 2780 pro
1379 2736 1563 2780 „supplex
1586 2744 1655 2781 per
