1774 2930
133 140 218 181 344

609 140 818 176 HORATII
840 141 1187 178 EPISTOLABUM

251 240 424 284 Evellas
457 256 559 297 agro
591 245 636 285 et
664 243 817 285 melior
847 243 904 285 sit
933 243 1138 287 Horatius
1169 259 1224 288 an
1254 259 1338 288 res.
1624 247 1650 289 5
1699 257 1703 261 ·

250 311 320 355 Me
352 313 547 369 quamvis
575 312 756 356 Lamiae
786 313 924 369 pietas
954 317 999 357 et
1029 329 1132 358 cura
1160 320 1351 359 moratur
1463 326 1467 327 ’

249 382 446 426 Fratrem
475 384 727 433 maerentis,
759 388 881 440 rapto
913 385 966 428 de
997 386 1127 430 fratre
1158 386 1343 430 dolentis

249 453 556 507 Insolabiliter‚
590 459 735 498 tamen
765 456 876 497 istuc
905 470 1026 499 mens
1057 458 1310 514 animusque

248 524 353 567 Fert
384 529 428 568 et
458 530 573 568 amat
603 526 755 582 spatiis
787 526 1002 569 obstantia
1030 542 1230 584 rumpere
1261 529 1459 572 claustra.

248 594 366 638 Rure
398 611 478 652 ego
509 597 746 650 viventem,
785 603 831 639 tu
862 597 968 640 dicis
999 599 1045 640 in
1076 600 1182 642 urbe
1212 599 1411 655 beatum3

1597 601 1648 642 10

249 666 331 709 Oui
361 667 501 723 placet
536 668 732 722 alterius,
766 682 844 711 sua
874 669 1076 712 nimirum
1107 675 1173 713 est
1204 671 1302 713 odio
1332 685 1438 714 sors.

248 736 415 780 Stultus
446 742 625 795 uterque
656 739 797 781 locum
827 740 1087 783 immeritum
1120 745 1319 784 causatur
1349 742 1519 799 inique;

225 871 258 902 9.
291 871 375 902 avet
399 868 595 903 Bentleius
622 870 852 903 coniectura.
880 889 922 894 ——
951 873 1004 903 11.
1030 870 1127 913 sors]
1151 879 1211 904 res
1237 870 1351 905 Godd.
1377 872 1466 917 aliq.
1491 871 1598 907 Lam-

178 915 256 949 bini
282 918 320 950 et
345 915 517 961 Cruquii.
568 916 633 959 (Ut
658 927 740 959 nos,
768 928 896 951 omnes
923 919 1043 951 nostri
1069 920 1106 952 et
1130 918 1332 961 Pottierii.)

127 1021 359 1056 licitudines.
387 1042 427 1046 -
455 1023 622 1065 Evellas]
651 1023 715 1065 „In
743 1035 863 1057 enun-

127 1069 284 1103 tiatione
311 1070 514 1103 coniuncta
539 1081 616 1104 una
641 1081 730 1111 vox,
766 1082 862 1114 quae

127 1119 250 1151 tamen
276 1118 445 1162 potentia
470 1117 631 1151 duarum
658 1118 777 1151 vicem
801 1129 863 1163 ge-

126 1167 203 1206 rat,
238 1164 384 1198 ratione
412 1164 576 1209 duplicis
608 1165 767 1199 subiecti
794 1166 863 1199 du-

125 1212 262 1256 plicem
289 1212 399 1245 etiam
431 1212 619 1246 sustinere
654 1223 807 1246 sensum
834 1223 863 1246 s.

127 1259 440 1304 significationem
467 1262 602 1304 potest,
628 1262 669 1293 ut
686 1260 748 1293 hic
767 1262 804 1293 et
821 1259 862 1293 in

125 1306 192 1340 illo
218 1306 332 1341 loelis
359 1309 398 1349 2,
433 1309 494 1341 13:
531 1309 690 1341 scindite
716 1315 777 1340 cor
802 1316 862 1341 ve-

124 1355 242 1387 strum
275 1356 308 1387 ec
345 1363 418 1387 non
453 1356 667 1388 vestimenta
701 1355 860 1388 vestra.“

125 1400 325 1435 RAPPOLT.

176 1451 249 1482 6-9.
274 1449 439 1492 Lamiae]
469 1449 537 1483 Est
552 1449 594 1482 L.
611 1449 744 1483 Aelius
762 1449 803 1482 L.
821 1449 862 1483 F.

125 1495 267 1538 Lamia,
293 1496 427 1530 consul
451 1500 583 1541 postea
608 1508 640 1530 a.
660 1508 696 1530 ιι.
717 1507 748 1530 c.
768 1498 862 1539 756„

125 1543 171 1577 de
198 1555 273 1588 quo
292 1555 325 1577 v·
345 1543 412 1577 Od.
434 1547 464 1586 1,
491 1545 547 1578 26.
574 1547 610 1578 et
636 1547 668 1584 3,
698 1546 751 1578 17.
790 1544 861 1578 Hic

125 1591 243 1636 igitur
270 1594 360 1625 tunc
382 1591 536 1636 lugebat
553 1594 710 1625 mortem
730 1591 861 1630 Quinti

125 1638 265 1672 fratris.
293 1658 335 1662 —
363 1638 781 1681 quamvis--moraturff
805 1639 862 1673 De

124 1685 340 1728 indicativo,
359 1697 471 1730 quem
489 1687 560 1720 mei
577 1697 729 1731 quoque
745 1686 860 1720 Codd.

124 1732 293 1775 firmant,
319 1733 405 1767 vide
432 1733 675 1776 Schmidium,
701 1733 767 1778 qui
794 1734 861 1767 im-

123 1781 254 1824 primis
294 1781 442 1815 confert
478 1780 571 1824 Epp.
614 1784 652 1822 1,
693 1783 756 1823 17,
795 1782 859 1814 22:

125 1829 289 1868 quamvis
307 1830 399 1869 fers
416 1831 450 1861 le
468 1829 606 1860 nullius
625 1830 798 1869 eqenlem.
815 1847 857 1851 —

120 1877 239 1916 pietas
273 1879 306 1908 et
339 1875 454 1917 cura]
491 1875 710 1916 „fraternus
744 1885 859 1918 amor,

125 1933 199 1966 quo
234 1922 364 1956 Lamia
402 1922 522 1966 erepti
563 1922 694 1956 fratris
735 1933 860 1956 recor-

124 1969 246 2011 datur,
272 1972 310 2004 et
334 1969 544 2015 aegritudo,
571 1981 647 2014 qua
672 1970 859 2003 consumi-

123 2018 234 2059 tur;“
278 2027 374 2050 non:
419 2016 598 2059 „Horatii
627 2018 666 2050 in
692 2016 859 2050 Lamiam

124 2064 329 2106 studium“,
359 2064 508 2098 duobus
533 2064 593 2098 his
618 2074 720 2098 voco.
743 2066 861 2106 pietas

125 2115 157 2145 et
174 2121 267 2145 cura
286 2111 551 2157 significatum,
574 2122 718 2156 neque:
747 2121 861 2153 „cura

123 2159 291 2201 Horatii,
327 2161 446 2200 pietas
479 2159 667 2193 Lamiae.“
721 2159 861 2193 Contra

125 2206 242 2241 Voss:
285 2208 405 2240 Lieb'
447 2208 538 2240 und
575 2208 860 2248 Besorqniss

123 2263 192 2287 um
218 2256 389 2288 Lamia.
416 2273 458 2277 —
485 2255 683 2287 Fratrem·
697 2254 858 2297 -sralreJ

122 2300 313 2355 Repetitio
332 2301 500 2336 eiusdem
519 2301 711 2344 vocabuli,
736 2302 859 2346 ipsum

124 2345 419 2390 ὁμοιοτελευτον
436 2360 459 2383 a
475 2348 604 2383 nescio
632 2360 705 2393 quo
732 2360 858 2393 repre-

123 2396 302 2438 hensum,
334 2406 498 2449 sequens
523 2395 786 2438 ἑξασύὶλαβον
812 2399 859 2439 et,

122 2446 166 2476 ut
190 2443 358 2485 videtur,
382 2440 487 2486 ἅπαξ
513 2440 723 2487 λεγόμενον
748 2444 860 2477 mira·

123 2490 251 2525 biliter
264 2490 416 2524 Lamiae
434 2502 641 2524 maerorem
661 2494 699 2525 et
715 2492 859 2524 luctum

124 2538 353 2582 exprimunt.
384 2538 516 2582 Aeque
543 2538 715 2583 lugubris
742 2549 858 2572 sonus

124 2589 182 2619 est
206 2585 398 2619 Homerici
425 2585 528 2618 illius
555 2585 662 2619 Iliad.
689 2593 744 2626 ψ,
771 2588 857 2619 221:

126 2630 260 2676 ψυχὴν
278 2629 497 2675 κικλήσκων
514 2632 765 2679 Πατροκλῆος
783 2632 860 2666 δει-

124 2679 221 2714 λοῖο.
250 2699 292 2704 —
317 2680 737 2723 maeremis--dolentisJ
764 2679 858 2714 Ver-

124 2738 190 2762 sus
228 2727 463 2770 huiusmodi,
506 2737 602 2772 quos
639 2728 762 2761 media
798 2738 858 2762 ae-

913 1026 969 1057 tas
992 1023 1182 1058 Leoninos
1209 1025 1423 1068 appellavit,
1449 1024 1646 1069 reperiun-

913 1073 974 1104 tur
1000 1071 1074 1104 iam
1099 1071 1199 1125 apud
1225 1071 1440 1106 Homerum.
1482 1071 1587 1106 Iliad.
1613 1084 1645 1113 ν,

912 1119 999 1151 217:
1030 1114 1098 1160 ΚΟς
1132 1115 1237 1164 πάσῃ
1269 1117 1467 1166 Πλευρῶνι
1496 1120 1561 1152 καὶ
1585 1120 1646 1152 αἱ-

913 1176 1022 1209 nsaw]
1059 1165 1270 1199 Καλυδῶνι.
1320 1165 1403 1211 ody
1405 1176 1454 1201 ss.
1479 1165 1518 1217 δ,
1556 1168 1645 1200 684:

910 1210 976 1256 My]
1017 1210 1343 1256 μνηστεύσαντες,
1383 1212 1472 1257 μηδ’
1495 1203 1645 1247 (inoffi

912 1257 1005 1303 ὁμι)
997 1257 1181 1303 ήσαντες.
1197 1259 1345 1295 Similes
1355 1260 1504 1306 Virgilii
1514 1270 1645 1296 versus

912 1308 1064 1352 collegit
1079 1307 1246 1353 Wagner
1262 1308 1310 1342 ad
1329 1307 1465 1353 Georg.
1491 1310 1524 1350 1,
1553 1309 1644 1351 157„

911 1354 1073 1399 exempli
1099 1365 1214 1389 eausa
1236 1355 1329 1390 Aen.
1355 1358 1389 1397 9,
1414 1357 1502 1389 621:
1539 1356 1646 1389 Talia

910 1403 1153 1436 iactantem
1177 1404 1282 1436 dictis
1306 1412 1350 1436 ac
1375 1403 1459 1436 dira
1484 1403 1646 1436 caneu-

911 1452 1004 1483 tem.
1043 1453 1082 1491 9,
1110 1451 1197 1483 634:
1228 1452 1266 1492 1,
1291 1451 1450 1483 verbis
1473 1450 1646 1484 virtutem

910 1498 1025 1530 illude
1049 1498 1279 1539 superbis.
1307 1497 1382 1531 Cfr.
1401 1496 1477 1531 Cic.
1503 1497 1551 1532 ad
1567 1497 1643 1531 Att.

913 1546 967 1586 12,
994 1546 1051 1587 28,
1077 1546 1117 1578 2:
1143 1545 1402 1579 Maerorem
1422 1545 1550 1587 minui,
1574 1546 1644 1578 do-

913 1593 1054 1625 lorem
1087 1600 1160 1625 non
1187 1593 1291 1633 potui
1315 1600 1397 1634 nec,
1429 1593 1464 1625 si
1491 1600 1643 1634 possem,

911 1640 1052 1673 vellem.
1079 1658 1124 1663 —-
1147 1639 1262 1683 istuc]
1301 1639 1363 1681 „in
1388 1650 1539 1684 agrum,
1577 1639 1644 1673 ubi
1709 1648 1717 1662 ·

911 1689 951 1720 tu
978 1697 1080 1720 nunc
1107 1687 1181 1720 es.“
1210 1706 1252 1710 ——
1278 1695 1378 1720 mem
1412 1686 1642 1729 animusque]

911 1733 1024 1775 ,,νοῦς
1064 1735 1130 1766 καὶ
1170 1730 1297 1776 θυμὸς
1332 1743 1391 1767 me
1431 1733 1523 1766 istuc
1559 1734 1644 1775 sert,

909 1781 1069 1825 impellit
1100 1791 1178 1821 me,
1216 1783 1259 1814 ut
1290 1779 1377 1813 istic
1410 1790 1493 1814 esse
1530 1780 1643 1826 longe

908 1828 1046 1869 malim,
1074 1830 1111 1861 et
1127 1828 1242 1860 veluti
1268 1827 1308 1860 in
1333 1826 1434 1860 ludis
1461 1827 1641 1862 circensi-

908 1874 979 1908 bus
1004 1875 1094 1919 equi
1118 1875 1265 1909 feroces
1297 1873 1490 1919 quadrigis
1521 1875 1643 1909 iuncti

908 1922 1147 1967 impatienter
1213 1923 1455 1966 exspectant,
1520 1921 1642 1957 donec

907 1980 1042 2014 mappa
1074 1980 1096 2003 a
1128 1972 1302 2013 praetore
1339 1969 1454 2002 missa
1486 1979 1507 2002 e
1540 1969 1642 2002 clau-

906 2019 992 2050 stris
1017 2017 1041 2050 i.
1069 2028 1101 2051 e.
1127 2016 1345 2051 carceribus
1374 2026 1511 2050 currus
1535 2016 1641 2050 emit-

910 2067 1058 2107 tantur,
1084 2066 1127 2098 ut
1151 2064 1192 2097 in
1218 2064 1380 2098 liberum
1405 2062 1499 2097 circi
1524 2063 1644 2098 curri-

909 2111 1037 2145 culum
1062 2113 1323 2156 prorumpant,
1352 2110 1407 2145 sic
1434 2120 1502 2156 ego
1529 2121 1643 2155 quam

908 2159 1071 2203 primum
1089 2170 1154 2193 rus
1171 2158 1362 2203 proficisci
1388 2157 1535 2202 cupio.“
1575 2157 1643 2192 Oe-

909 2211 1031 2240 terum
1055 2215 1156 2240 mem
1181 2207 1395 2246 animusque
1419 2205 1521 2239 haud
1554 2215 1642 2239 raro

908 2254 962 2287 ita
986 2255 1207 2299 iunguntur.
1243 2252 1319 2287 cfr.
1346 2252 1499 2286 Terent.
1523 2251 1641 2286 Andr.

913 2304 949 2343 1,
995 2304 1032 2343 1,
1076 2303 1160 2335 137:
1209 2301 1316 2336 Mala
1354 2309 1472 2343 mens,
1520 2300 1642 2333 malm

909 2350 1064 2382 animus.

957 2398 1077 2430 10-20.
1102 2397 1203 2428 Rure
1222 2403 1287 2436 eqo
1304 2394 1389 2438 cet.]
1413 2394 1525 2438 „Ego,
1550 2394 1642 2438 quia

909 2443 1221 2487 tranquillitatem
1257 2453 1399 2486 quaero
1433 2441 1641 2485 Sabinique

908 2490 982 2524 mei
998 2490 1225 2524 amoenitate
1243 2489 1423 2529 delector,
1450 2499 1517 2522 rus
1533 2498 1642 2532 prae-

907 2538 1007 2580 fer03
1034 2540 1075 2571 tu
1095 2536 1237 2577 urbem,
1262 2537 1302 2569 in
1321 2547 1396 2580 qua
1414 2534 1639 2579 cupiditates

908 2588 992 2619 tuas
1010 2585 1160 2618 facilius
1186 2583 1336 2628 expleas
1362 2583 1563 2626 minusque
1588 2581 1641 2616 la-

908 2631 1010 2666 boris
1028 2634 1064 2665 te
1083 2632 1285 2665 exerceat!⁴
1303 2649 1346 2654 —
1360 2629 1548 2672 nimirum]
1571 2637 1640 2662 πα·

908 2680 1052 2713 ιιὶνίἱσὴ.
1063 2677 1283 2720 —uterqmq
1299 2677 1392 2710 Cum
1405 2687 1518 2710 versu
1531 2686 1640 2720 prae-

908 2727 987 2761 oed.
1005 2737 1082 2760 una
1104 2726 1295 2760 dumtaxat
1310 2734 1476 2769 persona
1495 2722 1640 2769 signifi-
