1786 2912
114 172 171 213 22

610 170 819 206 HORATH
844 171 1129 206 SATJRARUM

230 271 316 314 Hic
347 286 394 314 se
424 272 705 328 praecipitem
736 275 849 314 tecto
881 272 1020 327 dedit3
1055 273 1128 315 ille
1159 273 1342 329 flagellis

231 342 301 384 Ad
332 346 513 385 mortem
545 357 718 396 caesus;
752 343 922 398 fugiens
956 344 1026 386 hic
1057 344 1216 386 decidit
1247 358 1388 387 acrem

218 412 503 456 Praedonum
534 414 579 456 iu
610 413 803 468 turbam3
849 414 967 456 dedit
996 413 1067 456 hic
1097 429 1174 470 pro
1208 429 1383 472 corpore
1414 429 1638 470 nummos;

230 483 358 526 Hunc
389 485 715 542 perminxerunt
747 485 942 538 calones;
976 485 1079 541 quin
1111 486 1239 528 etiam
1271 486 1378 528 illud

231 554 421 609 Accidit,
454 559 501 596 ut
533 555 706 612 quidam
736 559 870 598 testes

905 554 1169 612 caudamque
1203 557 1386 611 salacem
1576 558 1637 598 45

230 625 482 669 Demeteret
513 626 638 669 ferro.
681 627 791 679 Iure,
826 641 997 681 omnes;
1033 627 1171 670 Galba
1199 627 1399 684 negabat.

233 684 401 738 Tutior⁰
417 701 461 739 at
494 701 651 754 quanto
688 712 811 740 merx
844 702 908 740 est
939 699 984 739 in
1016 698 1153 741 classe
1186 698 1391 752 secunda,

229 766 550 822 Libertinarum
581 768 689 822 dico,
724 768 935 811 Salustius
967 770 1023 845 iss
1045 783 1151 825 quas

229 837 327 880 Non
357 839 498 880 minus
531 840 708 893 insanit,
743 854 870 895 quam

157 888 328 964 Δ’ἓέζᾷὶιιει
358 923 447 964 res,
482 924 566 966 qua
596 911 705 952 ratio
738 911 938 953 suaderet
970 925 1138 967 quaque
1169 910 1363 953 modeste

902 854 975 896 qu1
1006 839 1267 883 moechatur.
1310 839 1370 881 At
1400 840 1472 882 hic
1503 840 1559 894 si,

1578 911 1641 952 50

230 979 430 1023 Munifico
464 995 559 1023 esse
590 981 711 1035 licet,
743 981 874 1024 vellet
904 982 1042 1023 bonus
1075 986 1203 1038 atque
1234 981 1449 1037 benignus

230 1050 355 1104 Esse,
388 1051 508 1094 daret
541 1056 746 1108 quantum
779 1053 883 1095 satis
917 1056 1031 1095 esset
1061 1066 1141 1095 1166
1173 1052 1254 1094 sibi
1288 1052 1442 1094 damno

207 1145 265 1178 45.
292 1146 438 1179 cuidam
465 1146 534 1190 (p)
561 1145 650 1189 Lot,
676 1147 766 1180 item
792 1147 988 1181 Bentleius
1015 1149 1052 1180 et
1077 1146 1280 1191 Reisigius.
1307 1165 1353 1170 —
1378 1148 1435 1180 46.
1462 1147 1590 1180 Deme-

158 1194 249 1226 teret
273 1194 416 1234 serrum
439 1193 528 1236 LCt,
554 1195 786 1228 Demeterent
811 1196 912 1236 ferro
938 1194 1085 1228 Barthii
1112 1196 1149 1228 et
1173 1193 1337 1228 Bentleii
1364 1193 1476 1236 coni„
1499 1193 1589 1227 item

158 1239 234 1274 Fea
260 1250 305 1274 ex
330 1251 397 1274 suo
418 1240 555 1274 Codice
574 1240 618 1274 V.
638 1241 680 1275 B.
707 1244 744 1275 et
768 1241 899 1287 Reisig
923 1241 1006 1276 Lat.
1033 1241 1116 1286 Spr.
1142 1252 1178 1285 p.
1207 1242 1286 1275 191.
1304 1260 1350 1265 —
1367 1243 1423 1275 48.
1449 1241 1490 1273 in
1515 1249 1590 1281 qua

159 1297 205 1321 ex
231 1285 322 1327 Cod.
346 1287 465 1332 Regio
491 1288 699 1322 Bentleius.
728 1308 771 1312 ——
798 1291 853 1322 51.
888 1290 1103 1331 Munificum
1131 1299 1174 1332 p,
1198 1289 1374 1330 Munifico
1400 1297 1589 1332 superscr.

157 1342 221 1368 um
252 1334 296 1377 b,
330 1336 546 1377 Munificum
580 1346 767 1381 superscr.
794 1345 814 1370 ο
842 1347 872 1370 6.

157 1382 303 1425 recepit
327 1382 545 1417 Pottierius.

108 1472 213 1506 rara,
239 1465 362 1507 cadat]
389 1465 620 1510 „contingat,
646 1469 683 1500 et
703 1477 748 1501 ea
766 1467 849 1511 qui-

109 1510 192 1544 dem
219 1512 338 1544 rara.“
368 1530 411 1534 —
437 1513 500 1544 ille
527 1513 697 1555 slaaellis]
738 1514 850 1557 „Hoc

110 1557 155 1591 de
183 1556 222 1590 O.
250 1557 384 1602 Crispo
413 1557 577 1592 Salustio
604 1559 756 1602 dicitur,
783 1561 848 1604 qui

109 1604 369 1647 deprehensus
403 1605 450 1639 ab
475 1605 600 1639 Annio
633 1605 774 1640 Milone
807 1608 847 1640 in

108 1650 297 1685 adulterio
339 1651 518 1694 Faustae,
568 1651 695 1687 Sullae
737 1653 847 1696 filiae,

109 1698 237 1732 uxoris
265 1698 364 1741 eius,
402 1699 562 1744 flagellis
597 1710 730 1734 caesus
764 1711 847 1735 esse

109 1745 286 1779 dicitur.“
339 1745 483 1780 801101..
517 1766 564 1770 ——
597 1748 847 1791 Praedonum]

111 1795 408 1836 „nocturnorum
442 1805 509 1838 per
534 1793 674 1828 Urbem
701 1805 847 1839 grassa-

109 1840 268 1874 torum.“
296 1859 341 1864 —-
364 1849 434 1886 pro
461 1842 624 1884 corpore]
662 1853 756 1886 „pro
785 1843 848 1876 ob-

109 1897 223 1921 scena
262 1890 369 1930 parte
411 1889 600 1932 corporis,
647 1899 693 1922 ne
732 1892 846 1924 testes

109 1933 146 1968 ei
170 1933 524 1969 abscinderentur.“
578 1935 720 1969 SCHOL.
772 1936 847 1970 Cfr.

109 1979 184 2015 Sat.
211 1982 243 2024 2,
262 1983 295 2024 7,
320 1983 363 2015 65
391 1993 473 2026 sqq.
491 2002 536 2006 -—
552 1984 847 2027 perminxerunt]

110 2029 436 2072 „stupraverunt.“
490 2029 632 2063 SCHOL.
686 2030 848 2072 „Contu-

109 2076 243 2110 meliae
279 2087 393 2110 causa
426 2087 510 2110 eum
546 2080 718 2121 stuprare
752 2078 846 2112 iussi

109 2125 197 2156 sunt
222 2123 267 2156 ab
294 2123 487 2158 adulterae
514 2125 684 2158 marito.“
711 2144 753 2148 —-
781 2127 846 2159 Ca-

111 2169 208 2203 lones
246 2170 282 2204 h.
309 2171 354 2213 1.,
393 2172 459 2216 qui
494 2171 587 2216 Epp.
624 2175 655 2215 1,
693 2174 755 2214 14,
791 2174 849 2206 14.

107 2219 333 2261 mediastini,
368 2219 468 2253 servi
503 2219 668 2254 viliores.
697 2238 739 2243 —
767 2221 846 2260 qui-

108 2266 193 2298 dam
211 2284 225 2290 -
243 2282 257 2289 -
275 2267 480 2300 Demeterel
518 2267 645 2310 ferro]
698 2266 846 2311 supple,

108 2311 211 2356 quod
224 2322 291 2356 per
308 2323 347 2346 se
358 2313 596 2357 intelligitur,
617 2313 844 2356 „adultero.“

110 2378 153 2383 —
164 2359 267 2402 Iure]
282 2359 349 2393 Est
362 2360 525 2394 formula
538 2361 748 2394 iudicialis:
766 2363 846 2395 iure

108 2414 254 2440 caesum
278 2407 406 2440 videri.
458 2407 519 2441 Sic
550 2408 585 2440 h.
613 2408 636 2440 l.
666 2408 776 2450 „iure
803 2419 847 2442 ac

107 2453 241 2487 merito
269 2464 353 2487 eum
380 2457 581 2489 castratum
609 2465 691 2489 esse
719 2466 846 2490 omnes

108 2501 294 2535 aiebant.“
312 2520 354 2524 —
371 2502 490 2535 Galba
507 2502 680 2545 neqabat]
705 2502 847 2544 „Galba

108 2547 205 2581 iuris
231 2548 378 2593 peritus
405 2551 442 2582 et
466 2549 547 2592 ipse
575 2552 735 2583 sectator
770 2561 846 2584 ma-

108 2597 325 2638 tronarum,
364 2595 428 2640 qui
465 2595 614 2630 dicebat
651 2606 728 2630 non
762 2597 845 2630 iure

107 2642 267 2685 factum,
314 2645 357 2676 ut
394 2645 508 2677 testes
548 2646 846 2686 amputarentur,

109 2689 201 2733 quia
226 2690 346 2733 primo
374 2690 551 2724 adulterii
577 2700 701 2734 poena
734 2702 847 2735 pecu-

107 2736 231 2772 niaria
257 2738 371 2772 erat.“
406 2737 467 2780 (2³)
494 2736 642 2771 ACRON.
679 2736 846 2772 Servium

899 1336 1165 1371 Accusativum
1197 1346 1243 1370 ex
1276 1335 1446 1380 quinque
1473 1334 1589 1369 Oodd.

900 1466 1056 1500 Galbam
1088 1465 1350 1510 iurisperitum
1382 1465 1520 1498 vocant
1543 1462 1638 1498 Por-

898 1513 1032 1558 phyrio
1067 1516 1104 1547 et
1137 1512 1276 1546 Comm.
1309 1511 1424 1555 Gruq.
1456 1509 1534 1544 Alii
1566 1521 1636 1555 pro

899 1571 942 1594 6ο
968 1561 1119 1602 habent,
1146 1559 1255 1593 cuius
1274 1561 1331 1593 est
1348 1557 1510 1602 epistola
1534 1557 1636 1602 apud

899 1606 976 1640 Cic.
1003 1607 1050 1640 ad
1074 1606 1173 1640 Fam.
1203 1608 1262 1647 10,
1290 1607 1346 1639 30.
1395 1604 1637 1639 Probabilius

897 1653 1090 1687 Weichert
1114 1653 1234 1687 Lectt.
1252 1651 1348 1686 Ven.
1368 1653 1400 1685 2.
1426 1662 1461 1696 p.
1486 1651 1540 1685 12.
1565 1661 1635 1697 pro

896 1700 941 1734 A.
968 1700 1099 1743 Galba,
1127 1699 1323 1734 Octaviani
1350 1709 1491 1733 scurra.

945 1749 1067 1781 47-54.
1093 1749 1133 1780 in
1151 1748 1264 1780 classe
1281 1746 1456 1788 secunda]
1486 1745 1636 1780 Festive

897 1794 1113 1829 institutum
1150 1794 1248 1828 illud
1287 1793 1365 1828 Ser.
1405 1792 1541 1835 Tullii,
1591 1802 1638 1827 ex

898 1853 972 1886 quo
998 1841 1162 1886 populus
1187 1841 1381 1875 Romanus
1406 1841 1446 1874 in
1468 1838 1514 1873 V.
1541 1839 1637 1874 clas-

898 1899 957 1922 ses
985 1889 1198 1933 descriptus
1226 1890 1324 1930 erat,
1358 1887 1406 1922 ad
1436 1886 1635 1921 libertinas

897 1936 1088 1970 transfert.
1105 1955 1147 1959 —
1166 1935 1364 1978 salustius]
1382 1933 1635 1968 Probabiliter

891 1986 954 2017 est
980 1994 1097 2028 nepos
1125 1983 1264 2017 sororis
1284 1981 1437 2016 Salustii
1462 1980 1636 2015 historici

897 2030 943 2064 ab
976 2031 1048 2064 hoc
1082 2030 1301 2074 adoptatus,
1334 2028 1382 2063 ad
1417 2038 1528 2072 quem
1562 2028 1635 2062 cir-

898 2077 991 2112 citer
1016 2076 1099 2111 XV.
1126 2076 1236 2110 annis
1270 2078 1357 2120 post
1387 2074 1540 2119 scripsit
1564 2073 1635 2108 Od.

897 2127 929 2167 2,
956 2126 988 2158 2.
1037 2124 1094 2158 De
1131 2134 1174 2158 eo
1208 2123 1365 2157 consule
1391 2121 1508 2156 Tacit.
1533 2121 1633 2156 Ann-

899 2174 929 2214 1,
957 2173 989 2205 6.
1017 2173 1049 2213 3,
1077 2173 1132 2205 30.
1182 2169 1271 2204 Fuit
1294 2171 1381 2214 post
1403 2168 1635 2203 Maecenatis

895 2221 1053 2253 mortem
1078 2218 1268 2263 particeps
1301 2219 1534 2252 secretorum
1558 2214 1636 2249 Au-

896 2266 1009 2311 gusti.
1035 2266 1073 2300 Is
1097 2266 1134 2299 h.
1152 2266 1177 2298 1.
1202 2264 1435 2307 adolescens,
1460 2266 1503 2297 ut
1527 2265 1636 2296 erant

895 2313 1089 2358 plerique,
1116 2323 1210 2356 quos
1235 2323 1304 2356 per
1326 2312 1475 2356 priores
1501 2309 1634 2343 satiras

895 2361 1065 2402 vellicat,
1113 2359 1300 2393 insanisse
1340 2358 1380 2391 111
1423 2356 1633 2398 libertinas,

896 2418 1067 2453 magnam
1091 2406 1289 2450 pecuniam
1323 2405 1363 2438 in
1395 2413 1458 2438 eas
1489 2404 1633 2437 insum-

895 2455 1029 2499 psisse,
1055 2453 1205 2487 dicitur.
1226 2471 1269 2476 —
1288 2451 1335 2485 At
1363 2450 1433 2494 hic]
1469 2449 1546 2492 „At
1569 2450 1633 2484 hic

896 2503 977 2546 ipse
997 2500 1196 2542 Salustius,
1223 2499 1255 2534 si
1273 2498 1388 2533 vellet
1411 2508 1480 2542 pro
1504 2507 1546 2531 re
1564 2507 1634 2531 sua

895 2548 1073 2583 familia-ri
1107 2550 1143 2581 et
1168 2548 1211 2580 u't
1234 2546 1339 2580 iubet
1362 2545 1458 2579 ratio
1484 2543 1633 2578 munifi-

897 2606 964 2630 cus
991 2605 1074 2629 esse
1100 2595 1139 2628 in
1166 2594 1305 2628 amicos
1330 2593 1486 2636 inopes,
1520 2590 1632 2624 meri-

896 2644 974 2678 tum
1007 2643 1189 2676 honorem
1224 2639 1295 2674 sibi
1331 2639 1501 2683 pareret,
1539 2637 1631 2682 quin

897 2689 1028 2725 eodem
1066 2691 1232 2733 tempore
1275 2686 1386 2721 etiam
1427 2683 1639 2727 libertinis,

898 2737 1125 2782 quibuscum
1140 2733 1345 2776 consuevit,
1359 2734 1539 2778 quantum
1554 2730 1632 2766 suf-
