<?xml version="1.0" encoding="UTF-8"?>
<!DOCTYPE html PUBLIC "-//W3C//DTD XHTML 1.0 Transitional//EN"
    "http://www.w3.org/TR/xhtml1/DTD/xhtml1-transitional.dtd">
<html xmlns="http://www.w3.org/1999/xhtml" xml:lang="en" lang="en">
 <head>
  <title>
</title>
<meta http-equiv="Content-Type" content="text/html;charset=utf-8" />
  <meta name='ocr-system' content='tesseract 3.04.00' />
  <meta name='ocr-capabilities' content='ocr_page ocr_carea ocr_par ocr_line ocrx_word'/>
</head>
<body>
  <div class='ocr_page' id='page_1' title='image "./qhoratiusflaccus00horauoft_0229.png"; bbox 0 0 1774 2930; ppageno 0'>
   <div class='ocr_carea' id='block_1_1' title="bbox 719 140 1124 177">
    <p class='ocr_par' dir='ltr' id='par_1_1' title="bbox 719 140 1124 177">
     <span class='ocr_line' id='line_1_1' title="bbox 719 140 1124 177; baseline -0.005 0"><span class='ocrx_word' id='word_1_1' title='bbox 719 142 814 177; x_wconf 80' lang='lat' dir='ltr'><strong>LIB.</strong></span> <span class='ocrx_word' id='word_1_2' title='bbox 837 142 886 176; x_wconf 86' lang='lat'><strong>11.</strong></span> <span class='ocrx_word' id='word_1_3' title='bbox 931 140 1036 176; x_wconf 78' lang='lat' dir='ltr'><strong>sA&#39;r.</strong></span> <span class='ocrx_word' id='word_1_4' title='bbox 1058 140 1124 176; x_wconf 80' lang='lat' dir='ltr'><strong>vl.</strong></span> 
     </span>
    </p>
   </div>
   <div class='ocr_carea' id='block_1_2' title="bbox 1589 141 1672 182">
    <p class='ocr_par' dir='ltr' id='par_1_2' title="bbox 1589 141 1672 182">
     <span class='ocr_line' id='line_1_2' title="bbox 1589 141 1672 182; baseline -0.012 0"><span class='ocrx_word' id='word_1_5' title='bbox 1589 141 1672 182; x_wconf 79' lang='lat'><strong>221</strong></span> 
     </span>
    </p>
   </div>
   <div class='ocr_carea' id='block_1_3' title="bbox 277 242 1538 368">
    <p class='ocr_par' dir='ltr' id='par_1_3' title="bbox 277 242 1538 368">
     <span class='ocr_line' id='line_1_3' title="bbox 277 242 1538 297; baseline -0.006 -8"><span class='ocrx_word' id='word_1_6' title='bbox 277 244 474 289; x_wconf 78' lang='lat' dir='ltr'>Pertinet</span> <span class='ocrx_word' id='word_1_7' title='bbox 504 248 547 288; x_wconf 89' lang='lat' dir='ltr'><strong>et</strong></span> <span class='ocrx_word' id='word_1_8' title='bbox 576 244 743 287; x_wconf 86' lang='lat' dir='ltr'><strong>nescire</strong></span> <span class='ocrx_word' id='word_1_9' title='bbox 772 243 931 285; x_wconf 89' lang='lat' dir='ltr'><strong>malum</strong></span> <span class='ocrx_word' id='word_1_10' title='bbox 962 247 1042 295; x_wconf 87' lang='lat' dir='ltr'><strong>est,</strong></span> <span class='ocrx_word' id='word_1_11' title='bbox 1071 242 1309 297; x_wconf 74' lang='lat' dir='ltr'><strong>agitamus:</strong></span> <span class='ocrx_word' id='word_1_12' title='bbox 1339 245 1538 283; x_wconf 82' lang='lat' dir='ltr'><strong>utrumne</strong></span> 
     </span>
     <span class='ocr_line' id='line_1_4' title="bbox 278 312 1260 368; baseline -0.005 -9"><span class='ocrx_word' id='word_1_13' title='bbox 278 316 455 360; x_wconf 80' lang='lat' dir='ltr'><strong>Divitiis</strong></span> <span class='ocrx_word' id='word_1_14' title='bbox 486 315 698 368; x_wconf 88' lang='lat' dir='ltr'><strong>homines,</strong></span> <span class='ocrx_word' id='word_1_15' title='bbox 729 328 786 356; x_wconf 91' lang='lat' dir='ltr'><strong>an</strong></span> <span class='ocrx_word' id='word_1_16' title='bbox 816 314 902 355; x_wconf 89' lang='lat' dir='ltr'><strong>sint</strong></span> <span class='ocrx_word' id='word_1_17' title='bbox 930 313 1088 355; x_wconf 85' lang='lat' dir='ltr'><strong>virtute</strong></span> <span class='ocrx_word' id='word_1_18' title='bbox 1119 312 1260 366; x_wconf 90' lang='lat' dir='ltr'><strong>beati;</strong></span> 
     </span>
    </p>
   </div>
   <div class='ocr_carea' id='block_1_4' title="bbox 280 382 1489 438">
    <p class='ocr_par' dir='ltr' id='par_1_4' title="bbox 280 382 1489 438">
     <span class='ocr_line' id='line_1_5' title="bbox 280 382 1489 438; baseline -0.005 -8"><span class='ocrx_word' id='word_1_19' title='bbox 280 387 447 436; x_wconf 85' lang='lat' dir='ltr'><strong>Quidve</strong></span> <span class='ocrx_word' id='word_1_20' title='bbox 477 385 532 429; x_wconf 80' lang='lat' dir='ltr'><strong>ad</strong></span> <span class='ocrx_word' id='word_1_21' title='bbox 562 385 785 438; x_wconf 70' lang='lat' dir='ltr'><strong>amicitiae,</strong></span> <span class='ocrx_word' id='word_1_22' title='bbox 816 398 920 426; x_wconf 87' lang='lat' dir='ltr'><strong>usus</strong></span> <span class='ocrx_word' id='word_1_23' title='bbox 951 387 1183 436; x_wconf 88' lang='lat' dir='ltr'><strong>rectumne,</strong></span> <span class='ocrx_word' id='word_1_24' title='bbox 1214 382 1358 426; x_wconf 85' lang='lat' dir='ltr'><strong>trahat</strong></span> <span class='ocrx_word' id='word_1_25' title='bbox 1387 397 1489 437; x_wconf 89' lang='lat' dir='ltr'><strong>nos;</strong></span> 
     </span>
    </p>
   </div>
   <div class='ocr_carea' id='block_1_5' title="bbox 1621 382 1676 423">
    <p class='ocr_par' dir='ltr' id='par_1_5' title="bbox 1621 382 1676 423">
     <span class='ocr_line' id='line_1_6' title="bbox 1621 382 1676 423; baseline 0 0"><span class='ocrx_word' id='word_1_26' title='bbox 1621 382 1676 423; x_wconf 81' lang='lat'><strong>75</strong></span> 
     </span>
    </p>
   </div>
   <div class='ocr_carea' id='block_1_6' title="bbox 277 454 1477 652">
    <p class='ocr_par' dir='ltr' id='par_1_6' title="bbox 277 454 1477 652">
     <span class='ocr_line' id='line_1_7' title="bbox 277 454 1477 514; baseline -0.004 -14"><span class='ocrx_word' id='word_1_27' title='bbox 277 457 338 500; x_wconf 86' lang='lat' dir='ltr'><strong>Et</strong></span> <span class='ocrx_word' id='word_1_28' title='bbox 367 471 476 514; x_wconf 90' lang='lat' dir='ltr'><strong>quae</strong></span> <span class='ocrx_word' id='word_1_29' title='bbox 508 457 564 498; x_wconf 88' lang='lat' dir='ltr'><strong>sit</strong></span> <span class='ocrx_word' id='word_1_30' title='bbox 593 460 746 499; x_wconf 89' lang='lat' dir='ltr'><strong>natura</strong></span> <span class='ocrx_word' id='word_1_31' title='bbox 774 455 877 498; x_wconf 89' lang='lat' dir='ltr'><strong>boni</strong></span> <span class='ocrx_word' id='word_1_32' title='bbox 907 468 1204 510; x_wconf 90' lang='lat' dir='ltr'><strong>summumque</strong></span> <span class='ocrx_word' id='word_1_33' title='bbox 1236 454 1339 510; x_wconf 83' lang='lat' dir='ltr'><strong>quid</strong></span> <span class='ocrx_word' id='word_1_34' title='bbox 1370 458 1477 497; x_wconf 85' lang='lat' dir='ltr'><strong>eius.</strong></span> 
     </span>
     <span class='ocr_line' id='line_1_8' title="bbox 279 525 1265 581; baseline -0.005 -10"><span class='ocrx_word' id='word_1_35' title='bbox 279 528 459 572; x_wconf 81' lang='lat' dir='ltr'><strong>Cervius</strong></span> <span class='ocrx_word' id='word_1_36' title='bbox 490 528 597 570; x_wconf 89' lang='lat' dir='ltr'><strong>haec</strong></span> <span class='ocrx_word' id='word_1_37' title='bbox 627 528 740 569; x_wconf 86' lang='lat' dir='ltr'><strong>inter</strong></span> <span class='ocrx_word' id='word_1_38' title='bbox 769 526 934 568; x_wconf 89' lang='lat' dir='ltr'><strong>vicinus</strong></span> <span class='ocrx_word' id='word_1_39' title='bbox 966 525 1099 581; x_wconf 83' lang='lat' dir='ltr'><strong>garrit</strong></span> <span class='ocrx_word' id='word_1_40' title='bbox 1130 526 1265 568; x_wconf 86' lang='lat' dir='ltr'><strong>aniles</strong></span> 
     </span>
     <span class='ocr_line' id='line_1_9' title="bbox 277 595 1330 652; baseline -0.004 -11"><span class='ocrx_word' id='word_1_41' title='bbox 277 598 350 641; x_wconf 82' lang='lat' dir='ltr'><strong>Ex</strong></span> <span class='ocrx_word' id='word_1_42' title='bbox 379 613 426 641; x_wconf 89' lang='lat' dir='ltr'><strong>re</strong></span> <span class='ocrx_word' id='word_1_43' title='bbox 458 598 651 641; x_wconf 86' lang='lat' dir='ltr'><strong>fabellas.</strong></span> <span class='ocrx_word' id='word_1_44' title='bbox 684 597 731 639; x_wconf 84' lang='lat' dir='ltr'><strong>Si</strong></span> <span class='ocrx_word' id='word_1_45' title='bbox 763 597 858 652; x_wconf 89' lang='lat' dir='ltr'><strong>quis</strong></span> <span class='ocrx_word' id='word_1_46' title='bbox 887 610 988 638; x_wconf 88' lang='lat' dir='ltr'><strong>nam</strong></span> <span class='ocrx_word' id='word_1_47' title='bbox 1017 595 1163 638; x_wconf 84' lang='lat' dir='ltr'><strong>laudat</strong></span> <span class='ocrx_word' id='word_1_48' title='bbox 1192 595 1330 638; x_wconf 86' lang='lat' dir='ltr'><strong>Arelli</strong></span> 
     </span>
    </p>
   </div>
   <div class='ocr_carea' id='block_1_7' title="bbox 279 666 1296 726">
    <p class='ocr_par' dir='ltr' id='par_1_7' title="bbox 279 666 1296 726">
     <span class='ocr_line' id='line_1_10' title="bbox 279 666 1296 726; baseline -0.004 -14"><span class='ocrx_word' id='word_1_49' title='bbox 279 670 491 713; x_wconf 84' lang='lat' dir='ltr'><strong>Sollicitas</strong></span> <span class='ocrx_word' id='word_1_50' title='bbox 522 670 696 726; x_wconf 87' lang='lat' dir='ltr'><strong>ignarus</strong></span> <span class='ocrx_word' id='word_1_51' title='bbox 729 682 848 724; x_wconf 87' lang='lat' dir='ltr'><strong>opes,</strong></span> <span class='ocrx_word' id='word_1_52' title='bbox 880 667 942 708; x_wconf 84' lang='lat' dir='ltr'><strong>sie</strong></span> <span class='ocrx_word' id='word_1_53' title='bbox 972 667 1145 722; x_wconf 88' lang='lat' dir='ltr'><strong>incipit:</strong></span> <span class='ocrx_word' id='word_1_54' title='bbox 1179 666 1296 709; x_wconf 88' lang='lat' dir='ltr'><strong>Olim</strong></span> 
     </span>
    </p>
   </div>
   <div class='ocr_carea' id='block_1_8' title="bbox 278 737 1435 793">
    <p class='ocr_par' dir='ltr' id='par_1_8' title="bbox 278 737 1435 793">
     <span class='ocr_line' id='line_1_11' title="bbox 278 737 1435 793; baseline -0.004 -10"><span class='ocrx_word' id='word_1_55' title='bbox 278 741 486 783; x_wconf 82' lang='lat' dir='ltr'><strong>Rusticus</strong></span> <span class='ocrx_word' id='word_1_56' title='bbox 515 740 727 782; x_wconf 89' lang='lat' dir='ltr'><strong>urbanum</strong></span> <span class='ocrx_word' id='word_1_57' title='bbox 756 751 922 780; x_wconf 90' lang='lat' dir='ltr'><strong>murem</strong></span> <span class='ocrx_word' id='word_1_58' title='bbox 951 751 1047 779; x_wconf 90' lang='lat' dir='ltr'><strong>mus</strong></span> <span class='ocrx_word' id='word_1_59' title='bbox 1078 751 1268 793; x_wconf 84' lang='lat' dir='ltr'><strong>paupere</strong></span> <span class='ocrx_word' id='word_1_60' title='bbox 1300 737 1435 779; x_wconf 86' lang='lat' dir='ltr'><strong>fertur</strong></span> 
     </span>
    </p>
   </div>
   <div class='ocr_carea' id='block_1_9' title="bbox 1619 736 1676 777">
    <p class='ocr_par' dir='ltr' id='par_1_9' title="bbox 1619 736 1676 777">
     <span class='ocr_line' id='line_1_12' title="bbox 1619 736 1676 777; baseline 0 0"><span class='ocrx_word' id='word_1_61' title='bbox 1619 736 1676 777; x_wconf 89' lang='grc'><strong>80</strong></span> 
     </span>
    </p>
   </div>
   <div class='ocr_carea' id='block_1_10' title="bbox 276 808 1566 1080">
    <p class='ocr_par' dir='ltr' id='par_1_10' title="bbox 276 808 1566 1080">
     <span class='ocr_line' id='line_1_13' title="bbox 278 808 1461 868; baseline -0.004 -14"><span class='ocrx_word' id='word_1_62' title='bbox 278 811 509 868; x_wconf 83' lang='lat' dir='ltr'><strong>Accepisse</strong></span> <span class='ocrx_word' id='word_1_63' title='bbox 539 824 658 864; x_wconf 87' lang='lat' dir='ltr'><strong>cavo,</strong></span> <span class='ocrx_word' id='word_1_64' title='bbox 689 813 879 852; x_wconf 87' lang='lat' dir='ltr'><strong>veterem</strong></span> <span class='ocrx_word' id='word_1_65' title='bbox 910 812 1035 851; x_wconf 88' lang='lat' dir='ltr'><strong>vetus</strong></span> <span class='ocrx_word' id='word_1_66' title='bbox 1066 808 1226 864; x_wconf 82' lang='lat' dir='ltr'><strong>hospes</strong></span> <span class='ocrx_word' id='word_1_67' title='bbox 1258 808 1461 860; x_wconf 88' lang='lat' dir='ltr'><strong>amicum,</strong></span> 
     </span>
     <span class='ocr_line' id='line_1_14' title="bbox 277 879 1391 939; baseline -0.004 -14"><span class='ocrx_word' id='word_1_68' title='bbox 277 881 419 939; x_wconf 83' lang='lat' dir='ltr'><strong>Asper</strong></span> <span class='ocrx_word' id='word_1_69' title='bbox 450 885 494 924; x_wconf 92' lang='lat' dir='ltr'><strong>et</strong></span> <span class='ocrx_word' id='word_1_70' title='bbox 524 884 711 924; x_wconf 86' lang='lat' dir='ltr'><strong>attentus</strong></span> <span class='ocrx_word' id='word_1_71' title='bbox 744 879 964 936; x_wconf 89' lang='lat' dir='ltr'><strong>quaesitis,</strong></span> <span class='ocrx_word' id='word_1_72' title='bbox 996 884 1044 920; x_wconf 91' lang='lat' dir='ltr'><strong>ut</strong></span> <span class='ocrx_word' id='word_1_73' title='bbox 1076 883 1220 921; x_wconf 89' lang='lat' dir='ltr'><strong>tamen</strong></span> <span class='ocrx_word' id='word_1_74' title='bbox 1250 883 1391 921; x_wconf 88' lang='lat' dir='ltr'><strong>artum</strong></span> 
     </span>
     <span class='ocr_line' id='line_1_15' title="bbox 277 949 1566 1008; baseline -0.003 -13"><span class='ocrx_word' id='word_1_75' title='bbox 277 952 472 995; x_wconf 82' lang='lat' dir='ltr'><strong>Solveret</strong></span> <span class='ocrx_word' id='word_1_76' title='bbox 501 952 701 1008; x_wconf 85' lang='lat' dir='ltr'><strong>hospitiis</strong></span> <span class='ocrx_word' id='word_1_77' title='bbox 734 951 936 993; x_wconf 88' lang='lat' dir='ltr'><strong>animum.</strong></span> <span class='ocrx_word' id='word_1_78' title='bbox 980 949 1096 998; x_wconf 86' lang='lat' dir='ltr'><strong>Quid</strong></span> <span class='ocrx_word' id='word_1_79' title='bbox 1125 950 1292 991; x_wconf 79' lang='lat' dir='ltr'><strong>multa?</strong></span> <span class='ocrx_word' id='word_1_80' title='bbox 1322 963 1463 1005; x_wconf 90' lang='lat' dir='ltr'><strong>neque</strong></span> <span class='ocrx_word' id='word_1_81' title='bbox 1493 949 1566 991; x_wconf 89' lang='lat' dir='ltr'><strong>ille</strong></span> 
     </span>
     <span class='ocr_line' id='line_1_16' title="bbox 276 1020 1333 1080; baseline -0.004 -14"><span class='ocrx_word' id='word_1_82' title='bbox 276 1022 464 1080; x_wconf 83' lang='lat' dir='ltr'><strong>Sepositi</strong></span> <span class='ocrx_word' id='word_1_83' title='bbox 495 1023 643 1065; x_wconf 89' lang='lat' dir='ltr'><strong>ciceris</strong></span> <span class='ocrx_word' id='word_1_84' title='bbox 675 1036 755 1064; x_wconf 91' lang='lat' dir='ltr'><strong>nec</strong></span> <span class='ocrx_word' id='word_1_85' title='bbox 785 1021 939 1077; x_wconf 86' lang='lat' dir='ltr'><strong>longae</strong></span> <span class='ocrx_word' id='word_1_86' title='bbox 970 1020 1122 1062; x_wconf 80' lang='lat' dir='ltr'><strong>invidit</strong></span> <span class='ocrx_word' id='word_1_87' title='bbox 1152 1034 1333 1074; x_wconf 79' lang='lat' dir='ltr'><strong>avenae,</strong></span> 
     </span>
    </p>
   </div>
   <div class='ocr_carea' id='block_1_11' title="bbox 273 1091 1434 1147">
    <p class='ocr_par' dir='ltr' id='par_1_11' title="bbox 273 1091 1434 1147">
     <span class='ocr_line' id='line_1_17' title="bbox 273 1091 1434 1147; baseline -0.003 -11"><span class='ocrx_word' id='word_1_88' title='bbox 273 1093 454 1136; x_wconf 84' lang='lat' dir='ltr'><strong>Aridum</strong></span> <span class='ocrx_word' id='word_1_89' title='bbox 486 1098 529 1135; x_wconf 90' lang='lat' dir='ltr'><strong>et</strong></span> <span class='ocrx_word' id='word_1_90' title='bbox 560 1107 633 1135; x_wconf 90' lang='lat' dir='ltr'><strong>ore</strong></span> <span class='ocrx_word' id='word_1_91' title='bbox 665 1093 807 1135; x_wconf 86' lang='lat' dir='ltr'><strong>ferens</strong></span> <span class='ocrx_word' id='word_1_92' title='bbox 840 1092 1010 1134; x_wconf 87' lang='lat' dir='ltr'><strong>acinum</strong></span> <span class='ocrx_word' id='word_1_93' title='bbox 1041 1105 1294 1147; x_wconf 85' lang='lat' dir='ltr'><strong>semesaque</strong></span> <span class='ocrx_word' id='word_1_94' title='bbox 1324 1091 1434 1133; x_wconf 87' lang='lat' dir='ltr'><strong>lardi</strong></span> 
     </span>
    </p>
   </div>
   <div class='ocr_carea' id='block_1_12' title="bbox 256 1198 766 1243">
    <p class='ocr_par' dir='ltr' id='par_1_12' title="bbox 256 1198 766 1243">
     <span class='ocr_line' id='line_1_18' title="bbox 256 1198 766 1243; baseline -0.004 -10"><span class='ocrx_word' id='word_1_95' title='bbox 256 1201 314 1234; x_wconf 87' lang='grc'><strong>78.</strong></span> <span class='ocrx_word' id='word_1_96' title='bbox 339 1208 424 1234; x_wconf 82' lang='lat' dir='ltr'><strong>nam</strong></span> <span class='ocrx_word' id='word_1_97' title='bbox 448 1201 480 1232; x_wconf 74' lang='lat' dir='ltr'><strong>si</strong></span> <span class='ocrx_word' id='word_1_98' title='bbox 506 1201 586 1240; x_wconf 76' lang='lat' dir='ltr'><strong>quis</strong></span> <span class='ocrx_word' id='word_1_99' title='bbox 613 1198 766 1243; x_wconf 83' lang='lat' dir='ltr'><strong>Sp,Lct.</strong></span> 
     </span>
    </p>
   </div>
   <div class='ocr_carea' id='block_1_13' title="bbox 152 1292 894 2736">
    <p class='ocr_par' dir='ltr' id='par_1_13' title="bbox 154 1292 894 1900">
     <span class='ocr_line' id='line_1_19' title="bbox 158 1292 891 1338; baseline -0.001 -11"><span class='ocrx_word' id='word_1_100' title='bbox 158 1293 267 1338; x_wconf 75' lang='lat' dir='ltr'><strong>grati,</strong></span> <span class='ocrx_word' id='word_1_101' title='bbox 283 1293 504 1335; x_wconf 82' lang='lat' dir='ltr'><strong>archimimi,</strong></span> <span class='ocrx_word' id='word_1_102' title='bbox 523 1293 589 1337; x_wconf 88' lang='lat' dir='ltr'><strong>qui</strong></span> <span class='ocrx_word' id='word_1_103' title='bbox 607 1293 663 1326; x_wconf 90' lang='lat' dir='ltr'><strong>sic</strong></span> <span class='ocrx_word' id='word_1_104' title='bbox 680 1292 891 1336; x_wconf 87' lang='lat' dir='ltr'><strong>appellatus</strong></span> 
     </span>
     <span class='ocr_line' id='line_1_20' title="bbox 158 1339 894 1384; baseline -0.003 -10"><span class='ocrx_word' id='word_1_105' title='bbox 158 1342 229 1382; x_wconf 77' lang='lat' dir='ltr'><strong>est,</strong></span> <span class='ocrx_word' id='word_1_106' title='bbox 254 1339 355 1384; x_wconf 88' lang='lat' dir='ltr'><strong>quod</strong></span> <span class='ocrx_word' id='word_1_107' title='bbox 378 1340 544 1373; x_wconf 84' lang='lat' dir='ltr'><strong>iucunde</strong></span> <span class='ocrx_word' id='word_1_108' title='bbox 569 1342 606 1373; x_wconf 89' lang='lat' dir='ltr'><strong>et</strong></span> <span class='ocrx_word' id='word_1_109' title='bbox 630 1340 795 1373; x_wconf 88' lang='lat' dir='ltr'><strong>molliter</strong></span> <span class='ocrx_word' id='word_1_110' title='bbox 821 1339 894 1372; x_wconf 90' lang='lat' dir='ltr'><strong>sal-</strong></span> 
     </span>
     <span class='ocr_line' id='line_1_21' title="bbox 159 1385 890 1430; baseline -0.003 -10"><span class='ocrx_word' id='word_1_111' title='bbox 159 1388 258 1420; x_wconf 88' lang='lat' dir='ltr'><strong>taret</strong></span> <span class='ocrx_word' id='word_1_112' title='bbox 266 1386 618 1430; x_wconf 83' lang='lat' dir='ltr'><strong>eloquereturque.“</strong></span> <span class='ocrx_word' id='word_1_113' title='bbox 632 1386 759 1419; x_wconf 72' lang='lat' dir='ltr'><strong>Gonu.</strong></span> <span class='ocrx_word' id='word_1_114' title='bbox 769 1385 890 1423; x_wconf 72' lang='lat' dir='ltr'><strong>Cimo.</strong></span> 
     </span>
     <span class='ocr_line' id='line_1_22' title="bbox 159 1431 891 1475; baseline -0.003 -8"><span class='ocrx_word' id='word_1_115' title='bbox 159 1451 205 1456; x_wconf 92' lang='lat'>—</span> <span class='ocrx_word' id='word_1_116' title='bbox 228 1434 292 1467; x_wconf 79' lang='lat' dir='ltr'><strong>sed</strong></span> <span class='ocrx_word' id='word_1_117' title='bbox 315 1434 411 1473; x_wconf 78' lang='lat' dir='ltr'><strong>quod</strong></span> <span class='ocrx_word' id='word_1_118' title='bbox 435 1435 549 1474; x_wconf 71' lang='lat' dir='ltr'><strong>mauis</strong></span> <span class='ocrx_word' id='word_1_119' title='bbox 583 1433 667 1475; x_wconf 63' lang='lat' dir='ltr'><strong>cet]</strong></span> <span class='ocrx_word' id='word_1_120' title='bbox 702 1432 799 1473; x_wconf 81' lang='lat' dir='ltr'><strong>„sed</strong></span> <span class='ocrx_word' id='word_1_121' title='bbox 825 1431 891 1466; x_wconf 83' lang='lat' dir='ltr'><strong>So-</strong></span> 
     </span>
     <span class='ocr_line' id='line_1_23' title="bbox 160 1479 892 1524; baseline -0.001 -11"><span class='ocrx_word' id='word_1_122' title='bbox 160 1479 291 1513; x_wconf 74' lang='lat' dir='ltr'><strong>cratici</strong></span> <span class='ocrx_word' id='word_1_123' title='bbox 315 1479 466 1524; x_wconf 84' lang='lat' dir='ltr'><strong>generis</strong></span> <span class='ocrx_word' id='word_1_124' title='bbox 492 1482 582 1514; x_wconf 87' lang='lat' dir='ltr'><strong>sunt</strong></span> <span class='ocrx_word' id='word_1_125' title='bbox 606 1479 725 1513; x_wconf 83' lang='lat' dir='ltr'><strong>nostri</strong></span> <span class='ocrx_word' id='word_1_126' title='bbox 752 1490 892 1513; x_wconf 90' lang='lat' dir='ltr'><strong>sermo-</strong></span> 
     </span>
     <span class='ocr_line' id='line_1_24' title="bbox 158 1525 891 1570; baseline -0.003 -9"><span class='ocrx_word' id='word_1_127' title='bbox 158 1526 261 1561; x_wconf 79' lang='lat' dir='ltr'><strong>nes.“</strong></span> <span class='ocrx_word' id='word_1_128' title='bbox 287 1545 332 1550; x_wconf 91' lang='lat'>—</span> <span class='ocrx_word' id='word_1_129' title='bbox 356 1527 548 1569; x_wconf 76' lang='lat' dir='ltr'><strong>utrumne]</strong></span> <span class='ocrx_word' id='word_1_130' title='bbox 582 1526 689 1560; x_wconf 78' lang='lat' dir='ltr'><strong>Conf.</strong></span> <span class='ocrx_word' id='word_1_131' title='bbox 713 1525 831 1570; x_wconf 86' lang='lat' dir='ltr'><strong>Epod.</strong></span> <span class='ocrx_word' id='word_1_132' title='bbox 858 1529 891 1568; x_wconf 90' lang='lat'><strong>1,</strong></span> 
     </span>
     <span class='ocr_line' id='line_1_25' title="bbox 159 1573 890 1616; baseline -0.003 -8"><span class='ocrx_word' id='word_1_133' title='bbox 159 1574 194 1608; x_wconf 97' lang='grc'><strong>7.</strong></span> <span class='ocrx_word' id='word_1_134' title='bbox 212 1592 256 1598; x_wconf 86' lang='grc'>-</span> <span class='ocrx_word' id='word_1_135' title='bbox 274 1582 361 1607; x_wconf 70' lang='lat' dir='ltr'><strong>usus</strong></span> <span class='ocrx_word' id='word_1_136' title='bbox 384 1573 629 1616; x_wconf 76' lang='lat' dir='ltr'><strong>rectumneJ„</strong></span> <span class='ocrx_word' id='word_1_137' title='bbox 643 1576 770 1607; x_wconf 86' lang='lat' dir='ltr'><strong>utrum</strong></span> <span class='ocrx_word' id='word_1_138' title='bbox 796 1573 890 1607; x_wconf 83' lang='lat' dir='ltr'><strong>utile</strong></span> 
     </span>
     <span class='ocr_line' id='line_1_26' title="bbox 157 1620 890 1655; baseline 0 -1"><span class='ocrx_word' id='word_1_139' title='bbox 157 1629 207 1654; x_wconf 71' lang='lat' dir='ltr'><strong>an</strong></span> <span class='ocrx_word' id='word_1_140' title='bbox 231 1620 431 1654; x_wconf 84' lang='lat' dir='ltr'><strong>honestum</strong></span> <span class='ocrx_word' id='word_1_141' title='bbox 456 1620 640 1655; x_wconf 75' lang='lat' dir='ltr'><strong>amicitias</strong></span> <span class='ocrx_word' id='word_1_142' title='bbox 667 1621 890 1655; x_wconf 79' lang='lat' dir='ltr'><strong>contrahere</strong></span> 
     </span>
     <span class='ocr_line' id='line_1_27' title="bbox 156 1663 891 1710; baseline -0.001 -9"><span class='ocrx_word' id='word_1_143' title='bbox 156 1665 325 1701; x_wconf 51' lang='lat' dir='ltr'><strong>debeat!</strong></span> <span class='ocrx_word' id='word_1_144' title='bbox 336 1663 636 1709; x_wconf 70' lang='lat' dir='ltr'><strong>—wmmun&#39;ume</strong></span> <span class='ocrx_word' id='word_1_145' title='bbox 646 1670 716 1701; x_wconf 83' lang='lat' dir='ltr'><strong>cet.</strong></span> <span class='ocrx_word' id='word_1_146' title='bbox 718 1667 732 1710; x_wconf 94' lang='grc'>]</span> <span class='ocrx_word' id='word_1_147' title='bbox 751 1665 819 1710; x_wconf 69' lang='lat' dir='ltr'><strong>„vd</strong></span> <span class='ocrx_word' id='word_1_148' title='bbox 831 1669 891 1700; x_wconf 83' lang='grc' dir='ltr'><strong>τέ-</strong></span> 
     </span>
     <span class='ocr_line' id='line_1_28' title="bbox 155 1711 890 1761; baseline 0.001 -15"><span class='ocrx_word' id='word_1_149' title='bbox 155 1712 224 1756; x_wconf 76' lang='grc' dir='ltr'><strong>λος</strong></span> <span class='ocrx_word' id='word_1_150' title='bbox 251 1714 326 1747; x_wconf 78' lang='grc' dir='ltr'><strong>τῶν</strong></span> <span class='ocrx_word' id='word_1_151' title='bbox 353 1711 523 1758; x_wconf 81' lang='grc' dir='ltr'>αγαθῶν,</span> <span class='ocrx_word' id='word_1_152' title='bbox 556 1712 677 1758; x_wconf 78' lang='grc' dir='ltr'><strong><em>ἡδονή</em></strong></span> <span class='ocrx_word' id='word_1_153' title='bbox 707 1712 733 1758; x_wconf 87' lang='grc' dir='ltr'><em>ἢ</em></span> <span class='ocrx_word' id='word_1_154' title='bbox 760 1711 890 1761; x_wconf 78' lang='grc' dir='ltr'>ἀρετή,</span> 
     </span>
     <span class='ocr_line' id='line_1_29' title="bbox 154 1761 890 1809; baseline 0 -14"><span class='ocrx_word' id='word_1_155' title='bbox 154 1764 338 1806; x_wconf 82' lang='lat' dir='ltr'><strong>perpetua</strong></span> <span class='ocrx_word' id='word_1_156' title='bbox 382 1761 450 1795; x_wconf 79' lang='lat' dir='ltr'><strong>illa</strong></span> <span class='ocrx_word' id='word_1_157' title='bbox 495 1761 751 1796; x_wconf 84' lang='lat' dir='ltr'><strong>controversia</strong></span> <span class='ocrx_word' id='word_1_158' title='bbox 790 1762 890 1809; x_wconf 82' lang='lat' dir='ltr'><strong>inter</strong></span> 
     </span>
     <span class='ocr_line' id='line_1_30' title="bbox 156 1807 889 1854; baseline 0.001 -12"><span class='ocrx_word' id='word_1_159' title='bbox 156 1807 303 1844; x_wconf 77' lang='lat' dir='ltr'><strong>Stoicos</strong></span> <span class='ocrx_word' id='word_1_160' title='bbox 328 1810 366 1842; x_wconf 89' lang='lat' dir='ltr'><strong>et</strong></span> <span class='ocrx_word' id='word_1_161' title='bbox 389 1809 612 1853; x_wconf 80' lang='lat' dir='ltr'><strong>Epicureos,</strong></span> <span class='ocrx_word' id='word_1_162' title='bbox 643 1820 712 1843; x_wconf 92' lang='lat' dir='ltr'><strong>nos</strong></span> <span class='ocrx_word' id='word_1_163' title='bbox 739 1820 889 1854; x_wconf 87' lang='lat' dir='ltr'><strong>quoque</strong></span> 
     </span>
     <span class='ocr_line' id='line_1_31' title="bbox 155 1855 305 1900; baseline 0.007 -11"><span class='ocrx_word' id='word_1_164' title='bbox 155 1855 305 1900; x_wconf 82' lang='lat' dir='ltr'><strong>agitat.“</strong></span> 
     </span>
    </p>

    <p class='ocr_par' dir='ltr' id='par_1_14' title="bbox 152 1903 889 2557">
     <span class='ocr_line' id='line_1_32' title="bbox 203 1903 889 1947; baseline 0.001 -11"><span class='ocrx_word' id='word_1_165' title='bbox 203 1903 265 1936; x_wconf 88' lang='grc'><strong>77-</strong></span> <span class='ocrx_word' id='word_1_166' title='bbox 266 1904 322 1936; x_wconf 88' lang='grc'><strong>79.</strong></span> <span class='ocrx_word' id='word_1_167' title='bbox 349 1903 513 1946; x_wconf 75' lang='lat' dir='ltr'><strong>Cervius]</strong></span> <span class='ocrx_word' id='word_1_168' title='bbox 546 1903 696 1947; x_wconf 87' lang='lat' dir='ltr'><strong>lepidus</strong></span> <span class='ocrx_word' id='word_1_169' title='bbox 722 1914 766 1938; x_wconf 87' lang='lat' dir='ltr'><strong>ac</strong></span> <span class='ocrx_word' id='word_1_170' title='bbox 790 1903 889 1937; x_wconf 85' lang='lat' dir='ltr'><strong>face-</strong></span> 
     </span>
     <span class='ocr_line' id='line_1_33' title="bbox 157 1949 888 1991; baseline 0.003 -9"><span class='ocrx_word' id='word_1_171' title='bbox 157 1951 219 1986; x_wconf 80' lang='lat' dir='ltr'><strong>tus</strong></span> <span class='ocrx_word' id='word_1_172' title='bbox 242 1949 392 1983; x_wconf 81' lang='lat' dir='ltr'><strong>Horatii</strong></span> <span class='ocrx_word' id='word_1_173' title='bbox 417 1950 583 1991; x_wconf 77' lang='lat' dir='ltr'><strong>vicinus,</strong></span> <span class='ocrx_word' id='word_1_174' title='bbox 616 1950 724 1984; x_wconf 89' lang='lat' dir='ltr'><strong>cuius</strong></span> <span class='ocrx_word' id='word_1_175' title='bbox 750 1962 888 1984; x_wconf 88' lang='lat' dir='ltr'><strong>nomen</strong></span> 
     </span>
     <span class='ocr_line' id='line_1_34' title="bbox 154 1996 887 2042; baseline 0.001 -12"><span class='ocrx_word' id='word_1_176' title='bbox 154 1996 366 2039; x_wconf 80' lang='lat' dir='ltr'><strong>posteritati</strong></span> <span class='ocrx_word' id='word_1_177' title='bbox 396 1997 543 2031; x_wconf 86' lang='lat' dir='ltr'><strong>tradere</strong></span> <span class='ocrx_word' id='word_1_178' title='bbox 568 1997 712 2041; x_wconf 77' lang='lat' dir='ltr'><strong>placuit</strong></span> <span class='ocrx_word' id='word_1_179' title='bbox 735 2000 887 2042; x_wconf 73' lang='lat' dir='ltr'><strong>poetae;</strong></span> 
     </span>
     <span class='ocr_line' id='line_1_35' title="bbox 154 2043 887 2086; baseline 0.003 -11"><span class='ocrx_word' id='word_1_180' title='bbox 154 2043 318 2076; x_wconf 71' lang='lat' dir='ltr'><strong>Arellius</strong></span> <span class='ocrx_word' id='word_1_181' title='bbox 335 2046 466 2077; x_wconf 88' lang='lat' dir='ltr'><strong>contra</strong></span> <span class='ocrx_word' id='word_1_182' title='bbox 482 2054 629 2086; x_wconf 89' lang='lat' dir='ltr'><strong>avarus,</strong></span> <span class='ocrx_word' id='word_1_183' title='bbox 654 2045 743 2077; x_wconf 87' lang='lat' dir='ltr'><strong>item</strong></span> <span class='ocrx_word' id='word_1_184' title='bbox 767 2045 808 2077; x_wconf 92' lang='lat' dir='ltr'><strong>in</strong></span> <span class='ocrx_word' id='word_1_185' title='bbox 835 2045 887 2077; x_wconf 90' lang='lat' dir='ltr'><strong>vi-</strong></span> 
     </span>
     <span class='ocr_line' id='line_1_36' title="bbox 156 2088 887 2125; baseline 0.004 -3"><span class='ocrx_word' id='word_1_186' title='bbox 156 2088 258 2122; x_wconf 82' lang='lat' dir='ltr'><strong>cinia</strong></span> <span class='ocrx_word' id='word_1_187' title='bbox 287 2090 474 2124; x_wconf 86' lang='lat' dir='ltr'><strong>habitans.</strong></span> <span class='ocrx_word' id='word_1_188' title='bbox 529 2090 579 2123; x_wconf 82' lang='lat' dir='ltr'><strong>Ut</strong></span> <span class='ocrx_word' id='word_1_189' title='bbox 611 2091 763 2124; x_wconf 91' lang='lat' dir='ltr'><strong>nomina</strong></span> <span class='ocrx_word' id='word_1_190' title='bbox 794 2092 887 2125; x_wconf 82' lang='lat' dir='ltr'><strong>haec</strong></span> 
     </span>
     <span class='ocr_line' id='line_1_37' title="bbox 154 2135 886 2181; baseline 0.003 -12"><span class='ocrx_word' id='word_1_191' title='bbox 154 2146 226 2180; x_wconf 83' lang='lat' dir='ltr'><strong>pro</strong></span> <span class='ocrx_word' id='word_1_192' title='bbox 250 2135 346 2170; x_wconf 86' lang='lat' dir='ltr'><strong>fictis</strong></span> <span class='ocrx_word' id='word_1_193' title='bbox 363 2136 578 2177; x_wconf 82' lang='lat' dir='ltr'><strong>habeamus,</strong></span> <span class='ocrx_word' id='word_1_194' title='bbox 602 2137 702 2170; x_wconf 89' lang='lat' dir='ltr'><strong>nihil</strong></span> <span class='ocrx_word' id='word_1_195' title='bbox 716 2138 886 2181; x_wconf 83' lang='lat' dir='ltr'><strong>profecto</strong></span> 
     </span>
     <span class='ocr_line' id='line_1_38' title="bbox 155 2183 886 2227; baseline 0.003 -11"><span class='ocrx_word' id='word_1_196' title='bbox 155 2191 291 2216; x_wconf 74' lang='lat' dir='ltr'><strong>causae</strong></span> <span class='ocrx_word' id='word_1_197' title='bbox 308 2185 376 2217; x_wconf 87' lang='lat' dir='ltr'><strong>est.</strong></span> <span class='ocrx_word' id='word_1_198' title='bbox 388 2202 434 2207; x_wconf 86' lang='lat'><strong>-—</strong></span> <span class='ocrx_word' id='word_1_199' title='bbox 447 2183 580 2226; x_wconf 70' lang='lat' dir='ltr'><strong>aarn&#39;t]</strong></span> <span class='ocrx_word' id='word_1_200' title='bbox 604 2185 783 2227; x_wconf 80' lang='lat' dir='ltr'><strong>„comiter</strong></span> <span class='ocrx_word' id='word_1_201' title='bbox 800 2195 886 2218; x_wconf 90' lang='lat' dir='ltr'><strong>nar-</strong></span> 
     </span>
     <span class='ocr_line' id='line_1_39' title="bbox 155 2229 886 2274; baseline 0.001 -11"><span class='ocrx_word' id='word_1_202' title='bbox 155 2231 216 2263; x_wconf 89' lang='lat' dir='ltr'><strong>rat</strong></span> <span class='ocrx_word' id='word_1_203' title='bbox 237 2229 394 2264; x_wconf 78' lang='lat' dir='ltr'><strong>fabellas</strong></span> <span class='ocrx_word' id='word_1_204' title='bbox 409 2229 591 2274; x_wconf 79' lang='lat' dir='ltr'><strong>Aesopias</strong></span> <span class='ocrx_word' id='word_1_205' title='bbox 614 2232 743 2273; x_wconf 80' lang='lat' dir='ltr'><strong>aniles,</strong></span> <span class='ocrx_word' id='word_1_206' title='bbox 768 2232 886 2264; x_wconf 89' lang='lat' dir='ltr'><strong>omni-</strong></span> 
     </span>
     <span class='ocr_line' id='line_1_40' title="bbox 153 2275 886 2322; baseline 0.003 -12"><span class='ocrx_word' id='word_1_207' title='bbox 153 2275 226 2310; x_wconf 81' lang='lat' dir='ltr'><strong>bus</strong></span> <span class='ocrx_word' id='word_1_208' title='bbox 251 2277 326 2311; x_wconf 88' lang='lat' dir='ltr'><strong>iam</strong></span> <span class='ocrx_word' id='word_1_209' title='bbox 349 2288 418 2322; x_wconf 89' lang='lat' dir='ltr'><strong>per</strong></span> <span class='ocrx_word' id='word_1_210' title='bbox 435 2278 626 2311; x_wconf 87' lang='lat' dir='ltr'><strong>nutricum</strong></span> <span class='ocrx_word' id='word_1_211' title='bbox 651 2278 886 2312; x_wconf 87' lang='lat' dir='ltr'><strong>narrationes</strong></span> 
     </span>
     <span class='ocr_line' id='line_1_41' title="bbox 152 2322 885 2368; baseline 0.001 -10"><span class='ocrx_word' id='word_1_212' title='bbox 152 2322 243 2358; x_wconf 84' lang='lat' dir='ltr'><strong>inde</strong></span> <span class='ocrx_word' id='word_1_213' title='bbox 267 2335 290 2358; x_wconf 87' lang='lat' dir='ltr'><strong>a</strong></span> <span class='ocrx_word' id='word_1_214' title='bbox 313 2323 478 2368; x_wconf 87' lang='lat' dir='ltr'><strong>pueritia</strong></span> <span class='ocrx_word' id='word_1_215' title='bbox 501 2327 630 2367; x_wconf 89' lang='lat' dir='ltr'><strong>notas,</strong></span> <span class='ocrx_word' id='word_1_216' title='bbox 663 2335 734 2359; x_wconf 90' lang='lat' dir='ltr'><strong>nec</strong></span> <span class='ocrx_word' id='word_1_217' title='bbox 761 2328 885 2359; x_wconf 87' lang='lat' dir='ltr'><strong>tamen</strong></span> 
     </span>
     <span class='ocr_line' id='line_1_42' title="bbox 154 2371 886 2415; baseline 0.003 -11"><span class='ocrx_word' id='word_1_218' title='bbox 154 2381 324 2415; x_wconf 87' lang='lat' dir='ltr'><strong>unquam</strong></span> <span class='ocrx_word' id='word_1_219' title='bbox 339 2371 578 2414; x_wconf 88' lang='lat' dir='ltr'><strong>iniucundas,</strong></span> <span class='ocrx_word' id='word_1_220' title='bbox 604 2372 636 2406; x_wconf 91' lang='lat' dir='ltr'><strong>si</strong></span> <span class='ocrx_word' id='word_1_221' title='bbox 662 2373 782 2406; x_wconf 82' lang='lat' dir='ltr'><strong>facete</strong></span> <span class='ocrx_word' id='word_1_222' title='bbox 799 2383 886 2406; x_wconf 87' lang='lat' dir='ltr'><strong>nar-</strong></span> 
     </span>
     <span class='ocr_line' id='line_1_43' title="bbox 152 2417 885 2462; baseline 0.001 -11"><span class='ocrx_word' id='word_1_223' title='bbox 152 2418 319 2451; x_wconf 82' lang='lat' dir='ltr'><strong>rentur.“</strong></span> <span class='ocrx_word' id='word_1_224' title='bbox 360 2418 436 2452; x_wconf 88' lang='lat' dir='ltr'><strong>Cfr.</strong></span> <span class='ocrx_word' id='word_1_225' title='bbox 463 2417 537 2452; x_wconf 82' lang='lat' dir='ltr'><strong>Sat.</strong></span> <span class='ocrx_word' id='word_1_226' title='bbox 564 2421 597 2461; x_wconf 87' lang='lat'><strong>1,</strong></span> <span class='ocrx_word' id='word_1_227' title='bbox 625 2422 680 2462; x_wconf 92' lang='lat'><strong>10,</strong></span> <span class='ocrx_word' id='word_1_228' title='bbox 705 2421 773 2452; x_wconf 83' lang='lat'><strong>41:</strong></span> <span class='ocrx_word' id='word_1_229' title='bbox 799 2428 885 2460; x_wconf 75' lang='lat' dir='ltr'><strong>aar·</strong></span> 
     </span>
     <span class='ocr_line' id='line_1_44' title="bbox 152 2466 885 2511; baseline 0.003 -13"><span class='ocrx_word' id='word_1_230' title='bbox 152 2466 230 2498; x_wconf 71' lang='lat' dir='ltr'><strong>rire</strong></span> <span class='ocrx_word' id='word_1_231' title='bbox 256 2466 407 2499; x_wconf 77' lang='lat' dir='ltr'><strong>libellos.</strong></span> <span class='ocrx_word' id='word_1_232' title='bbox 433 2485 476 2489; x_wconf 97' lang='lat'><strong>—</strong></span> <span class='ocrx_word' id='word_1_233' title='bbox 501 2468 562 2500; x_wconf 74' lang='lat' dir='ltr'><strong>Ex</strong></span> <span class='ocrx_word' id='word_1_234' title='bbox 584 2466 641 2509; x_wconf 86' lang='lat' dir='ltr'><strong>re]</strong></span> <span class='ocrx_word' id='word_1_235' title='bbox 669 2478 759 2511; x_wconf 87' lang='lat' dir='ltr'><strong>„pro</strong></span> <span class='ocrx_word' id='word_1_236' title='bbox 786 2477 885 2500; x_wconf 84' lang='lat' dir='ltr'><strong>com-</strong></span> 
     </span>
     <span class='ocr_line' id='line_1_45' title="bbox 152 2511 886 2557; baseline 0.004 -12"><span class='ocrx_word' id='word_1_237' title='bbox 152 2511 283 2555; x_wconf 83' lang='lat' dir='ltr'><strong>modo,</strong></span> <span class='ocrx_word' id='word_1_238' title='bbox 318 2511 359 2545; x_wconf 88' lang='lat' dir='ltr'><strong>id</strong></span> <span class='ocrx_word' id='word_1_239' title='bbox 384 2515 459 2555; x_wconf 82' lang='lat' dir='ltr'><strong>est,</strong></span> <span class='ocrx_word' id='word_1_240' title='bbox 492 2524 590 2557; x_wconf 87' lang='lat' dir='ltr'><strong>quae</strong></span> <span class='ocrx_word' id='word_1_241' title='bbox 615 2523 700 2547; x_wconf 82' lang='lat' dir='ltr'><strong>eum</strong></span> <span class='ocrx_word' id='word_1_242' title='bbox 726 2525 766 2547; x_wconf 89' lang='lat' dir='ltr'><strong>re</strong></span> <span class='ocrx_word' id='word_1_243' title='bbox 799 2525 886 2557; x_wconf 88' lang='lat' dir='ltr'><strong>pro-</strong></span> 
     </span>
    </p>

    <p class='ocr_par' dir='ltr' id='par_1_15' title="bbox 204 2559 885 2595">
     <span class='ocr_line' id='line_1_46' title="bbox 204 2559 885 2595; baseline 0.003 -2"><span class='ocrx_word' id='word_1_244' title='bbox 204 2559 277 2593; x_wconf 81' lang='lat' dir='ltr'><strong>sita</strong></span> <span class='ocrx_word' id='word_1_245' title='bbox 324 2560 591 2594; x_wconf 82' lang='lat' dir='ltr'><strong>conveniant.“</strong></span> <span class='ocrx_word' id='word_1_246' title='bbox 650 2560 726 2594; x_wconf 79' lang='lat' dir='ltr'><strong>Cfr.</strong></span> <span class='ocrx_word' id='word_1_247' title='bbox 775 2560 885 2595; x_wconf 84' lang='lat' dir='ltr'><strong>Hand</strong></span> 
     </span>
    </p>

    <p class='ocr_par' dir='ltr' id='par_1_16' title="bbox 152 2605 886 2736">
     <span class='ocr_line' id='line_1_47' title="bbox 186 2605 886 2651; baseline 0.003 -11"><span class='ocrx_word' id='word_1_248' title='bbox 186 2605 333 2640; x_wconf 82' lang='lat' dir='ltr'><strong>urs-11.</strong></span> <span class='ocrx_word' id='word_1_249' title='bbox 356 2617 392 2651; x_wconf 86' lang='lat' dir='ltr'><strong>p.</strong></span> <span class='ocrx_word' id='word_1_250' title='bbox 420 2609 502 2641; x_wconf 86' lang='grc'><strong>660.</strong></span> <span class='ocrx_word' id='word_1_251' title='bbox 514 2609 755 2641; x_wconf 78' lang='lat' dir='ltr'><strong>——Sotlicitas</strong></span> <span class='ocrx_word' id='word_1_252' title='bbox 781 2609 886 2649; x_wconf 59' lang='lat' dir='ltr'><strong>ianae·</strong></span> 
     </span>
     <span class='ocr_line' id='line_1_48' title="bbox 152 2651 887 2698; baseline 0.004 -13"><span class='ocrx_word' id='word_1_253' title='bbox 152 2651 283 2695; x_wconf 67' lang='lat' dir='ltr'><strong>ml„</strong></span> <span class='ocrx_word' id='word_1_254' title='bbox 296 2653 468 2696; x_wconf 88' lang='lat' dir='ltr'><strong>nescius,</strong></span> <span class='ocrx_word' id='word_1_255' title='bbox 498 2657 677 2698; x_wconf 82' lang='lat' dir='ltr'><strong>quantam</strong></span> <span class='ocrx_word' id='word_1_256' title='bbox 702 2654 887 2688; x_wconf 84' lang='lat' dir='ltr'><strong>sollicitu-</strong></span> 
     </span>
     <span class='ocr_line' id='line_1_49' title="bbox 153 2697 751 2736; baseline 0.005 -4"><span class='ocrx_word' id='word_1_257' title='bbox 153 2697 280 2733; x_wconf 78' lang='lat' dir='ltr'><strong>dinem</strong></span> <span class='ocrx_word' id='word_1_258' title='bbox 302 2700 448 2735; x_wconf 76' lang='lat' dir='ltr'><strong>Arellio</strong></span> <span class='ocrx_word' id='word_1_259' title='bbox 472 2701 535 2735; x_wconf 82' lang='lat' dir='ltr'><strong>isti</strong></span> <span class='ocrx_word' id='word_1_260' title='bbox 561 2701 751 2736; x_wconf 70' lang='lat' dir='ltr'><strong>afferant-‘⁶</strong></span> 
     </span>
    </p>
   </div>
   <div class='ocr_carea' id='block_1_14' title="bbox 1617 1091 1675 1132">
    <p class='ocr_par' dir='ltr' id='par_1_17' title="bbox 1617 1091 1675 1132">
     <span class='ocr_line' id='line_1_50' title="bbox 1617 1091 1675 1132; baseline 0.017 -1"><span class='ocrx_word' id='word_1_261' title='bbox 1617 1091 1675 1132; x_wconf 87' lang='lat'><strong>85</strong></span> 
     </span>
    </p>
   </div>
   <div class='ocr_carea' id='block_1_15' title="bbox 931 1291 1675 2749">
    <p class='ocr_par' dir='ltr' id='par_1_18' title="bbox 936 1291 1675 1852">
     <span class='ocr_line' id='line_1_51' title="bbox 988 1291 1675 1334; baseline -0.001 -10"><span class='ocrx_word' id='word_1_262' title='bbox 988 1293 1139 1325; x_wconf 84' lang='grc'><strong>79-87.</strong></span> <span class='ocrx_word' id='word_1_263' title='bbox 1166 1291 1276 1334; x_wconf 81' lang='lat' dir='ltr'><strong>Olim]</strong></span> <span class='ocrx_word' id='word_1_264' title='bbox 1310 1292 1407 1324; x_wconf 83' lang='lat' dir='ltr'><strong>Olim</strong></span> <span class='ocrx_word' id='word_1_265' title='bbox 1431 1293 1469 1324; x_wconf 84' lang='lat' dir='ltr'><strong>et</strong></span> <span class='ocrx_word' id='word_1_266' title='bbox 1493 1292 1675 1331; x_wconf 80' lang='lat' dir='ltr'><strong>quondam</strong></span> 
     </span>
     <span class='ocr_line' id='line_1_52' title="bbox 939 1338 1675 1382; baseline -0.003 -10"><span class='ocrx_word' id='word_1_267' title='bbox 939 1338 1120 1382; x_wconf 83' lang='lat' dir='ltr'><strong>frequens</strong></span> <span class='ocrx_word' id='word_1_268' title='bbox 1133 1338 1357 1372; x_wconf 83' lang='lat' dir='ltr'><strong>fabellarum</strong></span> <span class='ocrx_word' id='word_1_269' title='bbox 1371 1338 1675 1382; x_wconf 69' lang='lat' dir='ltr'><strong>etexemplorum</strong></span> 
     </span>
     <span class='ocr_line' id='line_1_53' title="bbox 940 1384 1674 1430; baseline 0.001 -13"><span class='ocrx_word' id='word_1_270' title='bbox 940 1385 1103 1426; x_wconf 81' lang='lat' dir='ltr'><strong>initium,</strong></span> <span class='ocrx_word' id='word_1_271' title='bbox 1114 1389 1285 1419; x_wconf 85' lang='lat' dir='ltr'><strong>nostrum</strong></span> <span class='ocrx_word' id='word_1_272' title='bbox 1300 1387 1444 1418; x_wconf 79' lang='lat' dir='ltr'><strong>einma</strong></span> <span class='ocrx_word' id='word_1_273' title='bbox 1454 1386 1475 1418; x_wconf 85' lang='lat'><strong>1.</strong></span> <span class='ocrx_word' id='word_1_274' title='bbox 1494 1384 1674 1430; x_wconf 82' lang='lat' dir='ltr'><strong>cfr.Epp.</strong></span> 
     </span>
     <span class='ocr_line' id='line_1_54' title="bbox 942 1431 1674 1474; baseline 0.001 -10"><span class='ocrx_word' id='word_1_275' title='bbox 942 1435 1047 1474; x_wconf 63' lang='lat' dir='ltr'><strong>lrlv</strong></span> <span class='ocrx_word' id='word_1_276' title='bbox 1073 1434 1128 1466; x_wconf 74' lang='lat'><strong>73.</strong></span> <span class='ocrx_word' id='word_1_277' title='bbox 1178 1431 1286 1466; x_wconf 81' lang='lat' dir='ltr'><strong>Ovid.</strong></span> <span class='ocrx_word' id='word_1_278' title='bbox 1310 1433 1410 1466; x_wconf 83' lang='lat' dir='ltr'><strong>Fast.</strong></span> <span class='ocrx_word' id='word_1_279' title='bbox 1442 1434 1483 1474; x_wconf 83' lang='lat'><strong>2,</strong></span> <span class='ocrx_word' id='word_1_280' title='bbox 1509 1434 1602 1466; x_wconf 70' lang='lat'>799:</span> <span class='ocrx_word' id='word_1_281' title='bbox 1632 1434 1674 1466; x_wconf 74' lang='lat' dir='ltr'><strong>ut</strong></span> 
     </span>
     <span class='ocr_line' id='line_1_55' title="bbox 940 1480 1675 1521; baseline 0 -9"><span class='ocrx_word' id='word_1_282' title='bbox 940 1481 1124 1520; x_wconf 82' lang='lat' dir='ltr'><strong>quondam</strong></span> <span class='ocrx_word' id='word_1_283' title='bbox 1147 1480 1302 1512; x_wconf 73' lang='lat' dir='ltr'><strong>stabulis</strong></span> <span class='ocrx_word' id='word_1_284' title='bbox 1326 1481 1509 1521; x_wconf 70' lang='lat' dir='ltr'><strong>deprensa</strong></span> <span class='ocrx_word' id='word_1_285' title='bbox 1536 1480 1675 1513; x_wconf 74' lang='lat' dir='ltr'><strong>relictis</strong></span> 
     </span>
     <span class='ocr_line' id='line_1_56' title="bbox 939 1526 1674 1569; baseline 0 -10"><span class='ocrx_word' id='word_1_286' title='bbox 939 1535 1104 1568; x_wconf 62' lang='lat' dir='ltr'><strong>nuqua.</strong></span> <span class='ocrx_word' id='word_1_287' title='bbox 1123 1545 1166 1550; x_wconf 92' lang='lat'><strong>-—</strong></span> <span class='ocrx_word' id='word_1_288' title='bbox 1192 1526 1322 1569; x_wconf 72' lang='lat' dir='ltr'><strong>Asper]</strong></span> <span class='ocrx_word' id='word_1_289' title='bbox 1349 1526 1610 1569; x_wconf 79' lang='lat' dir='ltr'><strong>„laboriosus‚</strong></span> <span class='ocrx_word' id='word_1_290' title='bbox 1636 1529 1674 1560; x_wconf 86' lang='lat' dir='ltr'><strong>et</strong></span> 
     </span>
     <span class='ocr_line' id='line_1_57' title="bbox 938 1573 1675 1617; baseline 0 -10"><span class='ocrx_word' id='word_1_291' title='bbox 938 1573 1091 1607; x_wconf 89' lang='lat' dir='ltr'><strong>minime</strong></span> <span class='ocrx_word' id='word_1_292' title='bbox 1128 1573 1391 1607; x_wconf 79' lang='lat' dir='ltr'><strong>luxuriosus.“</strong></span> <span class='ocrx_word' id='word_1_293' title='bbox 1425 1593 1468 1597; x_wconf 92' lang='lat'>—</span> <span class='ocrx_word' id='word_1_294' title='bbox 1501 1574 1675 1617; x_wconf 73' lang='lat' dir='ltr'><strong>attentus]</strong></span> 
     </span>
     <span class='ocr_line' id='line_1_58' title="bbox 939 1620 1674 1664; baseline 0 -10"><span class='ocrx_word' id='word_1_295' title='bbox 939 1620 1158 1664; x_wconf 83' lang='lat' dir='ltr'><strong>„parcus“,</strong></span> <span class='ocrx_word' id='word_1_296' title='bbox 1200 1624 1242 1654; x_wconf 91' lang='lat' dir='ltr'><strong>ut</strong></span> <span class='ocrx_word' id='word_1_297' title='bbox 1279 1621 1431 1654; x_wconf 88' lang='lat' dir='ltr'><strong>Terent.</strong></span> <span class='ocrx_word' id='word_1_298' title='bbox 1462 1620 1533 1654; x_wconf 80' lang='lat' dir='ltr'><strong>Ad.</strong></span> <span class='ocrx_word' id='word_1_299' title='bbox 1572 1623 1606 1663; x_wconf 87' lang='lat'><strong>5,</strong></span> <span class='ocrx_word' id='word_1_300' title='bbox 1640 1623 1674 1662; x_wconf 88' lang='grc'><strong>8,</strong></span> 
     </span>
     <span class='ocr_line' id='line_1_59' title="bbox 938 1669 1674 1702; baseline 0.001 -2"><span class='ocrx_word' id='word_1_301' title='bbox 938 1669 1006 1701; x_wconf 84' lang='lat'><strong>31:</strong></span> <span class='ocrx_word' id='word_1_302' title='bbox 1032 1669 1184 1700; x_wconf 60' lang='lat' dir='ltr'><strong>&#39;nimium</strong></span> <span class='ocrx_word' id='word_1_303' title='bbox 1210 1669 1259 1701; x_wconf 80' lang='lat' dir='ltr'><strong>ad</strong></span> <span class='ocrx_word' id='word_1_304' title='bbox 1282 1677 1359 1701; x_wconf 85' lang='lat' dir='ltr'><strong>rem</strong></span> <span class='ocrx_word' id='word_1_305' title='bbox 1383 1670 1424 1700; x_wconf 82' lang='lat' dir='ltr'><strong>in</strong></span> <span class='ocrx_word' id='word_1_306' title='bbox 1447 1670 1592 1702; x_wconf 76' lang='lat' dir='ltr'><strong>senecta</strong></span> <span class='ocrx_word' id='word_1_307' title='bbox 1617 1670 1674 1701; x_wconf 85' lang='lat' dir='ltr'><strong>at-</strong></span> 
     </span>
     <span class='ocr_line' id='line_1_60' title="bbox 938 1707 1674 1760; baseline 0.001 -12"><span class='ocrx_word' id='word_1_308' title='bbox 938 1716 1027 1748; x_wconf 84' lang='lat' dir='ltr'><strong>tenti</strong></span> <span class='ocrx_word' id='word_1_309' title='bbox 1057 1723 1193 1748; x_wconf 73' lang='lat' dir='ltr'><strong>sumus.</strong></span> <span class='ocrx_word' id='word_1_310' title='bbox 1243 1707 1336 1760; x_wconf 87' lang='lat' dir='ltr'><strong>Epp.</strong></span> <span class='ocrx_word' id='word_1_311' title='bbox 1365 1717 1406 1757; x_wconf 88' lang='lat'><strong>1,</strong></span> <span class='ocrx_word' id='word_1_312' title='bbox 1432 1717 1464 1758; x_wconf 84' lang='grc'><strong>7,</strong></span> <span class='ocrx_word' id='word_1_313' title='bbox 1490 1718 1558 1749; x_wconf 82' lang='lat'><strong>91:</strong></span> <span class='ocrx_word' id='word_1_314' title='bbox 1595 1717 1674 1748; x_wconf 82' lang='lat' dir='ltr'><strong>Du-</strong></span> 
     </span>
     <span class='ocr_line' id='line_1_61' title="bbox 937 1740 1674 1804; baseline 0 -9"><span class='ocrx_word' id='word_1_315' title='bbox 937 1771 1021 1803; x_wconf 74' lang='lat' dir='ltr'><strong>rus,</strong></span> <span class='ocrx_word' id='word_1_316' title='bbox 1046 1764 1118 1804; x_wconf 79' lang='lat' dir='ltr'><strong>ait,</strong></span> <span class='ocrx_word' id='word_1_317' title='bbox 1147 1763 1277 1799; x_wconf 73' lang='lat' dir='ltr'><strong>Vottei</strong></span> <span class='ocrx_word' id='word_1_318' title='bbox 1311 1740 1419 1795; x_wconf 54' lang='lat' dir='ltr'><strong>nimis</strong></span> <span class='ocrx_word' id='word_1_319' title='bbox 1444 1765 1674 1803; x_wconf 73' lang='lat' dir='ltr'><strong>attentusque</strong></span> 
     </span>
     <span class='ocr_line' id='line_1_62' title="bbox 936 1788 1674 1852; baseline 0.001 -10"><span class='ocrx_word' id='word_1_320' title='bbox 936 1788 1069 1843; x_wconf 49' lang='lat' dir='ltr'><strong>videi-is</strong></span> <span class='ocrx_word' id='word_1_321' title='bbox 1086 1811 1173 1842; x_wconf 79' lang='lat' dir='ltr'><strong>Esse</strong></span> <span class='ocrx_word' id='word_1_322' title='bbox 1195 1811 1295 1842; x_wconf 73' lang='lat' dir='ltr'><strong>mihi.</strong></span> <span class='ocrx_word' id='word_1_323' title='bbox 1314 1829 1357 1833; x_wconf 97' lang='lat'>—</span> <span class='ocrx_word' id='word_1_324' title='bbox 1375 1812 1416 1843; x_wconf 83' lang='lat' dir='ltr'><strong>ut</strong></span> <span class='ocrx_word' id='word_1_325' title='bbox 1440 1812 1564 1843; x_wconf 84' lang='lat' dir='ltr'><strong>tamen</strong></span> <span class='ocrx_word' id='word_1_326' title='bbox 1588 1810 1674 1852; x_wconf 68' lang='lat' dir='ltr'><strong>cet]</strong></span> 
     </span>
    </p>

    <p class='ocr_par' dir='ltr' id='par_1_19' title="bbox 931 1857 1674 2749">
     <span class='ocr_line' id='line_1_63' title="bbox 940 1857 1674 1899; baseline 0.003 -10.063"><span class='ocrx_word' id='word_1_327' title='bbox 940 1857 1014 1898; x_wconf 85' lang='lat' dir='ltr'><strong>„ita</strong></span> <span class='ocrx_word' id='word_1_328' title='bbox 1039 1860 1181 1899; x_wconf 86' lang='lat' dir='ltr'><strong>tamen,</strong></span> <span class='ocrx_word' id='word_1_329' title='bbox 1206 1860 1249 1890; x_wconf 87' lang='lat' dir='ltr'><strong>ut</strong></span> <span class='ocrx_word' id='word_1_330' title='bbox 1272 1857 1440 1890; x_wconf 89' lang='lat' dir='ltr'><strong>animum</strong></span> <span class='ocrx_word' id='word_1_331' title='bbox 1465 1857 1558 1891; x_wconf 88' lang='lat' dir='ltr'><strong>alias</strong></span> <span class='ocrx_word' id='word_1_332' title='bbox 1585 1867 1674 1891; x_wconf 87' lang='lat' dir='ltr'><strong>con-</strong></span> 
     </span>
     <span class='ocr_line' id='line_1_64' title="bbox 936 1904 1674 1948; baseline 0.001 -12"><span class='ocrx_word' id='word_1_333' title='bbox 936 1906 1100 1938; x_wconf 85' lang='lat' dir='ltr'><strong>tractum</strong></span> <span class='ocrx_word' id='word_1_334' title='bbox 1125 1914 1169 1937; x_wconf 87' lang='lat' dir='ltr'><strong>ac</strong></span> <span class='ocrx_word' id='word_1_335' title='bbox 1194 1915 1311 1948; x_wconf 89' lang='lat' dir='ltr'><strong>prope</strong></span> <span class='ocrx_word' id='word_1_336' title='bbox 1343 1904 1496 1937; x_wconf 75' lang='lat' dir='ltr'><strong>anxium</strong></span> <span class='ocrx_word' id='word_1_337' title='bbox 1529 1905 1674 1938; x_wconf 80' lang='lat' dir='ltr'><strong>laxaret</strong></span> 
     </span>
     <span class='ocr_line' id='line_1_65' title="bbox 939 1950 1672 1993; baseline 0.003 -10"><span class='ocrx_word' id='word_1_338' title='bbox 939 1951 1122 1993; x_wconf 70' lang='lat' dir='ltr'><strong>hospitii-⁵⁴⁴</strong></span> <span class='ocrx_word' id='word_1_339' title='bbox 1149 1950 1326 1993; x_wconf 81' lang='lat' dir='ltr'><strong>(dativus,</strong></span> <span class='ocrx_word' id='word_1_340' title='bbox 1344 1954 1386 1984; x_wconf 88' lang='lat' dir='ltr'><strong>ut</strong></span> <span class='ocrx_word' id='word_1_341' title='bbox 1401 1951 1531 1985; x_wconf 90' lang='lat' dir='ltr'><strong>Iuven.</strong></span> <span class='ocrx_word' id='word_1_342' title='bbox 1553 1954 1588 1993; x_wconf 84' lang='lat'><strong>4,</strong></span> <span class='ocrx_word' id='word_1_343' title='bbox 1606 1953 1672 1985; x_wconf 77' lang='lat'><strong>67:</strong></span> 
     </span>
     <span class='ocr_line' id='line_1_66' title="bbox 933 1998 1674 2041; baseline 0 -10"><span class='ocrx_word' id='word_1_344' title='bbox 933 2007 1097 2040; x_wconf 79' lang='lat' dir='ltr'><strong>propera</strong></span> <span class='ocrx_word' id='word_1_345' title='bbox 1108 2000 1335 2032; x_wconf 77' lang='lat' dir='ltr'><strong>stomachum</strong></span> <span class='ocrx_word' id='word_1_346' title='bbox 1350 2000 1480 2032; x_wconf 67' lang='lat' dir='ltr'><strong>laxare</strong></span> <span class='ocrx_word' id='word_1_347' title='bbox 1492 1998 1674 2041; x_wconf 63' lang='lat' dir='ltr'><strong>saginis),</strong></span> 
     </span>
     <span class='ocr_line' id='line_1_67' title="bbox 936 2045 1672 2089; baseline 0.001 -11"><span class='ocrx_word' id='word_1_348' title='bbox 936 2055 1000 2086; x_wconf 81' lang='lat' dir='ltr'><strong>„se</strong></span> <span class='ocrx_word' id='word_1_349' title='bbox 1027 2045 1255 2079; x_wconf 82' lang='lat' dir='ltr'><strong>exhilararet</strong></span> <span class='ocrx_word' id='word_1_350' title='bbox 1285 2046 1478 2079; x_wconf 82' lang='lat' dir='ltr'><strong>interdum</strong></span> <span class='ocrx_word' id='word_1_351' title='bbox 1502 2046 1672 2089; x_wconf 87' lang='lat' dir='ltr'><strong>hospites</strong></span> 
     </span>
     <span class='ocr_line' id='line_1_68' title="bbox 935 2092 1673 2136; baseline 0.003 -13"><span class='ocrx_word' id='word_1_352' title='bbox 935 2092 1170 2125; x_wconf 75' lang='lat' dir='ltr'><strong>invitando.“</strong></span> <span class='ocrx_word' id='word_1_353' title='bbox 1200 2111 1243 2115; x_wconf 90' lang='lat'><strong>——</strong></span> <span class='ocrx_word' id='word_1_354' title='bbox 1268 2093 1354 2136; x_wconf 83' lang='lat' dir='ltr'><strong>ille]</strong></span> <span class='ocrx_word' id='word_1_355' title='bbox 1382 2096 1455 2133; x_wconf 80' lang='lat' dir='ltr'><strong>„ut</strong></span> <span class='ocrx_word' id='word_1_356' title='bbox 1492 2092 1559 2136; x_wconf 91' lang='lat' dir='ltr'><strong>qui</strong></span> <span class='ocrx_word' id='word_1_357' title='bbox 1597 2095 1673 2125; x_wconf 87' lang='lat' dir='ltr'><strong>tam</strong></span> 
     </span>
     <span class='ocr_line' id='line_1_69' title="bbox 935 2137 1672 2183; baseline 0.003 -12"><span class='ocrx_word' id='word_1_358' title='bbox 935 2137 1124 2183; x_wconf 89' lang='lat' dir='ltr'><strong>benignus</strong></span> <span class='ocrx_word' id='word_1_359' title='bbox 1150 2140 1283 2172; x_wconf 84' lang='lat' dir='ltr'><strong>esset.“</strong></span> <span class='ocrx_word' id='word_1_360' title='bbox 1312 2158 1355 2163; x_wconf 90' lang='lat'><strong>—-</strong></span> <span class='ocrx_word' id='word_1_361' title='bbox 1383 2139 1533 2181; x_wconf 63' lang='lat' dir='ltr'><strong>tonnae]</strong></span> <span class='ocrx_word' id='word_1_362' title='bbox 1570 2139 1672 2181; x_wconf 81' lang='lat' dir='ltr'><strong>„Ha-</strong></span> 
     </span>
     <span class='ocr_line' id='line_1_70' title="bbox 935 2185 1673 2230; baseline 0.003 -12"><span class='ocrx_word' id='word_1_363' title='bbox 935 2185 999 2218; x_wconf 86' lang='lat' dir='ltr'><strong>bet</strong></span> <span class='ocrx_word' id='word_1_364' title='bbox 1024 2185 1125 2218; x_wconf 90' lang='lat' dir='ltr'><strong>enim</strong></span> <span class='ocrx_word' id='word_1_365' title='bbox 1157 2185 1321 2230; x_wconf 87' lang='lat' dir='ltr'><strong>glumam</strong></span> <span class='ocrx_word' id='word_1_366' title='bbox 1359 2186 1490 2230; x_wconf 87' lang='lat' dir='ltr'><strong>(grani</strong></span> <span class='ocrx_word' id='word_1_367' title='bbox 1523 2186 1673 2220; x_wconf 81' lang='lat' dir='ltr'><strong>follicu-</strong></span> 
     </span>
     <span class='ocr_line' id='line_1_71' title="bbox 935 2231 1671 2277; baseline 0.004 -13"><span class='ocrx_word' id='word_1_368' title='bbox 935 2231 1036 2274; x_wconf 89' lang='lat' dir='ltr'><strong>lum)</strong></span> <span class='ocrx_word' id='word_1_369' title='bbox 1075 2232 1260 2277; x_wconf 86' lang='lat' dir='ltr'><strong>longam.“</strong></span> <span class='ocrx_word' id='word_1_370' title='bbox 1313 2232 1442 2266; x_wconf 72' lang='lat' dir='ltr'><strong>Con.</strong></span> <span class='ocrx_word' id='word_1_371' title='bbox 1469 2233 1591 2272; x_wconf 73' lang='lat' dir='ltr'><strong>Gan.</strong></span> <span class='ocrx_word' id='word_1_372' title='bbox 1624 2253 1671 2258; x_wconf 89' lang='lat'><strong>—-</strong></span> 
     </span>
     <span class='ocr_line' id='line_1_72' title="bbox 934 2279 1671 2323; baseline 0.005 -12"><span class='ocrx_word' id='word_1_373' title='bbox 934 2279 1062 2312; x_wconf 74' lang='lat' dir='ltr'><strong>inm&#39;dit</strong></span> <span class='ocrx_word' id='word_1_374' title='bbox 1078 2280 1231 2323; x_wconf 83' lang='lat' dir='ltr'><strong>avenae]</strong></span> <span class='ocrx_word' id='word_1_375' title='bbox 1252 2281 1536 2314; x_wconf 84' lang='lat' dir='ltr'><strong>constructione</strong></span> <span class='ocrx_word' id='word_1_376' title='bbox 1554 2280 1671 2315; x_wconf 82' lang='lat' dir='ltr'><strong>Grae-</strong></span> 
     </span>
     <span class='ocr_line' id='line_1_73' title="bbox 935 2326 1671 2370; baseline 0.003 -11"><span class='ocrx_word' id='word_1_377' title='bbox 935 2335 980 2359; x_wconf 81' lang='lat' dir='ltr'><strong>ca</strong></span> <span class='ocrx_word' id='word_1_378' title='bbox 1004 2326 1178 2369; x_wconf 84' lang='lat' dir='ltr'><strong>(Quintil.</strong></span> <span class='ocrx_word' id='word_1_379' title='bbox 1204 2329 1238 2368; x_wconf 90' lang='grc'><strong>9,</strong></span> <span class='ocrx_word' id='word_1_380' title='bbox 1263 2329 1297 2369; x_wconf 90' lang='grc'><strong>3,</strong></span> <span class='ocrx_word' id='word_1_381' title='bbox 1324 2328 1410 2370; x_wconf 86' lang='grc'><strong>17.),</strong></span> <span class='ocrx_word' id='word_1_382' title='bbox 1440 2331 1484 2362; x_wconf 87' lang='lat' dir='ltr'><strong>ut</strong></span> <span class='ocrx_word' id='word_1_383' title='bbox 1507 2328 1671 2369; x_wconf 78' lang='grc' dir='ltr'><em>φθονεῖν</em></span> 
     </span>
     <span class='ocr_line' id='line_1_74' title="bbox 934 2374 1670 2419; baseline 0.005 -14"><span class='ocrx_word' id='word_1_384' title='bbox 934 2374 1008 2406; x_wconf 75' lang='grc' dir='ltr'><strong><em>τινί</em></strong></span> <span class='ocrx_word' id='word_1_385' title='bbox 1048 2384 1161 2415; x_wconf 77' lang='grc' dir='ltr'><strong><em>τινος.</em></strong></span> <span class='ocrx_word' id='word_1_386' title='bbox 1211 2374 1316 2419; x_wconf 84' lang='lat' dir='ltr'><strong>Virg.</strong></span> <span class='ocrx_word' id='word_1_387' title='bbox 1349 2375 1445 2409; x_wconf 84' lang='lat' dir='ltr'><strong>Aen.</strong></span> <span class='ocrx_word' id='word_1_388' title='bbox 1480 2377 1544 2418; x_wconf 91' lang='grc'><strong>11,</strong></span> <span class='ocrx_word' id='word_1_389' title='bbox 1579 2377 1645 2409; x_wconf 83' lang='grc'><strong>126</strong></span> <span class='ocrx_word' id='word_1_390' title='bbox 1659 2387 1670 2409; x_wconf 86' lang='lat'><strong>:</strong></span> 
     </span>
     <span class='ocr_line' id='line_1_75' title="bbox 933 2422 1671 2462; baseline 0.004 -9"><span class='ocrx_word' id='word_1_391' title='bbox 933 2422 1149 2454; x_wconf 76' lang='lat' dir='ltr'><strong>Iustitiaene</strong></span> <span class='ocrx_word' id='word_1_392' title='bbox 1178 2422 1283 2462; x_wconf 78' lang='lat' dir='ltr'><strong>prius</strong></span> <span class='ocrx_word' id='word_1_393' title='bbox 1316 2424 1431 2455; x_wconf 84' lang='lat' dir='ltr'><strong>mirer</strong></span> <span class='ocrx_word' id='word_1_394' title='bbox 1456 2423 1587 2456; x_wconf 77' lang='lat' dir='ltr'><strong>belline</strong></span> <span class='ocrx_word' id='word_1_395' title='bbox 1615 2424 1671 2455; x_wconf 87' lang='lat' dir='ltr'><strong>la-</strong></span> 
     </span>
     <span class='ocr_line' id='line_1_76' title="bbox 934 2468 1670 2504; baseline 0.003 -4"><span class='ocrx_word' id='word_1_396' title='bbox 934 2468 1088 2500; x_wconf 81' lang='lat' dir='ltr'><strong>borum?</strong></span> <span class='ocrx_word' id='word_1_397' title='bbox 1133 2468 1306 2502; x_wconf 86' lang='lat' dir='ltr'><strong>Latinam</strong></span> <span class='ocrx_word' id='word_1_398' title='bbox 1348 2470 1670 2504; x_wconf 86' lang='lat' dir='ltr'><strong>constructionem</strong></span> 
     </span>
     <span class='ocr_line' id='line_1_77' title="bbox 933 2514 1669 2558; baseline 0.001 -10"><span class='ocrx_word' id='word_1_399' title='bbox 933 2514 1017 2548; x_wconf 85' lang='lat' dir='ltr'><strong>vide</strong></span> <span class='ocrx_word' id='word_1_400' title='bbox 1049 2515 1123 2549; x_wconf 84' lang='lat' dir='ltr'><strong>Sat.</strong></span> <span class='ocrx_word' id='word_1_401' title='bbox 1151 2519 1188 2558; x_wconf 90' lang='lat'><strong>1,</strong></span> <span class='ocrx_word' id='word_1_402' title='bbox 1214 2518 1247 2558; x_wconf 87' lang='grc'><strong>6,</strong></span> <span class='ocrx_word' id='word_1_403' title='bbox 1273 2518 1346 2550; x_wconf 83' lang='lat'><strong>49:</strong></span> <span class='ocrx_word' id='word_1_404' title='bbox 1381 2518 1556 2550; x_wconf 81' lang='lat' dir='ltr'><strong>honorem</strong></span> <span class='ocrx_word' id='word_1_405' title='bbox 1580 2519 1669 2549; x_wconf 81' lang='lat' dir='ltr'><strong>Iure</strong></span> 
     </span>
     <span class='ocr_line' id='line_1_78' title="bbox 931 2563 1669 2607; baseline 0.003 -13"><span class='ocrx_word' id='word_1_406' title='bbox 931 2563 1020 2594; x_wconf 66' lang='lat' dir='ltr'><strong>mitti</strong></span> <span class='ocrx_word' id='word_1_407' title='bbox 1048 2564 1208 2596; x_wconf 73' lang='lat' dir='ltr'><strong>invideat</strong></span> <span class='ocrx_word' id='word_1_408' title='bbox 1233 2565 1362 2604; x_wconf 79' lang='lat' dir='ltr'><strong>quivis.</strong></span> <span class='ocrx_word' id='word_1_409' title='bbox 1414 2563 1490 2596; x_wconf 83' lang='lat' dir='ltr'><strong>Cfr.</strong></span> <span class='ocrx_word' id='word_1_410' title='bbox 1515 2563 1608 2607; x_wconf 87' lang='lat' dir='ltr'><strong>Epp.</strong></span> <span class='ocrx_word' id='word_1_411' title='bbox 1636 2565 1669 2605; x_wconf 83' lang='lat'><strong>1,</strong></span> 
     </span>
     <span class='ocr_line' id='line_1_79' title="bbox 934 2610 1668 2654; baseline 0 -12"><span class='ocrx_word' id='word_1_412' title='bbox 934 2611 998 2651; x_wconf 82' lang='lat'><strong>14,</strong></span> <span class='ocrx_word' id='word_1_413' title='bbox 1023 2612 1081 2642; x_wconf 87' lang='lat'><strong>41.</strong></span> <span class='ocrx_word' id='word_1_414' title='bbox 1107 2628 1150 2633; x_wconf 91' lang='lat'><strong>—</strong></span> <span class='ocrx_word' id='word_1_415' title='bbox 1184 2610 1354 2653; x_wconf 79' lang='lat' dir='ltr'><strong>acinum]</strong></span> <span class='ocrx_word' id='word_1_416' title='bbox 1391 2621 1486 2643; x_wconf 87' lang='lat' dir='ltr'><strong>uvae</strong></span> <span class='ocrx_word' id='word_1_417' title='bbox 1522 2620 1668 2654; x_wconf 86' lang='lat' dir='ltr'><strong>passae.</strong></span> 
     </span>
     <span class='ocr_line' id='line_1_80' title="bbox 931 2657 1668 2700; baseline 0.001 -10"><span class='ocrx_word' id='word_1_418' title='bbox 931 2658 1169 2698; x_wconf 72' lang='lat' dir='ltr'><strong>——tanqentis</strong></span> <span class='ocrx_word' id='word_1_419' title='bbox 1184 2658 1295 2700; x_wconf 79' lang='lat' dir='ltr'><strong>mate]</strong></span> <span class='ocrx_word' id='word_1_420' title='bbox 1316 2657 1399 2699; x_wconf 84' lang='lat' dir='ltr'><strong>„vix</strong></span> <span class='ocrx_word' id='word_1_421' title='bbox 1418 2668 1462 2691; x_wconf 88' lang='lat' dir='ltr'><strong>ac</strong></span> <span class='ocrx_word' id='word_1_422' title='bbox 1474 2657 1668 2691; x_wconf 86' lang='lat' dir='ltr'><strong>fastidiose</strong></span> 
     </span>
     <span class='ocr_line' id='line_1_81' title="bbox 932 2703 1542 2749; baseline -0.002 -11"><span class='ocrx_word' id='word_1_423' title='bbox 932 2703 1220 2749; x_wconf 80' lang='lat' dir='ltr'><strong>contingentis.“</strong></span> <span class='ocrx_word' id='word_1_424' title='bbox 1264 2704 1393 2738; x_wconf 70' lang='lat' dir='ltr'><strong>con.</strong></span> <span class='ocrx_word' id='word_1_425' title='bbox 1419 2703 1542 2742; x_wconf 75' lang='lat' dir='ltr'><strong>Can.</strong></span> 
     </span>
    </p>
   </div>
  </div>
 </body>
</html>
