1774 2930
170 149 256 190 530

824 149 1030 185 HORATH

288 249 411 292 Haec
442 254 555 292 amat
587 250 833 304 obscurum,
866 252 980 294 volet
1010 252 1117 295 haec
1148 254 1227 296 sub
1258 255 1353 298 luce
1383 256 1538 311 videri,

287 320 444 363 Iudicis
477 324 674 376 argutum
705 335 815 378 quae
846 336 933 364 non
962 322 1162 367 formidat
1192 339 1394 381 acumen3

288 391 411 434 Haec
440 392 600 447 placuit
632 393 784 446 semel,
816 393 923 435 haec
954 393 1096 437 decies
1127 397 1312 452 repetita
1341 398 1540 454 placebit.
1601 400 1686 441 365

289 462 326 505 Ο
359 463 494 505 maior
525 464 748 517 iuvenum,
786 465 979 521 quamvis
1012 469 1055 507 et
1085 480 1189 509 voce
1220 471 1399 524 paterna

287 532 487 589 Fingeris
519 534 573 576 ad
604 539 766 577 rectum
799 540 842 578 et
872 550 949 591 per
978 540 1021 579 te
1054 538 1184 593 sapis,
1216 538 1298 581 hoc
1328 539 1407 581 tibi
1439 539 1597 582 dictum

288 604 412 647 Tolle
443 619 619 658 memor,
654 606 780 648 certis
812 606 999 649 medium
1032 611 1074 650 et
1105 608 1328 652 tolerabile
1359 611 1489 653 rebus

285 675 420 718 Recte
452 676 640 718 concedi.
684 676 915 719 Consultus
947 678 1052 719 iuris
1084 682 1126 721 et
1158 683 1275 722 actor

287 746 523 789 Causarum
554 747 781 789 mediocris
814 748 936 791 abest
966 749 1123 792 virtute
1155 750 1304 792 diserti

1602 753 1687 794 370

285 817 513 860 Messallae
544 832 624 861 nec
656 819 736 860 scit
768 823 974 874 quantum
1006 819 1241 863 Cascellius
1272 821 1430 876 Aulus,

165 1015 387 1062 λεγόμενον,
424 1018 525 1053 unde
563 1020 800 1064 corruptelae
838 1022 904 1054 ad-

165 1069 247 1108 stes,
274 1068 389 1109 absi33
427 1066 626 1106 formatum
652 1069 711 1101 est
742 1067 789 1101 ad
814 1078 903 1102 ana-

164 1113 304 1158 logiam
328 1125 362 1147 V.
389 1112 621 1157 ἀφίσταμαι,
659 1113 724 1148 sed
749 1117 903 1159 propter

166 1171 301 1195 sonum
343 1161 576 1206 asperiorem
617 1163 765 1206 praeter
806 1163 843 1195 h.
878 1163 902 1196 l.

165 1218 252 1241 raro
302 1211 368 1242 aut
422 1219 616 1253 nunquam
666 1212 904 1253 usurpatum,

164 1266 322 1300 prorsus
349 1258 391 1290 ut
407 1256 573 1290 Vitruvii
599 1258 632 1298 9,
651 1258 683 1298 1,
704 1258 758 1290 11.
785 1257 903 1291 subst.

165 1304 363 1336 abstantia.
415 1303 509 1337 Tota
540 1306 665 1337 autem
700 1303 822 1348 imago
857 1303 904 1337 ad

164 1353 338 1394 poemata
362 1351 546 1384 translata
563 1350 751 1396 significat
774 1351 905 1385 lectio-

165 1408 251 1431 nem
288 1398 375 1441 plus
409 1398 579 1432 minusve
611 1401 826 1432 accuratam
852 1401 905 1433 at-

164 1455 238 1489 que
257 1445 381 1479 acrius
396 1446 454 1479 vel
472 1445 696 1480 clementius
710 1446 904 1488 iudicium,

164 1492 267 1537 quod
293 1492 340 1526 de
366 1492 499 1537 quovis
533 1493 657 1527 facere
689 1493 903 1527 debeamus.

165 1558 209 1563 —
235 1541 339 1572 Haec
376 1542 478 1573 amat
514 1540 728 1583 obscurum]
776 1551 903 1585 „quae

164 1587 369 1620 virtutibus
396 1587 549 1631 quidem
573 1598 651 1621 non
678 1584 799 1630 caret,
837 1588 904 1621 sed

164 1636 290 1668 tamen
329 1645 397 1668 suo
435 1635 519 1668 iure
556 1635 723 1678 postulat
754 1635 903 1679 partim,

163 1692 212 1715 ne
246 1682 358 1715 nimis
392 1682 593 1727 diligenter
626 1683 904 1727 investigentur

164 1728 237 1762 loci
287 1729 413 1763 minus
456 1729 629 1773 expoliti,
678 1730 815 1773 partim
863 1731 906 1763 ut

165 1777 365 1820 φαντασίᾳ
398 1777 524 1820 potius
559 1779 595 1810 et
628 1777 706 1809 miti
743 1776 904 1820 quodam

164 1823 409 1857 humanitatis
461 1833 575 1857 sensu
632 1824 903 1865 (qemillhlich)

164 1880 246 1903 eam
287 1870 568 1914 amplectamur,
619 1881 729 1914 quam
772 1870 903 1904 subtili

164 1916 382 1951 intellectus
423 1917 566 1950 iudicio
609 1917 901 1951 subiiciamus.“

163 1983 210 1988 --
235 1968 409 2005 argutum
438 1982 452 1988 -
482 1982 497 1989 -
526 1964 694 2007 acumen]
727 1966 905 2005 [einer

163 2013 476 2053 Scharfblick.

212 2061 411 2092 366—373.
447 2061 476 2093 0
501 2059 645 2101 maior]
682 2058 752 2100 „L.
779 2058 901 2092 Piso.“

163 2105 287 2141 ACRO.
313 2107 428 2140 Facta
453 2107 644 2140 mentione
665 2106 791 2150 poesis
809 2106 904 2148 eius,

164 2164 261 2197 quae
294 2156 449 2198 propter
482 2153 755 2198 perfectionem
789 2155 902 2187 decies

162 2203 322 2242 repetita
356 2202 536 2243 placebit,
575 2201 767 2245 aptissime
801 2201 904 2234 iuve-

164 2258 249 2281 nem
277 2248 437 2282 amicum
463 2259 506 2282 ac
531 2248 662 2290 simul,
688 2250 730 2281 ut
754 2247 796 2282 fit
819 2248 904 2281 tali-

163 2294 234 2328 bus
261 2295 301 2328 in
319 2295 627 2335 allocutionibus,
652 2305 903 2339 unumquem-

165 2352 238 2385 que
265 2344 449 2376 lectorum
474 2342 648 2377 obsecrat
678 2342 904 2376 obtestatur-

165 2399 257 2432 que,
293 2400 340 2423 ne
377 2390 411 2423 ei
446 2391 516 2423 hac
549 2391 632 2434 ipsa
656 2390 815 2423 fortasse
843 2400 904 2422 ex-

164 2437 358 2470 cusatione
394 2439 462 2470 erit
472 2462 481 2479 ,
520 2446 615 2477 quae
628 2456 643 2463 -
656 2455 671 2461 -
685 2456 699 2462 -
712 2438 903 2470 obscuram

164 2483 335 2517 abutenti
369 2484 416 2518 ad
453 2484 750 2518 mediocritatem
785 2494 903 2527 quan·

164 2530 248 2564 dam
266 2532 464 2575 pervenire
485 2531 664 2573 sufficiat3
691 2530 788 2564 nihil
802 2531 902 2564 enim

163 2578 345 2612 mediocri
375 2581 486 2622 poeta
518 2589 599 2612 esse
626 2577 902 2612 detestabilius.

163 2625 262 2658 Hinc
299 2625 537 2669 potissimum
572 2626 751 2669 epistolae
785 2635 902 2671 χαρα-

163 2671 287 2719 κτῆρα
311 2672 480 2707 resumit.
500 2692 542 2696 -
561 2672 748 2715 iuvenum]
775 2672 814 2705 id
834 2675 902 2713 est,

165 2719 385 2762 „filiorum.“
438 2719 543 2754 Conf.
571 2731 603 2756 v.
631 2721 693 2752 24:
724 2722 834 2761 paler
869 2722 901 2752 el

951 1022 1098 1054 iuvenes
1112 1024 1221 1062 patre
1237 1023 1348 1063 aioni.
1364 1041 1406 1046 —-
1422 1024 1520 1056 Tolle
1537 1023 1687 1067 memor]

951 1068 1143 1102 Excidunt
1174 1069 1346 1113 loquenti
1372 1070 1506 1113 verba3
1545 1071 1610 1115 qui
1643 1081 1688 1104 ea

951 1115 991 1148 in
1029 1118 1192 1149 mentem
1231 1126 1337 1150 suam
1373 1117 1528 1161 recipit,
1570 1117 1686 1151 veluti

952 1163 1046 1195 tollit
1073 1162 1392 1205 (aurnehmen,
1419 1165 1685 1207 ausheben).

952 1209 1058 1254 Virg.
1082 1210 1177 1244 Aen.
1204 1212 1236 1252 6,
1262 1213 1350 1245 377:
1381 1220 1469 1252 cape
1493 1213 1591 1245 dicta
1614 1221 1687 1246 me-

951 1264 1042 1291 mor.
1061 1275 1104 1280 -
1122 1257 1244 1300 certis]
1272 1257 1557 1302 „quibusdam,“
1585 1269 1686 1293 non:

955 1295 1154 1346 „definitis,
1180 1313 1205 1338 a
1218 1306 1239 1338 b
1252 1314 1274 1346 q
1289 1314 1307 1338 e
1321 1314 1343 1346 a
1355 1314 1376 1338 r
1390 1306 1414 1338 ἃ
1427 1314 1482 1338 nz
1494 1308 1507 1339 t
1521 1306 1573 1339 e.“
1605 1306 1686 1340 Hoc

951 1350 1068 1384 dicit:
1111 1351 1184 1394 „In
1220 1351 1432 1396 disciplinis
1470 1355 1508 1386 et
1543 1353 1686 1387 artibus

953 1398 1040 1432 usui
1077 1398 1175 1433 vitae
1209 1399 1451 1443 quotidianae
1488 1399 1687 1435 destinatis

951 1445 1192 1480 mediocritas
1225 1446 1435 1481 tolerabilis
1467 1449 1542 1490 est,
1579 1458 1688 1492 prae-

953 1493 1082 1527 sertim
1106 1493 1172 1527 ubi
1190 1496 1463 1539 argumentum,
1489 1495 1589 1538 quod
1613 1498 1688 1528 tra-

953 1543 1054 1574 ctare
1081 1540 1238 1582 debent,
1259 1541 1399 1585 ,ipsum
1431 1541 1582 1576 tenuius
1609 1544 1688 1576 est:

952 1588 1006 1621 sic
1031 1588 1071 1620 in
1097 1588 1254 1622 minoris
1285 1589 1465 1622 momenti
1497 1588 1626 1623 litibus
1652 1591 1708 1624 et.

950 1634 1062 1669 Ictus
1096 1637 1134 1668 et
1167 1635 1384 1670 causidicus
1416 1635 1618 1670 mediocris
1652 1638 1690 1670 et

952 1682 1104 1726 petitori
1147 1685 1184 1716 et
1223 1693 1288 1716 reo
1330 1682 1502 1717 sufficiet.
1566 1683 1688 1716 Aliter

954 1740 1042 1763 vero
1061 1740 1121 1763 res
1141 1740 1180 1763 se
1206 1730 1318 1763 habet
1342 1730 1382 1763 in
1408 1729 1564 1771 artibus,
1589 1740 1687 1774 quae

953 1776 1152 1819 pulchrum
1194 1787 1262 1820 per
1302 1786 1342 1810 se
1382 1776 1507 1820 ipsum
1546 1776 1688 1810 imitari

953 1822 1108 1856 student
1141 1825 1178 1856 et
1209 1824 1249 1856 in
1281 1824 1410 1863 quibus
1442 1831 1516 1856 non
1545 1824 1689 1856 utililas

953 1871 1147 1910 quaeritur
1196 1871 1421 1910 necessaria,
1469 1871 1534 1904 sea
1573 1872 1689 1903 animi

955 1917 1072 1950 libera
1097 1919 1279 1957 quaedam
1304 1918 1494 1950 oblectatio
1520 1916 1616 1960 (Cic.
1640 1917 1687 1951 de

953 1963 1017 1997 Or.
1046 1966 1085 2005 1,
1111 1966 1174 2007 26,
1203 1964 1310 2006 118.),
1342 1964 1383 1998 in
1408 1965 1532 2008 poesi,
1566 1964 1606 1997 in
1632 1964 1689 1998 hi-

954 2011 1138 2044 strionum
1164 2014 1262 2053 arte,
1287 2012 1328 2044 in
1352 2011 1503 2055 pictura
1528 2014 1565 2045 et
1590 2012 1688 2045 scul-

953 2060 1076 2102 ptura,
1109 2058 1175 2092 ubi
1200 2069 1398 2103 nunquam
1423 2058 1464 2092 in
1489 2058 1687 2092 mediocri-

953 2108 1027 2140 tate
1053 2105 1348 2150 adquiescimus,
1373 2105 1438 2140 sed
1456 2108 1586 2140 nostro
1603 2106 1687 2140 iure

952 2153 1223 2196 perfectionem
1261 2153 1495 2197 poscimus.“
1523 2171 1566 2176 —
1592 2154 1687 2187 Mes-

951 2200 1086 2243 sallae]
1112 2200 1180 2234 Est
1204 2203 1316 2234 notus
1339 2200 1405 2234 ille
1437 2199 1492 2233 Μ.
1512 2199 1687 2234 Valerius

951 2246 1128 2281 Messalla
1154 2247 1350 2289 Corvinus,
1388 2246 1529 2281 Tibulli
1553 2247 1687 2281 fautor.

953 2294 1038 2328 vid.
1063 2297 1329 2339 argumentum
1355 2293 1424 2328 Od.
1450 2295 1491 2336 3,
1517 2295 1574 2328 21.
1623 2293 1687 2327 Se-

952 2352 1047 2376 neca
1085 2341 1259 2376 Controv.
1291 2343 1332 2383 2,
1361 2343 1426 2375 12:
1467 2342 1552 2374 Fuit
1592 2342 1687 2375 Mes-

950 2390 1051 2422 salla
1077 2389 1298 2423 eoeaclissimi
1329 2389 1467 2430 inuenit·
1495 2389 1535 2421 in
1565 2396 1687 2421 onmes

952 2437 1097 2477 quidem
1132 2437 1337 2469 studiorum
1377 2438 1520 2477 parles,
1564 2436 1688 2468 Lalim'

951 2484 1076 2523 ulique
1099 2484 1276 2517 sermonis
1301 2484 1510 2516 observator
1534 2483 1687 2523 diliaen-
1746 2518 1749 2522 ,

952 2532 1120 2564 tissimus.
1147 2531 1342 2562 --Latro-
1356 2538 1452 2571 -pro
1477 2530 1686 2570 Pythodoro

951 2578 1149 2612 Messallae
1180 2578 1383 2610 orationem
1415 2576 1686 2610 disertissi-

949 2633 1064 2658 mam
1102 2625 1280 2657 recitavit.
1315 2642 1360 2647 —
1395 2624 1436 2656 A.
1479 2623 1685 2663 Cascellius,

951 2671 1184 2705 clarissimus
1209 2670 1339 2708 Ictus,
1373 2670 1482 2704 homo
1508 2669 1616 2703 dicax
1641 2678 1685 2702 ac

950 2719 1094 2753 facetus
1121 2717 1300 2761 (Macrob.
1326 2716 1476 2751 saturn.
1503 2718 1536 2758 2,
1563 2716 1612 2757 6.)
1650 2717 1687 2749 et
