1774 2930
189 157 273 197 274

305 257 465 299 Posces
497 260 597 299 ante
628 256 744 299 diem
772 255 929 298 librum
961 269 1057 298 cum
1086 256 1261 309 lumine,
1295 256 1331 298 si
1363 270 1449 299 non

645 155 853 190 HORATII
877 155 1224 190 EPISTOLARUM

1650 254 1722 300 35·

305 327 509 370 Intendes
543 327 732 369 animum
763 326 916 368 studiis
949 330 991 368 et
1021 327 1150 369 rebus
1181 326 1388 381 honestis,

306 398 474 441 Invidia
503 398 572 440 vel
605 411 748 439 amore
778 397 884 453 vigil
914 397 1182 453 torquebere.
1223 397 1335 440 Nam
1367 413 1454 451 cur,

309 470 429 518 Quae
460 468 636 511 laedunt
667 469 849 521 oculum,
882 468 1060 511 festinas
1093 468 1287 522 demere3
1322 469 1359 510 si
1389 469 1492 526 quid

306 540 387 582 Est
420 540 620 592 animum,
653 539 799 582 differs
832 539 1008 581 curandi
1037 543 1206 596 tempus
1237 540 1284 581 in
1315 541 1504 582 annum?

307 611 544 653 Dimidium
575 610 691 664 facti,
724 611 796 666 qui
828 611 983 667 coepit,
1015 610 1168 663 habet;
1201 625 1352 667 sapere
1383 611 1514 665 aude3

1651 614 1708 654 40

307 683 468 738 Incipe.
513 681 597 730 Qui
629 686 744 724 recte
776 681 948 724 vivendi
979 685 1180 738 prorogat
1211 682 1378 736 horam,

306 753 510 796 Rusticus
544 756 784 809 exspectat,
817 752 918 794 dum
948 752 1106 796 defluat
1137 753 1299 807 amnis;
1334 757 1376 796 at
1407 753 1480 797 ille

285 879 341 912 37.

377 879 538 911 curnam
572 877 685 911 Codd.
713 877 801 921 aliq.
827 876 934 910 Feae.
962 896 1005 901 ——
1032 878 1088 910 38.
1115 879 1238 911 oculos
1263 877 1383 920 bScd‚
1418 877 1508 912 Lct.
1534 897 1577 903 -
1605 881 1661 912 41.

241 926 387 959 Vivendi
413 927 476 966 qui
499 927 595 959 recte
621 923 829 969 bchp,Ct,
859 926 1005 958 Vivendi
1030 928 1127 958 recte
1154 926 1217 965 qui
1241 925 1284 959 L.

189 1022 259 1055 mis
278 1020 491 1065 quibusque
515 1019 775 1064 philosophiae
798 1023 926 1053 aucto-

189 1069 296 1104 ribus
329 1078 441 1112 saepe
473 1067 533 1101 vel
565 1069 652 1101 ante
686 1066 803 1109 diem,
841 1078 925 1101 cum

190 1126 296 1150 mens
339 1117 396 1149 est
436 1125 550 1159 quam
587 1115 745 1148 maxime
784 1117 926 1159 vegeta,

190 1165 332 1197 attente
374 1162 499 1204 lectis,
541 1173 670 1196 aurem
711 1162 785 1195 iam
824 1173 927 1195 1111110

189 1210 390 1255 praebebis
408 1219 517 1244 verae
542 1209 736 1243 doctrinae
755 1212 792 1243 et
814 1209 927 1244 rebus

189 1258 360 1292 honestis
384 1267 536 1301 operam
562 1256 680 1298 dabis,
706 1257 927 1299 socordiam,

190 1307 345 1350 propter
372 1315 484 1348 quam
515 1306 551 1338 te
578 1304 778 1338 emendare
810 1304 929 1349 negli-

190 1353 267 1398 gis,
304 1352 434 1386 multis
467 1354 504 1386 et
536 1352 682 1397 magnis
714 1352 829 1385 animi
867 1362 928 1385 ae-

191 1399 338 1434 rumnis
356 1399 561 1443 aliquando
585 1399 702 1433 lues.“
744 1399 928 1433 Futurum

191 1448 292 1481 noles
322 1446 563 1481 coniunctivo
593 1446 653 1481 vel
685 1448 840 1491 propter
874 1457 930 1481 se-

192 1494 350 1539 quentia
390 1494 520 1528 futura
564 1503 684 1536 posces
703 1512 717 1519 -
735 1512 749 1519 -
766 1496 930 1528 intendes

191 1541 482 1586 praeferendum
521 1552 602 1575 esse
640 1544 743 1575 recte
783 1542 931 1575 monuit

193 1588 394 1623 Obbarius.
422 1608 465 1612 —-
492 1588 637 1631 curres]
678 1589 748 1631 „Si
780 1589 929 1623 sudoris

191 1637 394 1681 impatiens
418 1637 523 1670 noles
547 1646 661 1670 sanus
679 1647 794 1671 cursu
812 1637 930 1670 inter-

192 1684 283 1718 dum
300 1684 401 1718 vires
420 1686 504 1718 tuas
523 1694 711 1726 exercere,
726 1683 803 1718 'sed
829 1684 929 1718 domi

194 1732 338 1766 otiosus
365 1731 473 1765 sedes
500 1734 537 1765 et
561 1731 769 1776 graecaris,
795 1731 931 1775 hydro-

192 1779 301 1823 picus
327 1779 534 1823 aliquando
559 1781 715 1822 propter
749 1778 930 1812 desidiam

192 1826 334 1868 factus,
377 1837 399 1859 0
439 1826 584 1859 medico
621 1826 749 1859 iussus
788 1835 930 1867 curres,

193 1883 278 1906 cum
325 1873 393 1906 tibi
434 1874 546 1917 longe
588 1872 783 1906 molestius
825 1873 930 1906 erit.“

194 1919 291 1954 Cels.
316 1922 350 1962 3,
378 1921 445 1953 21:
485 1920 741 1962 (Hydropicis)
775 1921 931 1953 multum

193 1968 467 2010 ambulandum,
492 1968 714 2000 currendum
731 1968 932 2008 aliquando

194 2017 254 2048 est.
279 2034 318 2038 ——
336 2014 568 2057 hydropicus]
595 2014 828 2058 exemplum,
854 2026 931 2059 quo

193 2062 325 2096 erebro
351 2063 391 2095 111
418 2062 557 2096 scholis
588 2061 805 2095 utebantur.
857 2062 931 2095 Ofr.

194 2109 263 2143 Od.
291 2111 323 2151 2,
350 2111 382 2152 2,
412 2111 465 2143 13.
493 2109 593 2143 Plut.
620 2109 665 2143 de
691 2109 755 2143 vit.
781 2120 858 2143 aer.
884 2110 931 2143 al.

194 2159 235 2190 8:
256 2152 407 2211 ὥσπερ
451 2157 485 2189 εἰ
520 2155 625 2200 λέγοι
665 2154 761 2204 πρὸς
802 2155 934 2210 ἰατρὸν

192 2200 394 2260 ἅρῥωστος
411 2202 628 2261 ὑδρωπιῶν
661 2205 727 2237 καὶ
764 2201 931 2258 ᾠδηκώς·

192 2248 339 2293 Ἰσχνὸς
380 2251 449 2285 οὐν
486 2253 656 2295 γένωμαι
693 2253 759 2284 καὶ
796 2248 933 2294 κενός,·

197 2299 241 2331 Τι’
278 2298 309 2330 δ’
347 2297 392 2331 οὐ
431 2310 477 2341 με
462 2298 596 2340 ’λλςει
637 2298 698 2332 ι’να
735 2296 933 2346 ὑγιαίνῃς,-

196 2364 239 2368 —
268 2348 435 2379 Intendes
469 2347 632 2379 animum
664 2347 812 2389 studiis]
857 2336 932 2380 011.

195 2391 302 2425 Ovid.
330 2393 442 2427 Trist.
469 2395 507 2435 4,
535 2396 572 2435 1,
599 2397 643 2427 4:
669 2403 767 2427 mens
790 2395 932 2428 intenta

193 2441 314 2472 malis.
364 2440 511 2474 Metam.
537 2443 569 2482 6,
589 2443 629 2474 5:
656 2442 819 2474 animum
844 2443 932 2482 satis

194 2487 361 2520 intendit.
428 2487 586 2521 Graeci:
630 2490 832 2534 ποοσέχειν
874 2489 933 2522 vel

195 2533 345 2574 ἐπέχειν
373 2531 438 2567 τὸν
463 2534 555 2567 νοῦν
580 2537 664 2567 τινί.
675 2535 692 2553 “
723 2555 764 2559 -
789 2535 932 2578 studiis]

196 2591 305 2614 verae
345 2581 563 2625 sapientiae.
592 2602 633 2605 —
665 2583 777 2626 viqil]
816 2583 931 2616 Recte

195 2629 267 2661 iam
295 2628 525 2673 Porphyrio:
565 2629 633 2669 „Si
665 2640 741 2663 non
774 2632 930 2674 propter

195 2676 471 2720 philosophiam
505 2676 738 2721 vigilaveris,
775 2679 930 2721 propter

195 2722 372 2757 invidiam
406 2726 442 2756 et
472 2733 635 2757 amorem
663 2723 826 2758 dormire
853 2735 929 2758 non

973 1019 1150 1063 poteris.“
1201 1019 1267 1053 Est
1303 1020 1442 1065 igitur:
1486 1020 1713 1065 „insomnis,

974 1067 1029 1100 uti
1055 1066 1096 1100 fit
1120 1066 1161 1100 in
1187 1067 1303 1100 animi
1326 1067 1709 1111 perturbationibus.“

976 1133 1019 1137 —
1051 1114 1218 1157 oculum]
1260 1114 1465 1149 Numerum
1507 1116 1603 1161 sing.
1641 1117 1710 1151 etsi

976 1161 1264 1196 adversantibus
1295 1162 1389 1196 meis
1415 1162 1532 1196 Godd.
1557 1163 1712 1207 retinui,

977 1209 1066 1253 quia
1082 1209 1238 1252 festuca,
1256 1210 1425 1254 pulvere,
1450 1210 1712 1256 similibusque

976 1256 1090 1290 rebus
1116 1267 1215 1291 unus
1240 1256 1466 1302 plerumque
1484 1258 1618 1292 oculus
1636 1259 1712 1293 lae-

977 1303 1091 1337 ditur.
1119 1323 1161 1327 —
1187 1306 1252 1337 Est
1277 1305 1455 1348 ammam]
1483 1305 1600 1347 „edit,
1626 1315 1714 1340 con-

979 1351 1126 1385 sumit.“
1164 1350 1208 1384 11.
1234 1354 1262 1393 ζ,
1289 1353 1375 1386 202:
1397 1347 1466 1386 ‘'Ov
1493 1351 1620 1396 θυμὸν
1643 1364 1714 1386 κα-

979 1397 1106 1438 τέδων,
1144 1398 1245 1443 quod
1273 1399 1348 1432 Cic.
1375 1399 1487 1434 Tusc.
1514 1402 1548 1443 3,
1572 1402 1630 1442 26,
1656 1403 1712 1435 63.

978 1446 1019 1479 in
1044 1446 1220 1480 Latinum
1251 1447 1457 1481 convertit:
1495 1449 1579 1489 Ipse
1607 1457 1715 1482 suum

980 1502 1041 1526 cor
1066 1495 1184 1527 eden-3.
1227 1493 1362 1539 virgil.
1387 1494 1482 1529 Aen.
1507 1497 1542 1538 4,
1567 1497 1636 1529 66:
1664 1498 1715 1529 est

978 1542 1105 1574 molles
1132 1542 1281 1582 stamma
1313 1542 1503 1576 medullas.
1522 1544 1623 1575 —in
1647 1551 1714 1576 an-

978 1587 1080 1631 num]
1119 1588 1164 1622 (10
1195 1589 1308 1634 longo
1334 1591 1521 1633 tempore,
1555 1593 1598 1623 ut
1620 1589 1714 1635 Epp-

982 1638 1021 1678 1,
1057 1638 1120 1678 11,
1158 1638 1226 1669 23·
1264 1645 1336 1669 neu
1372 1637 1496 1670 dulcia
1532 1638 1638 1677 differ
1675 1639 1715 1670 in

979 1692 1128 1716 annum.

1026 1732 1088 1763 40-
1090 1732 1146 1763 43.
1166 1731 1368 1763 Dimidium
1385 1730 1470 1773 cet]
1488 1729 1608 1765 Vetus
1626 1742 1714 1775 pro-

979 1777 1150 1810 vei-bium
1174 1774 1285 1823 Ἀρχὴ
1310 1776 1352 1810 δέ
1383 1787 1444 1810 τοι
1473 1773 1595 1821 ἥμισυ
1621 1788 1716 1812 παν-

980 1821 1055 1865 τός,
1083 1823 1184 1868 quod
1209 1823 1367 1858 Lucian.
1392 1825 1559 1860 Hermot.
1586 1827 1619 1859 3.
1645 1837 1714 1870 per

980 1882 1148 1905 errorem
1180 1871 1315 1905 tribuit
1345 1871 1716 1916 Hesiodo31ambli-

980 1919 1073 1952 chus
1090 1918 1166 1952 Vit.
1183 1918 1292 1963 Pyth.
1315 1921 1372 1953 29.
1396 1919 1443 1954 ad
1467 1899 1716 1965 Pythagoram

980 1966 1114 2007 refert,
1142 1965 1227 2008 sed,
1251 1966 1396 2010 primus
1423 1967 1488 2012 qui
1513 1967 1715 2010 invenerit,

979 2013 1209 2069 ignoramus.
1229 2013 1401 2070 Sophocl
1415 2014 1478 2048 Fr.
1493 2016 1573 2064 715.
1581 2014 1715 2048 Dind.:

971 2056 1111 2108 ’Έργου
1144 2059 1185 2093 δὲ
1217 2058 1361 2103 παντὸς
1392 2057 1440 2105 ἥν
1466 2072 1521 2103 τις
1551 2057 1718 2124 ἄρχηται

980 2108 1117 2150 καλῶς,
1142 2108 1218 2141 Καὶ
1237 2106 1304 2151 τὰς
1320 2106 1496 2151 τελευτὰς
1513 2108 1619 2151 εἰκός
1633 2108 1715 2142 ἐσθ’

981 2152 1105 2198 οὕτως
1141 2151 1254 2196 ἔχειν.
1278 2174 1327 2181 -«
1349 2165 1479 2198 sapere
1515 2156 1633 2199 aude]
1675 2159 1718 2190 ut

982 2214 1158 2249 graecum
1183 2203 1342 2247 τολμᾷν,
1369 2204 1562 2247 „sustine,
1587 2204 1654 2238 abs
1679 2206 1715 2238 te

982 2251 1151 2295 impetra.
1165 2251 1182 2268 ‘⁴
1245 2251 1350 2296 Vir-g.
1386 2251 1481 2285 Aen.
1529 2253 1571 2293 8,
1619 2253 1714 2285 364.
1706 2262 1715 2270 ·

981 2299 1099 2341 Ande,
1149 2299 1292 2340 hospes,
1342 2300 1567 2332 contemnere
1615 2306 1715 2339 opus.

981 2346 1049 2380 Est
1080 2345 1389 2390 philosophorum
1421 2345 1526 2379 locus
1552 2355 1716 2379 eommu-

982 2393 1053 2427 nis.
1104 2393 1164 2426 Sic
1189 2392 1346 2426 Lucian.
1370 2392 1471 2437 Nigr.
1497 2394 1565 2426 27:
1593 2388 1718 2447 παρή-

981 2451 1037 2473 νει
1062 2439 1102 2472 δὲ
1126 2443 1207 2481 τοῖς
1239 2439 1401 2473 συνοῦσι
1432 2438 1521 2482 μηδ’
1546 2427 1717 2479 ἀναβάλ-

981 2487 1118 2520 λεσθαι
1149 2485 1193 2520 τὸ
1224 2484 1385 2531 ἀγαθόν·
1411 2506 1432 2511 -
1456 2506 1476 2512 -
1499 2484 1612 2530 ἠξίου
1644 2484 1717 2533 γὰρ

981 2522 1196 2577 ἀμέλλητον
1225 2533 1324 2567 εἶναι
1356 2531 1426 2578 τὴν
1452 2531 1548 2581 πρὸς
1578 2531 1622 2566 τὸ
1647 2544 1718 2566 κα-

981 2579 1050 2615 λὸν
1090 2578 1227 2628 ὁρμήν.
1263 2601 1306 2605 -
1338 2581 1483 2624 Incipe]
1535 2580 1715 2622 „tandem

978 2629 1084 2662 firmo
1122 2630 1278 2663 conatu!
1326 2627 1414 2662 Noli
1451 2628 1594 2662 diutius
1635 2638 1716 2661 mo—

978 2677 1105 2710 rari!“
1135 2695 1178 2699 —
1203 2676 1376 2709 Rusticus
1402 2675 1487 2718 cet.]
1515 2674 1650 2718 „Facit
1672 2677 1717 2707 ut

979 2723 1146 2758 rusticus
1171 2723 1237 2756 ille
1261 2723 1301 2756 in
1327 2722 1484 2764 fabella,
1509 2725 1618 2766 puto,
1643 2721 1716 2756 Ae-
