1774 2930
177 148 265 188 412

651 146 859 182 HORATH
882 148 1230 184 EPISTOLARUM

295 248 516 290 Interdum
545 249 699 304 volgus
729 252 893 291 rectum
923 248 1059 303 videt,
1093 254 1160 292 est
1188 231 1263 293 ubi
1293 257 1457 308 peccat.

297 318 345 360 Si
376 323 545 361 veteres
577 319 639 361 ita
668 319 848 361 miratur
876 319 1108 376 laudatque
1139 325 1313 378 poetae,

295 389 354 432 Ut
383 390 492 431 nihil
523 389 756 443 anteferat,
787 389 896 431 nihil
927 391 1012 432 illis
1047 396 1290 449 comparet,
1322 397 1458 436 errat:

1646 394 1701 435 65

298 460 345 502 Si
377 460 586 516 quaedam
617 460 743 502 nimis
777 461 973 517 antique,
1006 463 1043 503 si
1073 463 1279 520 pleraque
1310 464 1415 507 dure

295 531 452 574 Dicere
484 531 618 574 credit
650 546 743 585 eos,
776 532 932 587 ignave
961 533 1097 575 multa
1126 534 1304 588 fatetur,

294 601 354 644 Et
385 603 498 658 sapit
530 607 572 644 et
602 617 774 645 mecum
804 603 906 645 facit
937 607 980 646 et
1009 604 1110 647 Iove
1141 604 1303 647 iudicat
1333 619 1483 661 aequo.

295 672 393 715 Non
424 673 624 730 equidem
654 674 842 716 insector
872 674 1139 731 delendaque
1170 676 1360 718 carmina
1388 675 1488 718 Livi

294 743 407 787 Esse
438 759 554 799 reor,
587 745 764 787 memini
797 759 906 801 quae
937 746 1163 802 plagosum
1193 747 1300 788 mihi
1330 761 1462 803 parvo

1644 746 1700 788 70

298 814 511 858 Orbilium
542 816 726 871 dictare3
762 816 837 859 sed
869 816 1095 860 emendata
1124 817 1261 860 videri

273 952 329 984 67.
356 952 470 985 credit
494 951 611 995 bSEc,
638 962 767 986 omnes
785 952 882 986 Feae
908 953 946 986 et
962 951 1146 995 Pottierii,
1171 952 1319 988 LCth:
1345 954 1435 987 cedit
1461 964 1546 987 cum
1565 953 1655 988 God.

224 998 318 1044 Reg.
345 998 429 1033 Soc.
446 999 655 1042 Bentleius,
673 998 722 1032 M.
741 1018 784 1022 -
805 1001 861 1033 69.
888 1000 998 1033 Laevi
1014 1009 1099 1033 cum
1117 999 1206 1034 eod.
1223 1000 1433 1046 Reginensi
1450 1001 1654 1036 Bentleius.

176 1119 288 1151 quam
331 1119 420 1153 opus
463 1111 613 1152 aliquod
653 1112 830 1153 Daedali,
882 1113 913 1143 el

175 1159 353 1191 Livianae
379 1159 529 1199 fabulae
555 1167 629 1191 non
653 1160 743 1191 salis
769 1160 912 1200 dionae,

177 1214 272 1246 quae
296 1207 432 1238 ilerum
460 1206 640 1246 leqantur.

225 1254 346 1286 66-68.
372 1253 480 1285 ‘nimis
504 1252 665 1295 antique]
686 1249 914 1298 ηᾶρχαῑκῶς,

175 1299 217 1333 in
243 1299 416 1342 modum,
443 1300 508 1343 qui
534 1299 727 1344 praesenti
754 1309 914 1333 consue-

176 1347 302 1381 tudini
352 1346 511 1380 Latinae
561 1347 788 1392 repugnat.“
854 1346 914 1381 sic

177 1394 290 1428 etiam
314 1393 527 1439 Augustus,
554 1394 663 1428 cuius
689 1393 914 1428 sententiam

176 1442 335 1485 pulchre
375 1444 533 1475 noverat
565 1445 694 1486 poeta,
734 1442 914 1474 cacozelos

177 1491 211 1522 el
248 1490 553 1530 antiquarios,
594 1491 634 1522 ul
676 1490 817 1521 diverso
855 1497 914 1529 qe-

176 1544 263 1569 nere
288 1537 455 1578 vilio-sos,
482 1537 568 1577 pari
593 1537 741 1578 fastidio
766 1537 914 1577 sprevil.

178 1582 332 1619 Sueten.
375 1582 504 1617 Octav.
543 1585 600 1616 86.
636 1602 680 1606 -
711 1583 914 1626 pleraque]

179 1630 423 1674 „permulta,“
467 1641 564 1664 non:
609 1630 829 1675 „plurima,“
870 1649 914 1653 —

176 1678 289 1721 dure]
323 1677 363 1710 in
398 1677 737 1722 compositionibus
767 1688 789 1711 a
813 1677 915 1710 Lati-

177 1735 248 1758 nae
274 1725 426 1769 linguae
453 1724 583 1759 indole
609 1724 914 1766 abhorrentibus,

176 1771 527 1806 constructionibus
543 1772 745 1814 intricatis,
771 1771 914 1805 scabris

177 1819 363 1853 versibus.
381 1819 523 1852 Eodem
541 1819 682 1853 referas
701 1819 790 1852 licet
806 1818 911 1851 Pers.

179 1868 219 1907 1,
255 1867 317 1899 71:
354 1867 445 1899 Sunt
481 1874 569 1905 quos
594 1867 845 1905 Pacuviusque
880 1867 912 1898 el

175 1921 372 1946 verrucosa
403 1915 566 1945 ‘moretur
590 1914 768 1954 Antiopa,
803 1920 913 1945 aeru-

176 1961 270 1992 mnis
296 1967 358 1992 eor
386 1960 616 2001 luctificabile
641 1960 750 2001 sulla.
769 1978 814 1983 —
837 1967 913 1992 cre-

176 2006 251 2049 ait]
277 2007 384 2040 Hanc
410 2018 535 2040 veram
566 2017 648 2040 esse
674 2006 836 2040 arbitror
861 2007 914 2040 le-

178 2053 340 2088 ctionem
358 2056 571 2098 propterea,
597 2053 709 2098 quod,
735 2056 778 2087 ut
798 2055 855 2087 est
872 2053 913 2086 in

177 2112 212 2135 v.
236 2102 396 2144 fatetur,
430 2101 638 2145 requiritur
673 2101 734 2134 hic
761 2111 913 2145 quoque

177 2148 276 2182 actio
303 2148 424 2182 libera
449 2151 486 2183 et
517 2150 747 2192 spontanea3
780 2158 824 2182 ac
849 2159 914 2192 pa-

177 2206 261 2229 rum
280 2196 467 2230 concinne
485 2196 655 2240 profecto
674 2195 796 2229 dicas:
826 2195 914 2240 „qui

178 2243 271 2276 mihi
314 2243 383 2277 hoc
425 2243 486 2277 vel
527 2243 623 2277 illud
666 2242 914 2285 concedit,

178 2300 359 2323 mecum
415 2290 539 2324 facit
595 2292 632 2324 et
681 2290 789 2334 sapit.
801 2289 817 2307 “
870 2308 913 2313 -—

177 2337 372 2380 iqnave]„
379 2337 460 2371 sine
488 2337 614 2371 nervis
631 2347 675 2371 ac
694 2337 912 2381 sanguinef‘

182 2381 310 2437 „3de
334 2385 402 2417 καὶ
431 2382 499 2417 τὸν
531 2382 728 2431 ακροατὴν
759 2382 915 2430 ἠρεμεῖν

180 2430 313 2472 ἐῶντα,
332 2435 374 2465 ut
392 2431 437 2465 de
456 2434 605 2466 oratore
622 2431 778 2476 Dionys.
796 2432 914 2476 Long.

181 2479 265 2524 περὶ
298 2473 427 2519 ύψους
461 2481 524 2520 34,
556 2481 610 2521 4.,
643 2478 682 2512 id
708 2482 782 2521 est,
817 2489 914 2523 quae

181 2526 324 2559 nullam
351 2526 426 2558 vim
452 2504 610 2559 halient
618 2525 665 2559 ad
691 2525 916 2559 movendum

179 2572 410 2615 auditorem;
437 2573 575 2616 quibus
600 2576 843 2616 opponuntur
870 2570 917 2605 τὰ

179 2617 388 2663 ἐναγώνια,
444 2619 621 2663 ἐμπαθῆ,
677 2616 914 2663 παθητικά.“

179 2666 413 2701 Wmcnnar.
441 2686 483 2691 —
512 2667 771 2709 love-aequo]
800 2678 916 2712 „pro—

179 2714 274 2758 pitio
302 2714 394 2757 sibi;
427 2714 515 2749 Iove
550 2714 703 2759 quidem
737 2714 834 2748 irato
865 2713 917 2757 fit,

964 1114 1006 1144 ut
1044 1114 1172 1145 errent
1210 1112 1382 1146 homines
1420 1123 1463 1146 ac
1501 1111 1699 1147 delirent.“

962 1157 1114 1192 Pom‘n.

1011 1207 1148 1240 69-72.
1174 1205 1347 1249 insector]
1376 1205 1585 1240 Oonstrue:
1618 1208 1701 1240 Non

962 1253 1120 1286 insector
1157 1254 1324 1286 carmina
1349 1254 1442 1286 Livii
1475 1254 1701 1295 delendaque

964 1310 1009 1333 ea
1035 1308 1109 1333 esse
1126 1308 1221 1342 reor,
1249 1299 1289 1333 id
1308 1303 1378 1342 est,
1406 1310 1505 1342 „non
1523 1300 1700 1345 equidem

964 1349 1038 1380 tam
1064 1347 1214 1381 infenso
1243 1357 1325 1381 sum
1344 1348 1469 1381 animo
1486 1348 1527 1381 in
1551 1350 1698 1382 veteres

964 1396 1114 1428 nostros
1140 1396 1290 1438 poetas,
1328 1397 1370 1428 ut
1395 1394 1556 1439 exempli
1579 1395 1702 1440 gratia

964 1441 1063 1474 Livii
1076 1441 1288 1475 Andronici
1306 1441 1447 1486 scripta
1463 1441 1702 1476 obliteranda
1743 1443 1747 1445 ’

965 1491 1001 1522 et
1027 1499 1073 1522 ex
1097 1489 1293 1523 hominum
1309 1489 1483 1523 manibus
1505 1489 1547 1522 in
1564 1499 1699 1534 perpe-

964 1538 1070 1569 tuum
1110 1536 1372 1581 extorquenda
1409 1537 1617 1570 censeam.“
1655 1555 1698 1560 —-

966 1583 1160 1626 Orbilium]
1187 1582 1358 1618 Orbilius
1383 1583 1560 1628 Pupillus
1578 1583 1699 1618 Bene-

964 1633 1171 1671 ventanus,
1205 1632 1300 1665 teste
1327 1630 1507 1664 Suetonio
1535 1630 1699 1664 Gramm.

965 1680 1011 1719 9.,
1024 1678 1189 1721 primum
1198 1678 1390 1722 apparitor
1400 1678 1699 1722 magistratuum,

964 1724 1052 1758 dein
1099 1725 1228 1767 miles,
1275 1727 1504 1769 postremum
1552 1723 1699 1766 studiis,

965 1782 1062 1815 quae
1087 1772 1162 1805 iam
1195 1771 1284 1805 inde
1309 1782 1331 1804 a
1355 1782 1472 1815 puero
1504 1781 1582 1805 non
1607 1771 1699 1805 levi-

962 1821 1018 1852 ter
1037 1818 1224 1862 attigerat,
1250 1818 1432 1862 repetitis,
1458 1818 1697 1864 quinquage-

963 1865 1056 1898 simo
1091 1865 1240 1899 demum
1275 1875 1375 1899 anno
1400 1865 1558 1899 Romam
1584 1865 1699 1900 rediit

962 1923 995 1946 a.
1022 1923 1058 1945 u.
1085 1923 1115 1946 c.
1151 1914 1252 1955 691.,
1286 1910 1379 1946 adeo
1415 1914 1475 1955 ut,
1509 1922 1594 1946 cum
1623 1912 1699 1947 Ho-

963 1959 1082 1993 ratius
1116 1962 1228 1993 natus
1262 1970 1296 1993 a.
1330 1961 1411 1994 689.
1446 1969 1534 1993 eum
1565 1959 1698 1994 audire

963 2009 1111 2050 poterat
1137 2007 1193 2049 (a.
1220 2017 1257 2040 u.
1283 2017 1314 2040 c.
1341 2008 1557 2049 704-706.)‚
1589 2006 1700 2040 mini-

963 2064 1064 2087 mum
1104 2053 1237 2087 LXIV.
1280 2064 1400 2088 annos
1438 2056 1550 2088 natus
1588 2055 1700 2088 esset.

962 2101 999 2135 Is
1024 2104 1149 2134 autem
1182 2101 1342 2135 fortasse
1368 2100 1473 2135 solus
1504 2101 1595 2143 fuit,
1629 2100 1698 2146 qui

963 2151 1116 2192 propter
1142 2148 1299 2182 nimiam
1317 2148 1556 2193 antiquitatis
1582 2147 1699 2182 admi-

964 2195 1151 2229 rationem
1177 2195 1308 2250 pueris
1327 2195 1533 2240 explicaret
1549 2195 1700 2229 Livium

963 2242 1090 2284 illum,
1116 2253 1193 2299 qul
1218 2243 1325 2277 inter·
1342 2242 1497 2280 Latinos
1523 2242 1700 2277 artificia-

964 2290 1038 2324 lem
1063 2289 1217 2334 poesin,
1249 2300 1271 2323 a
1296 2289 1462 2324 Graecae
1488 2289 1697 2324 imitatione

963 2337 1183 2381 profectam,
1208 2337 1353 2381 primus
1380 2337 1557 2371 excoluit.
1586 2337 1700 2370 Bent-

964 2384 1030 2418 leii
1065 2386 1191 2418 autem
1224 2384 1424 2418 lectionem
1449 2385 1562 2417 Laevi
1594 2394 1699 2429 egre-

965 2432 1024 2476 gie
1066 2431 1245 2465 refutavit
1280 2430 1474 2466 Weichert
1510 2431 1550 2465 in
1589 2431 1697 2465 Com·

964 2480 1079 2512 ment.
1115 2478 1160 2512 de
1195 2477 1355 2519 Laevio,
1391 2478 1511 2512 Poctt.
1545 2477 1624 2512 Lat.
1658 2487 1699 2522 p.

967 2528 1010 2560 19
1037 2536 1092 2570 sq.
1117 2524 1189 2558 Hic
1214 2525 1288 2558 fuit
1312 2525 1482 2570 aequalis
1499 2524 1695 2559 Hortensii

965 2575 1002 2606 et
1025 2571 1240 2615 Ciceronis,
1267 2582 1344 2606 non
1369 2572 1486 2617 igitur
1511 2572 1610 2605 inter
1636 2581 1698 2605 ve-

965 2622 1065 2654 teres
1090 2621 1219 2664 poetas
1244 2618 1380 2653 referri
1397 2620 1566 2663 poterat,
1591 2629 1698 2663 prae-

965 2670 1069 2701 terea
1110 2666 1191 2700 eius
1226 2663 1535 2720 Epwrouac‘yasca
1564 2676 1698 2710 parum

966 2716 1052 2758 apta
1084 2716 1210 2755 erant,
1244 2724 1339 2758 quae
1371 2712 1500 2757 pueris
1525 2713 1565 2746 in
1593 2712 1698 2747 scho-
