<?xml version="1.0" encoding="UTF-8"?>
<!DOCTYPE html PUBLIC "-//W3C//DTD XHTML 1.0 Transitional//EN"
    "http://www.w3.org/TR/xhtml1/DTD/xhtml1-transitional.dtd">
<html xmlns="http://www.w3.org/1999/xhtml" xml:lang="en" lang="en">
 <head>
  <title>
</title>
<meta http-equiv="Content-Type" content="text/html;charset=utf-8" />
  <meta name='ocr-system' content='tesseract 3.04.00' />
  <meta name='ocr-capabilities' content='ocr_page ocr_carea ocr_par ocr_line ocrx_word'/>
</head>
<body>
  <div class='ocr_page' id='page_1' title='image "./qhoratiusflaccus00horauoft_0255.png"; bbox 0 0 1774 2930; ppageno 0'>
   <div class='ocr_carea' id='block_1_1' title="bbox 0 0 339 227">
    <p class='ocr_par' dir='ltr' id='par_1_1' title="bbox 0 0 339 227">
     <span class='ocr_line' id='line_1_1' title="bbox 0 0 339 227; baseline 0 2703"><span class='ocrx_word' id='word_1_1' title='bbox 0 0 339 227; x_wconf 95' lang='lat' dir='ltr'> </span> 
     </span>
    </p>
   </div>
   <div class='ocr_carea' id='block_1_2' title="bbox 0 353 12 554">
    <p class='ocr_par' dir='ltr' id='par_1_2' title="bbox 0 353 12 554">
     <span class='ocr_line' id='line_1_2' title="bbox 0 353 12 554; textangle 90"><span class='ocrx_word' id='word_1_2' title='bbox 0 461 12 554; x_wconf 29' lang='lat' dir='ltr'>vnce-vv</span> <span class='ocrx_word' id='word_1_3' title='bbox 0 403 5 413; x_wconf 54' lang='grc' dir='ltr'>ν</span> <span class='ocrx_word' id='word_1_4' title='bbox 0 383 2 388; x_wconf 27' lang='grc' dir='ltr'>ἡ</span> <span class='ocrx_word' id='word_1_5' title='bbox 0 353 3 366; x_wconf 66' lang='lat' dir='ltr'>v</span> 
     </span>
    </p>
   </div>
   <div class='ocr_carea' id='block_1_3' title="bbox 658 132 1101 192">
    <p class='ocr_par' dir='ltr' id='par_1_3' title="bbox 658 132 1101 192">
     <span class='ocr_line' id='line_1_3' title="bbox 658 132 1101 192; baseline -0.009 -21"><span class='ocrx_word' id='word_1_6' title='bbox 658 135 751 192; x_wconf 63' lang='lat' dir='ltr'>m·</span> <span class='ocrx_word' id='word_1_7' title='bbox 774 135 824 170; x_wconf 88' lang='lat'>11.</span> <span class='ocrx_word' id='word_1_8' title='bbox 871 133 975 169; x_wconf 70' lang='lat' dir='ltr'>sA&#39;l&#39;.</span> <span class='ocrx_word' id='word_1_9' title='bbox 999 132 1101 168; x_wconf 80' lang='lat' dir='ltr'>vm.</span> 
     </span>
    </p>
   </div>
   <div class='ocr_carea' id='block_1_4' title="bbox 1553 131 1639 172">
    <p class='ocr_par' dir='ltr' id='par_1_4' title="bbox 1553 131 1639 172">
     <span class='ocr_line' id='line_1_4' title="bbox 1553 131 1639 172; baseline 0 0"><span class='ocrx_word' id='word_1_10' title='bbox 1553 131 1639 172; x_wconf 79' lang='lat'>247</span> 
     </span>
    </p>
   </div>
   <div class='ocr_carea' id='block_1_5' title="bbox 219 232 1643 647">
    <p class='ocr_par' dir='ltr' id='par_1_5' title="bbox 249 232 1643 574">
     <span class='ocr_line' id='line_1_5' title="bbox 250 232 1375 296; baseline -0.007 -14"><span class='ocrx_word' id='word_1_11' title='bbox 250 239 487 296; x_wconf 85' lang='lat' dir='ltr'>Pinguibus</span> <span class='ocrx_word' id='word_1_12' title='bbox 518 242 561 280; x_wconf 87' lang='lat' dir='ltr'>et</span> <span class='ocrx_word' id='word_1_13' title='bbox 589 237 682 279; x_wconf 90' lang='lat' dir='ltr'>ficis</span> <span class='ocrx_word' id='word_1_14' title='bbox 712 240 882 292; x_wconf 84' lang='lat' dir='ltr'>pastum</span> <span class='ocrx_word' id='word_1_15' title='bbox 912 236 1029 277; x_wconf 87' lang='lat' dir='ltr'>iecur</span> <span class='ocrx_word' id='word_1_16' title='bbox 1057 233 1221 276; x_wconf 89' lang='lat' dir='ltr'>auseris</span> <span class='ocrx_word' id='word_1_17' title='bbox 1251 232 1375 275; x_wconf 88' lang='lat' dir='ltr'>albae</span> 
     </span>
     <span class='ocr_line' id='line_1_6' title="bbox 249 305 1392 366; baseline -0.007 -13"><span class='ocrx_word' id='word_1_18' title='bbox 249 309 309 352; x_wconf 80' lang='lat' dir='ltr'>Et</span> <span class='ocrx_word' id='word_1_19' title='bbox 337 310 531 366; x_wconf 82' lang='lat' dir='ltr'><strong>leporum</strong></span> <span class='ocrx_word' id='word_1_20' title='bbox 561 307 743 361; x_wconf 88' lang='lat' dir='ltr'>avolsos,</span> <span class='ocrx_word' id='word_1_21' title='bbox 775 311 822 348; x_wconf 85' lang='lat' dir='ltr'>ut</span> <span class='ocrx_word' id='word_1_22' title='bbox 852 306 984 348; x_wconf 82' lang='lat' dir='ltr'>multo</span> <span class='ocrx_word' id='word_1_23' title='bbox 1015 305 1203 358; x_wconf 80' lang='lat' dir='ltr'>suavius,</span> <span class='ocrx_word' id='word_1_24' title='bbox 1235 317 1392 356; x_wconf 87' lang='lat' dir='ltr'>armos,</span> 
     </span>
     <span class='ocr_line' id='line_1_7' title="bbox 253 372 1643 434; baseline -0.007 -11"><span class='ocrx_word' id='word_1_25' title='bbox 253 379 391 429; x_wconf 85' lang='lat' dir='ltr'>Quam</span> <span class='ocrx_word' id='word_1_26' title='bbox 413 381 449 422; x_wconf 90' lang='lat' dir='ltr'>si</span> <span class='ocrx_word' id='word_1_27' title='bbox 471 394 566 423; x_wconf 91' lang='lat' dir='ltr'>cum</span> <span class='ocrx_word' id='word_1_28' title='bbox 585 379 743 420; x_wconf 88' lang='lat' dir='ltr'>lumbis</span> <span class='ocrx_word' id='word_1_29' title='bbox 764 378 859 434; x_wconf 91' lang='lat' dir='ltr'>quis</span> <span class='ocrx_word' id='word_1_30' title='bbox 881 376 986 431; x_wconf 79' lang='lat' dir='ltr'>edit3</span> <span class='ocrx_word' id='word_1_31' title='bbox 1018 380 1109 418; x_wconf 87' lang='lat' dir='ltr'>tum</span> <span class='ocrx_word' id='word_1_32' title='bbox 1128 377 1301 432; x_wconf 78' lang='lat' dir='ltr'>pectore</span> <span class='ocrx_word' id='word_1_33' title='bbox 1323 373 1474 416; x_wconf 86' lang='lat' dir='ltr'>adusto</span> <span class='ocrx_word' id='word_1_34' title='bbox 1586 372 1643 413; x_wconf 85' lang='lat'>90</span> 
     </span>
     <span class='ocr_line' id='line_1_8' title="bbox 251 444 1488 505; baseline -0.006 -11"><span class='ocrx_word' id='word_1_35' title='bbox 251 451 448 494; x_wconf 81' lang='lat' dir='ltr'>Vidimus</span> <span class='ocrx_word' id='word_1_36' title='bbox 480 454 523 493; x_wconf 84' lang='lat' dir='ltr'>et</span> <span class='ocrx_word' id='word_1_37' title='bbox 552 449 738 492; x_wconf 88' lang='lat' dir='ltr'>merulas</span> <span class='ocrx_word' id='word_1_38' title='bbox 769 448 871 505; x_wconf 90' lang='lat' dir='ltr'>poni</span> <span class='ocrx_word' id='word_1_39' title='bbox 902 452 945 490; x_wconf 85' lang='lat' dir='ltr'>et</span> <span class='ocrx_word' id='word_1_40' title='bbox 976 447 1069 489; x_wconf 90' lang='lat' dir='ltr'>sine</span> <span class='ocrx_word' id='word_1_41' title='bbox 1100 447 1223 489; x_wconf 86' lang='lat' dir='ltr'>clune</span> <span class='ocrx_word' id='word_1_42' title='bbox 1252 444 1488 502; x_wconf 90' lang='lat' dir='ltr'>palumbes,</span> 
     </span>
     <span class='ocr_line' id='line_1_9' title="bbox 254 520 1372 574; baseline -0.006 -9"><span class='ocrx_word' id='word_1_43' title='bbox 254 521 417 565; x_wconf 84' lang='lat' dir='ltr'>Suaves</span> <span class='ocrx_word' id='word_1_44' title='bbox 446 535 530 574; x_wconf 75' lang='lat' dir='ltr'>reS,</span> <span class='ocrx_word' id='word_1_45' title='bbox 563 522 601 562; x_wconf 91' lang='lat' dir='ltr'>si</span> <span class='ocrx_word' id='word_1_46' title='bbox 631 534 716 562; x_wconf 92' lang='lat' dir='ltr'>non</span> <span class='ocrx_word' id='word_1_47' title='bbox 746 533 895 561; x_wconf 88' lang='lat' dir='ltr'>causas</span> <span class='ocrx_word' id='word_1_48' title='bbox 927 521 1121 560; x_wconf 77' lang='lat' dir='ltr'>narraret</span> <span class='ocrx_word' id='word_1_49' title='bbox 1152 531 1297 560; x_wconf 90' lang='lat' dir='ltr'>earum</span> <span class='ocrx_word' id='word_1_50' title='bbox 1329 520 1372 559; x_wconf 85' lang='lat' dir='ltr'>et</span> 
     </span>
    </p>

    <p class='ocr_par' dir='ltr' id='par_1_6' title="bbox 219 586 1391 647">
     <span class='ocr_line' id='line_1_10' title="bbox 219 586 1391 647; baseline -0.006 -12"><span class='ocrx_word' id='word_1_51' title='bbox 219 633 231 642; x_wconf 63' lang='lat'>.</span> <span class='ocrx_word' id='word_1_52' title='bbox 251 592 436 635; x_wconf 76' lang='lat' dir='ltr'>Naturae</span> <span class='ocrx_word' id='word_1_53' title='bbox 467 592 687 645; x_wconf 80' lang='lat' dir='ltr'>dominus3</span> <span class='ocrx_word' id='word_1_54' title='bbox 720 605 847 647; x_wconf 91' lang='lat' dir='ltr'>quem</span> <span class='ocrx_word' id='word_1_55' title='bbox 876 604 954 632; x_wconf 94' lang='lat' dir='ltr'>nos</span> <span class='ocrx_word' id='word_1_56' title='bbox 986 590 1047 631; x_wconf 91' lang='lat' dir='ltr'>sic</span> <span class='ocrx_word' id='word_1_57' title='bbox 1078 588 1264 644; x_wconf 85' lang='lat' dir='ltr'>fugimus</span> <span class='ocrx_word' id='word_1_58' title='bbox 1294 586 1391 639; x_wconf 81' lang='lat' dir='ltr'>ulti,</span> 
     </span>
    </p>
   </div>
   <div class='ocr_carea' id='block_1_6' title="bbox 183 702 1601 800">
    <p class='ocr_par' dir='ltr' id='par_1_7' title="bbox 183 702 1601 800">
     <span class='ocr_line' id='line_1_11' title="bbox 229 702 1601 754; baseline -0.006 -10"><span class='ocrx_word' id='word_1_59' title='bbox 229 711 287 744; x_wconf 82' lang='lat'>88.</span> <span class='ocrx_word' id='word_1_60' title='bbox 312 711 389 744; x_wconf 72' lang='lat' dir='ltr'>albi</span> <span class='ocrx_word' id='word_1_61' title='bbox 414 702 667 754; x_wconf 54' lang='lat' dir='ltr'>bScEpJJGtF</span> <span class='ocrx_word' id='word_1_62' title='bbox 692 711 730 742; x_wconf 86' lang='lat' dir='ltr'>et</span> <span class='ocrx_word' id='word_1_63' title='bbox 753 707 959 741; x_wconf 87' lang='lat' dir='ltr'>Bentleius.</span> <span class='ocrx_word' id='word_1_64' title='bbox 986 706 1057 748; x_wconf 80' lang='lat' dir='ltr'>(Ut</span> <span class='ocrx_word' id='word_1_65' title='bbox 1078 716 1162 747; x_wconf 91' lang='lat' dir='ltr'>nos,</span> <span class='ocrx_word' id='word_1_66' title='bbox 1186 703 1464 738; x_wconf 82' lang='lat' dir='ltr'>vetustissimus</span> <span class='ocrx_word' id='word_1_67' title='bbox 1487 703 1601 737; x_wconf 90' lang='lat' dir='ltr'>Blan-</span> 
     </span>
     <span class='ocr_line' id='line_1_12' title="bbox 183 749 1600 800; baseline -0.005 -10"><span class='ocrx_word' id='word_1_68' title='bbox 183 756 333 799; x_wconf 85' lang='lat' dir='ltr'>dinius,</span> <span class='ocrx_word' id='word_1_69' title='bbox 366 757 462 791; x_wconf 84' lang='lat' dir='ltr'>alter</span> <span class='ocrx_word' id='word_1_70' title='bbox 488 756 613 790; x_wconf 84' lang='lat' dir='ltr'>Codex</span> <span class='ocrx_word' id='word_1_71' title='bbox 636 766 696 800; x_wconf 85' lang='lat' dir='ltr'>ap.</span> <span class='ocrx_word' id='word_1_72' title='bbox 722 754 951 799; x_wconf 79' lang='lat' dir='ltr'>Cruquium,</span> <span class='ocrx_word' id='word_1_73' title='bbox 985 764 1085 787; x_wconf 87' lang='lat' dir='ltr'>unus</span> <span class='ocrx_word' id='word_1_74' title='bbox 1119 763 1165 787; x_wconf 83' lang='lat' dir='ltr'>ex</span> <span class='ocrx_word' id='word_1_75' title='bbox 1188 751 1474 786; x_wconf 83' lang='lat' dir='ltr'>Pulmannianis</span> <span class='ocrx_word' id='word_1_76' title='bbox 1504 749 1600 794; x_wconf 82' lang='lat' dir='ltr'>opti-</span> 
     </span>
    </p>
   </div>
   <div class='ocr_carea' id='block_1_7' title="bbox 183 802 793 848">
    <p class='ocr_par' dir='ltr' id='par_1_8' title="bbox 183 802 793 848">
     <span class='ocr_line' id='line_1_13' title="bbox 183 802 793 848; baseline -0.003 -11"><span class='ocrx_word' id='word_1_77' title='bbox 183 814 278 844; x_wconf 78' lang='lat' dir='ltr'>mus,</span> <span class='ocrx_word' id='word_1_78' title='bbox 302 803 377 847; x_wconf 69' lang='lat' dir='ltr'>HJ,</span> <span class='ocrx_word' id='word_1_79' title='bbox 400 803 583 848; x_wconf 86' lang='lat' dir='ltr'>probante</span> <span class='ocrx_word' id='word_1_80' title='bbox 607 802 793 836; x_wconf 87' lang='lat' dir='ltr'>Bentleio.</span> 
     </span>
    </p>
   </div>
   <div class='ocr_carea' id='block_1_8' title="bbox 134 908 880 2735">
    <p class='ocr_par' dir='ltr' id='par_1_9' title="bbox 134 908 869 1280">
     <span class='ocr_line' id='line_1_14' title="bbox 135 908 867 954; baseline -0.007 -9"><span class='ocrx_word' id='word_1_81' title='bbox 135 912 222 954; x_wconf 80' lang='lat' dir='ltr'>pote</span> <span class='ocrx_word' id='word_1_82' title='bbox 258 909 358 954; x_wconf 86' lang='lat' dir='ltr'>apud</span> <span class='ocrx_word' id='word_1_83' title='bbox 393 909 491 943; x_wconf 88' lang='lat' dir='ltr'>Plin.</span> <span class='ocrx_word' id='word_1_84' title='bbox 527 909 574 942; x_wconf 85' lang='grc' dir='ltr'>Η.</span> <span class='ocrx_word' id='word_1_85' title='bbox 610 908 655 942; x_wconf 77' lang='lat' dir='ltr'>N.</span> <span class='ocrx_word' id='word_1_86' title='bbox 690 910 753 950; x_wconf 84' lang='lat'>10,</span> <span class='ocrx_word' id='word_1_87' title='bbox 790 909 867 951; x_wconf 87' lang='lat' dir='ltr'>3o.;</span> 
     </span>
     <span class='ocr_line' id='line_1_15' title="bbox 137 955 867 1002; baseline -0.004 -11"><span class='ocrx_word' id='word_1_88' title='bbox 137 967 226 1002; x_wconf 78' lang='lat' dir='ltr'>ergo</span> <span class='ocrx_word' id='word_1_89' title='bbox 250 966 318 1002; x_wconf 87' lang='lat' dir='ltr'>per</span> <span class='ocrx_word' id='word_1_90' title='bbox 343 967 384 992; x_wconf 90' lang='lat' dir='ltr'>se</span> <span class='ocrx_word' id='word_1_91' title='bbox 409 967 560 1002; x_wconf 87' lang='lat' dir='ltr'>quoque</span> <span class='ocrx_word' id='word_1_92' title='bbox 577 966 654 990; x_wconf 86' lang='lat' dir='ltr'>non</span> <span class='ocrx_word' id='word_1_93' title='bbox 671 955 762 989; x_wconf 80' lang='lat' dir='ltr'>satis</span> <span class='ocrx_word' id='word_1_94' title='bbox 779 965 867 988; x_wconf 92' lang='lat' dir='ltr'>con-</span> 
     </span>
     <span class='ocr_line' id='line_1_16' title="bbox 134 1003 869 1049; baseline -0.003 -11"><span class='ocrx_word' id='word_1_95' title='bbox 134 1014 271 1049; x_wconf 78' lang='lat' dir='ltr'>gruum</span> <span class='ocrx_word' id='word_1_96' title='bbox 296 1005 377 1038; x_wconf 79' lang='lat' dir='ltr'>erat</span> <span class='ocrx_word' id='word_1_97' title='bbox 405 1003 610 1045; x_wconf 80' lang='lat' dir='ltr'>ferculum,</span> <span class='ocrx_word' id='word_1_98' title='bbox 642 1004 735 1037; x_wconf 89' lang='lat' dir='ltr'>mire</span> <span class='ocrx_word' id='word_1_99' title='bbox 760 1013 869 1047; x_wconf 88' lang='lat' dir='ltr'>prae·</span> 
     </span>
     <span class='ocr_line' id='line_1_17' title="bbox 136 1050 867 1085; baseline -0.001 -1"><span class='ocrx_word' id='word_1_100' title='bbox 136 1050 266 1085; x_wconf 81' lang='lat' dir='ltr'>sertim</span> <span class='ocrx_word' id='word_1_101' title='bbox 289 1050 405 1085; x_wconf 86' lang='lat' dir='ltr'>nimio</span> <span class='ocrx_word' id='word_1_102' title='bbox 431 1051 508 1085; x_wconf 86' lang='lat' dir='ltr'>sale</span> <span class='ocrx_word' id='word_1_103' title='bbox 534 1054 570 1084; x_wconf 83' lang='lat' dir='ltr'>et</span> <span class='ocrx_word' id='word_1_104' title='bbox 585 1051 685 1084; x_wconf 84' lang='lat' dir='ltr'>farre</span> <span class='ocrx_word' id='word_1_105' title='bbox 701 1050 867 1083; x_wconf 82' lang='lat' dir='ltr'>immixto</span> 
     </span>
     <span class='ocr_line' id='line_1_18' title="bbox 136 1097 867 1142; baseline -0.003 -10"><span class='ocrx_word' id='word_1_106' title='bbox 136 1107 393 1142; x_wconf 82' lang='lat' dir='ltr'>conspersum.</span> <span class='ocrx_word' id='word_1_107' title='bbox 418 1097 595 1132; x_wconf 79' lang='lat' dir='ltr'>Ceterum</span> <span class='ocrx_word' id='word_1_108' title='bbox 618 1097 767 1131; x_wconf 86' lang='lat' dir='ltr'>Plinius</span> <span class='ocrx_word' id='word_1_109' title='bbox 794 1097 818 1130; x_wconf 95' lang='lat' dir='ltr'>l.</span> <span class='ocrx_word' id='word_1_110' title='bbox 843 1097 867 1130; x_wconf 94' lang='grc'>1.</span> 
     </span>
     <span class='ocr_line' id='line_1_19' title="bbox 136 1144 867 1190; baseline -0.003 -11"><span class='ocrx_word' id='word_1_111' title='bbox 136 1144 354 1190; x_wconf 83' lang='lat' dir='ltr'>subiungit:</span> <span class='ocrx_word' id='word_1_112' title='bbox 392 1154 472 1179; x_wconf 76' lang='lat' dir='ltr'>eum</span> <span class='ocrx_word' id='word_1_113' title='bbox 509 1146 596 1178; x_wconf 81' lang='lat' dir='ltr'>haec</span> <span class='ocrx_word' id='word_1_114' title='bbox 632 1145 708 1178; x_wconf 72' lang='lat' dir='ltr'>ales</span> <span class='ocrx_word' id='word_1_115' title='bbox 746 1144 867 1189; x_wconf 87' lang='lat' dir='ltr'>(grus)</span> 
     </span>
     <span class='ocr_line' id='line_1_20' title="bbox 134 1191 869 1235; baseline -0.004 -9"><span class='ocrx_word' id='word_1_116' title='bbox 134 1193 231 1225; x_wconf 70' lang='lat' dir='ltr'>inter</span> <span class='ocrx_word' id='word_1_117' title='bbox 250 1194 392 1234; x_wconf 65' lang='lat' dir='ltr'>primas</span> <span class='ocrx_word' id='word_1_118' title='bbox 418 1191 565 1235; x_wconf 86' lang='lat' dir='ltr'>(nunc)</span> <span class='ocrx_word' id='word_1_119' title='bbox 593 1194 800 1234; x_wconf 73' lang='lat' dir='ltr'>expetatur,</span> <span class='ocrx_word' id='word_1_120' title='bbox 826 1192 869 1224; x_wconf 76' lang='lat' dir='ltr'>il-</span> 
     </span>
     <span class='ocr_line' id='line_1_21' title="bbox 140 1240 649 1280; baseline 0 -8"><span class='ocrx_word' id='word_1_121' title='bbox 140 1240 215 1272; x_wconf 71' lang='lat' dir='ltr'>lam</span> <span class='ocrx_word' id='word_1_122' title='bbox 238 1247 342 1273; x_wconf 78' lang='lat' dir='ltr'>nemo</span> <span class='ocrx_word' id='word_1_123' title='bbox 366 1241 453 1273; x_wconf 75' lang='lat' dir='ltr'>velit</span> <span class='ocrx_word' id='word_1_124' title='bbox 477 1241 649 1280; x_wconf 72' lang='lat' dir='ltr'>attioisse.</span> 
     </span>
    </p>

    <p class='ocr_par' dir='ltr' id='par_1_10' title="bbox 138 1285 879 2548">
     <span class='ocr_line' id='line_1_22' title="bbox 186 1285 869 1328; baseline -0.001 -9"><span class='ocrx_word' id='word_1_125' title='bbox 186 1287 323 1320; x_wconf 79' lang='lat'>88-90.</span> <span class='ocrx_word' id='word_1_126' title='bbox 354 1286 689 1328; x_wconf 71' lang='lat' dir='ltr'>Pinouibus—ficis]</span> <span class='ocrx_word' id='word_1_127' title='bbox 715 1285 794 1319; x_wconf 89' lang='lat' dir='ltr'>Hoc</span> <span class='ocrx_word' id='word_1_128' title='bbox 822 1285 869 1318; x_wconf 89' lang='lat' dir='ltr'>si-</span> 
     </span>
     <span class='ocr_line' id='line_1_23' title="bbox 138 1331 870 1378; baseline -0.001 -12"><span class='ocrx_word' id='word_1_129' title='bbox 138 1332 289 1378; x_wconf 82' lang='lat' dir='ltr'>gnificat</span> <span class='ocrx_word' id='word_1_130' title='bbox 308 1331 535 1367; x_wconf 70' lang='lat' dir='ltr'>Nasidienus</span> <span class='ocrx_word' id='word_1_131' title='bbox 560 1332 738 1373; x_wconf 87' lang='lat' dir='ltr'>convivis,</span> <span class='ocrx_word' id='word_1_132' title='bbox 763 1343 870 1366; x_wconf 89' lang='lat' dir='ltr'>anse-</span> 
     </span>
     <span class='ocr_line' id='line_1_24' title="bbox 138 1379 870 1424; baseline -0.001 -11"><span class='ocrx_word' id='word_1_133' title='bbox 138 1389 218 1413; x_wconf 83' lang='lat' dir='ltr'>rem</span> <span class='ocrx_word' id='word_1_134' title='bbox 242 1389 319 1413; x_wconf 88' lang='lat' dir='ltr'>non</span> <span class='ocrx_word' id='word_1_135' title='bbox 342 1380 556 1424; x_wconf 85' lang='lat' dir='ltr'>volgaribus</span> <span class='ocrx_word' id='word_1_136' title='bbox 581 1379 672 1420; x_wconf 80' lang='lat' dir='ltr'>ficis,</span> <span class='ocrx_word' id='word_1_137' title='bbox 698 1379 763 1412; x_wconf 89' lang='lat' dir='ltr'>sed</span> <span class='ocrx_word' id='word_1_138' title='bbox 790 1379 870 1412; x_wconf 89' lang='lat' dir='ltr'>suci</span> 
     </span>
     <span class='ocr_line' id='line_1_25' title="bbox 140 1425 872 1470; baseline -0.003 -10"><span class='ocrx_word' id='word_1_139' title='bbox 140 1425 308 1460; x_wconf 79' lang='lat' dir='ltr'>melioris</span> <span class='ocrx_word' id='word_1_140' title='bbox 337 1429 376 1460; x_wconf 84' lang='lat' dir='ltr'>et</span> <span class='ocrx_word' id='word_1_141' title='bbox 406 1426 690 1460; x_wconf 75' lang='lat' dir='ltr'>abundantioris</span> <span class='ocrx_word' id='word_1_142' title='bbox 724 1426 872 1470; x_wconf 85' lang='lat' dir='ltr'>sagina-</span> 
     </span>
     <span class='ocr_line' id='line_1_26' title="bbox 142 1473 872 1515; baseline 0 -9"><span class='ocrx_word' id='word_1_143' title='bbox 142 1475 217 1506; x_wconf 82' lang='lat' dir='ltr'>tam</span> <span class='ocrx_word' id='word_1_144' title='bbox 240 1473 370 1507; x_wconf 83' lang='lat' dir='ltr'>fuisse.</span> <span class='ocrx_word' id='word_1_145' title='bbox 388 1492 431 1496; x_wconf 97' lang='lat'><strong>—</strong></span> <span class='ocrx_word' id='word_1_146' title='bbox 451 1473 579 1515; x_wconf 79' lang='lat' dir='ltr'>albae]</span> <span class='ocrx_word' id='word_1_147' title='bbox 611 1473 718 1507; x_wconf 85' lang='lat' dir='ltr'>Hanc</span> <span class='ocrx_word' id='word_1_148' title='bbox 743 1473 872 1506; x_wconf 76' lang='lat' dir='ltr'>lectio-</span> 
     </span>
     <span class='ocr_line' id='line_1_27' title="bbox 141 1520 871 1564; baseline 0 -11"><span class='ocrx_word' id='word_1_149' title='bbox 141 1529 228 1553; x_wconf 75' lang='lat' dir='ltr'>nem</span> <span class='ocrx_word' id='word_1_150' title='bbox 250 1520 431 1564; x_wconf 81' lang='lat' dir='ltr'>praetuli,</span> <span class='ocrx_word' id='word_1_151' title='bbox 462 1523 505 1553; x_wconf 82' lang='lat' dir='ltr'>ut</span> <span class='ocrx_word' id='word_1_152' title='bbox 533 1523 683 1564; x_wconf 82' lang='lat' dir='ltr'>praeter</span> <span class='ocrx_word' id='word_1_153' title='bbox 707 1520 871 1553; x_wconf 89' lang='lat' dir='ltr'>colorem</span> 
     </span>
     <span class='ocr_line' id='line_1_28' title="bbox 140 1565 871 1611; baseline 0 -11"><span class='ocrx_word' id='word_1_154' title='bbox 140 1565 330 1600; x_wconf 73' lang='lat' dir='ltr'>indicetur</span> <span class='ocrx_word' id='word_1_155' title='bbox 354 1577 475 1608; x_wconf 84' lang='lat' dir='ltr'>sexus,</span> <span class='ocrx_word' id='word_1_156' title='bbox 499 1568 763 1611; x_wconf 85' lang='lat' dir='ltr'>tenerioraque</span> <span class='ocrx_word' id='word_1_157' title='bbox 788 1577 871 1601; x_wconf 90' lang='lat' dir='ltr'>esse</span> 
     </span>
     <span class='ocr_line' id='line_1_29' title="bbox 142 1612 871 1655; baseline 0.001 -9"><span class='ocrx_word' id='word_1_158' title='bbox 142 1612 313 1654; x_wconf 69' lang='lat' dir='ltr'>iecinora</span> <span class='ocrx_word' id='word_1_159' title='bbox 329 1616 368 1647; x_wconf 81' lang='lat' dir='ltr'>et</span> <span class='ocrx_word' id='word_1_160' title='bbox 382 1614 607 1655; x_wconf 68' lang='lat' dir='ltr'>feminarum</span> <span class='ocrx_word' id='word_1_161' title='bbox 631 1617 669 1648; x_wconf 86' lang='lat' dir='ltr'>et</span> <span class='ocrx_word' id='word_1_162' title='bbox 690 1614 871 1648; x_wconf 89' lang='lat' dir='ltr'>albarum.</span> 
     </span>
     <span class='ocr_line' id='line_1_30' title="bbox 140 1659 872 1706; baseline 0.003 -13"><span class='ocrx_word' id='word_1_163' title='bbox 140 1659 306 1694; x_wconf 64' lang='lat' dir='ltr'>Facilius</span> <span class='ocrx_word' id='word_1_164' title='bbox 323 1662 448 1695; x_wconf 81' lang='lat' dir='ltr'>autem</span> <span class='ocrx_word' id='word_1_165' title='bbox 465 1672 488 1695; x_wconf 91' lang='lat' dir='ltr'>a</span> <span class='ocrx_word' id='word_1_166' title='bbox 504 1661 669 1695; x_wconf 89' lang='lat' dir='ltr'>librariis</span> <span class='ocrx_word' id='word_1_167' title='bbox 682 1671 802 1706; x_wconf 88' lang='lat' dir='ltr'>genus</span> <span class='ocrx_word' id='word_1_168' title='bbox 818 1661 872 1695; x_wconf 83' lang='lat' dir='ltr'>fe-</span> 
     </span>
     <span class='ocr_line' id='line_1_31' title="bbox 140 1707 872 1752; baseline 0.001 -12"><span class='ocrx_word' id='word_1_169' title='bbox 140 1707 273 1741; x_wconf 81' lang='lat' dir='ltr'>minin.</span> <span class='ocrx_word' id='word_1_170' title='bbox 303 1708 519 1742; x_wconf 72' lang='lat' dir='ltr'>mutabatur</span> <span class='ocrx_word' id='word_1_171' title='bbox 550 1709 590 1742; x_wconf 90' lang='lat' dir='ltr'>in</span> <span class='ocrx_word' id='word_1_172' title='bbox 622 1719 735 1742; x_wconf 89' lang='lat' dir='ltr'>masc.</span> <span class='ocrx_word' id='word_1_173' title='bbox 761 1718 872 1752; x_wconf 88' lang='lat' dir='ltr'>quam</span> 
     </span>
     <span class='ocr_line' id='line_1_32' title="bbox 141 1753 872 1800; baseline 0.001 -12"><span class='ocrx_word' id='word_1_174' title='bbox 141 1757 283 1789; x_wconf 82' lang='lat' dir='ltr'>contra.</span> <span class='ocrx_word' id='word_1_175' title='bbox 319 1753 458 1789; x_wconf 81' lang='lat' dir='ltr'>Eadem</span> <span class='ocrx_word' id='word_1_176' title='bbox 482 1766 639 1800; x_wconf 89' lang='lat' dir='ltr'>prorsus</span> <span class='ocrx_word' id='word_1_177' title='bbox 664 1755 872 1789; x_wconf 74' lang='lat' dir='ltr'>subtilitate</span> 
     </span>
     <span class='ocr_line' id='line_1_33' title="bbox 141 1799 873 1845; baseline 0.001 -11"><span class='ocrx_word' id='word_1_178' title='bbox 141 1799 295 1836; x_wconf 84' lang='lat' dir='ltr'>Persius</span> <span class='ocrx_word' id='word_1_179' title='bbox 336 1804 377 1845; x_wconf 87' lang='grc'>6,</span> <span class='ocrx_word' id='word_1_180' title='bbox 414 1804 470 1835; x_wconf 86' lang='grc'>24.</span> <span class='ocrx_word' id='word_1_181' title='bbox 508 1804 701 1836; x_wconf 77' lang='lat' dir='ltr'>turdarum</span> <span class='ocrx_word' id='word_1_182' title='bbox 735 1804 873 1836; x_wconf 76' lang='lat' dir='ltr'>salivas</span> 
     </span>
     <span class='ocr_line' id='line_1_34' title="bbox 142 1847 872 1889; baseline 0.001 -7"><span class='ocrx_word' id='word_1_183' title='bbox 142 1847 255 1889; x_wconf 81' lang='lat' dir='ltr'>dixit,</span> <span class='ocrx_word' id='word_1_184' title='bbox 287 1859 363 1883; x_wconf 89' lang='lat' dir='ltr'>non</span> <span class='ocrx_word' id='word_1_185' title='bbox 397 1851 598 1883; x_wconf 73' lang='lat' dir='ltr'>turdorum.</span> <span class='ocrx_word' id='word_1_186' title='bbox 625 1869 667 1873; x_wconf 92' lang='lat'><em>—</em></span> <span class='ocrx_word' id='word_1_187' title='bbox 696 1852 734 1882; x_wconf 78' lang='lat' dir='ltr'>ut</span> <span class='ocrx_word' id='word_1_188' title='bbox 757 1851 872 1883; x_wconf 78' lang='lat' dir='ltr'>multo</span> 
     </span>
     <span class='ocr_line' id='line_1_35' title="bbox 141 1895 875 1938; baseline 0.004 -10"><span class='ocrx_word' id='word_1_189' title='bbox 141 1895 316 1938; x_wconf 63' lang='lat' dir='ltr'>navim]</span> <span class='ocrx_word' id='word_1_190' title='bbox 350 1895 498 1930; x_wconf 84' lang='lat' dir='ltr'>Rursus</span> <span class='ocrx_word' id='word_1_191' title='bbox 534 1897 783 1930; x_wconf 78' lang='lat' dir='ltr'>convivatoris</span> <span class='ocrx_word' id='word_1_192' title='bbox 818 1901 875 1931; x_wconf 87' lang='lat' dir='ltr'>est</span> 
     </span>
     <span class='ocr_line' id='line_1_36' title="bbox 143 1943 874 1986; baseline 0.001 -10"><span class='ocrx_word' id='word_1_193' title='bbox 143 1943 336 1976; x_wconf 75' lang='lat' dir='ltr'>monitum.</span> <span class='ocrx_word' id='word_1_194' title='bbox 355 1962 398 1966; x_wconf 96' lang='lat'><strong>—</strong></span> <span class='ocrx_word' id='word_1_195' title='bbox 417 1944 563 1986; x_wconf 78' lang='lat' dir='ltr'>armos]</span> <span class='ocrx_word' id='word_1_196' title='bbox 598 1943 703 1977; x_wconf 82' lang='lat' dir='ltr'>Conf.</span> <span class='ocrx_word' id='word_1_197' title='bbox 735 1943 809 1977; x_wconf 85' lang='lat' dir='ltr'>Sat.</span> <span class='ocrx_word' id='word_1_198' title='bbox 841 1946 874 1985; x_wconf 79' lang='lat'>2,</span> 
     </span>
     <span class='ocr_line' id='line_1_37' title="bbox 145 1991 874 2034; baseline 0.003 -12"><span class='ocrx_word' id='word_1_199' title='bbox 145 1991 179 2030; x_wconf 93' lang='lat'>4,</span> <span class='ocrx_word' id='word_1_200' title='bbox 196 1992 252 2022; x_wconf 92' lang='grc'>44.</span> <span class='ocrx_word' id='word_1_201' title='bbox 267 2008 311 2013; x_wconf 95' lang='grc'>-</span> <span class='ocrx_word' id='word_1_202' title='bbox 331 1991 450 2030; x_wconf 79' lang='lat' dir='ltr'>Quam</span> <span class='ocrx_word' id='word_1_203' title='bbox 473 1992 505 2023; x_wconf 77' lang='lat' dir='ltr'>si</span> <span class='ocrx_word' id='word_1_204' title='bbox 529 1999 610 2023; x_wconf 80' lang='lat' dir='ltr'>eum</span> <span class='ocrx_word' id='word_1_205' title='bbox 637 1992 764 2023; x_wconf 74' lang='lat' dir='ltr'>lumbis</span> <span class='ocrx_word' id='word_1_206' title='bbox 789 1991 874 2034; x_wconf 89' lang='lat' dir='ltr'>cet.]</span> 
     </span>
     <span class='ocr_line' id='line_1_38' title="bbox 147 2036 875 2126; baseline 0.004 -12"><span class='ocrx_word' id='word_1_207' title='bbox 147 2046 275 2115; x_wconf 57' lang='lat' dir='ltr'>333²:ss</span> <span class='ocrx_word' id='word_1_208' title='bbox 297 2036 875 2126; x_wconf 48' lang='lat' dir='ltr'>Lssffkzoffl&#39;ffifflxffiffss</span> 
     </span>
     <span class='ocr_line' id='line_1_39' title="bbox 149 2127 876 2172; baseline 0.004 -11"><span class='ocrx_word' id='word_1_209' title='bbox 149 2127 276 2162; x_wconf 70' lang='lat' dir='ltr'>Coun.</span> <span class='ocrx_word' id='word_1_210' title='bbox 301 2128 421 2167; x_wconf 78' lang='lat' dir='ltr'>Cano.</span> <span class='ocrx_word' id='word_1_211' title='bbox 436 2148 479 2153; x_wconf 86' lang='lat'><em>-</em></span> <span class='ocrx_word' id='word_1_212' title='bbox 494 2130 579 2172; x_wconf 72' lang='lat' dir='ltr'>edit]</span> <span class='ocrx_word' id='word_1_213' title='bbox 605 2130 876 2164; x_wconf 79' lang='lat' dir='ltr'>Coniunctivus</span> 
     </span>
     <span class='ocr_line' id='line_1_40' title="bbox 148 2175 876 2221; baseline 0.001 -12"><span class='ocrx_word' id='word_1_214' title='bbox 148 2175 327 2220; x_wconf 88' lang='lat' dir='ltr'>antiquus</span> <span class='ocrx_word' id='word_1_215' title='bbox 354 2178 456 2218; x_wconf 74' lang='lat' dir='ltr'>edim,</span> <span class='ocrx_word' id='word_1_216' title='bbox 483 2178 567 2218; x_wconf 78' lang='lat' dir='ltr'>edis,</span> <span class='ocrx_word' id='word_1_217' title='bbox 594 2178 676 2218; x_wconf 80' lang='lat' dir='ltr'>edil,</span> <span class='ocrx_word' id='word_1_218' title='bbox 702 2180 743 2210; x_wconf 84' lang='lat' dir='ltr'>ut</span> <span class='ocrx_word' id='word_1_219' title='bbox 758 2177 876 2221; x_wconf 89' lang='lat' dir='ltr'>Epod.</span> 
     </span>
     <span class='ocr_line' id='line_1_41' title="bbox 150 2222 877 2269; baseline 0.001 -14"><span class='ocrx_word' id='word_1_220' title='bbox 150 2223 183 2264; x_wconf 85' lang='lat'>3,</span> <span class='ocrx_word' id='word_1_221' title='bbox 210 2223 240 2255; x_wconf 85' lang='lat'>3.</span> <span class='ocrx_word' id='word_1_222' title='bbox 267 2241 309 2245; x_wconf 88' lang='lat'><strong>—</strong></span> <span class='ocrx_word' id='word_1_223' title='bbox 334 2226 476 2267; x_wconf 72' lang='lat' dir='ltr'>pectore</span> <span class='ocrx_word' id='word_1_224' title='bbox 501 2223 651 2266; x_wconf 74' lang='lat' dir='ltr'>adusto]</span> <span class='ocrx_word' id='word_1_225' title='bbox 680 2222 731 2256; x_wconf 88' lang='grc' dir='ltr'>Τὸ</span> <span class='ocrx_word' id='word_1_226' title='bbox 758 2234 877 2269; x_wconf 75' lang='grc' dir='ltr'><em>προσ-</em></span> 
     </span>
     <span class='ocr_line' id='line_1_42' title="bbox 149 2268 879 2311; baseline 0.004 -10"><span class='ocrx_word' id='word_1_227' title='bbox 149 2270 271 2302; x_wconf 66' lang='grc' dir='ltr'>πταίειν</span> <span class='ocrx_word' id='word_1_228' title='bbox 312 2268 462 2311; x_wconf 70' lang='grc' dir='ltr'><em>τοῦψον</em></span> <span class='ocrx_word' id='word_1_229' title='bbox 506 2271 546 2303; x_wconf 90' lang='lat' dir='ltr'>in</span> <span class='ocrx_word' id='word_1_230' title='bbox 592 2270 640 2304; x_wconf 89' lang='lat' dir='ltr'>iis</span> <span class='ocrx_word' id='word_1_231' title='bbox 682 2274 879 2304; x_wconf 86' lang='lat' dir='ltr'>enumerat</span> 
     </span>
     <span class='ocr_line' id='line_1_43' title="bbox 147 2315 878 2362; baseline 0.001 -13"><span class='ocrx_word' id='word_1_232' title='bbox 147 2315 374 2350; x_wconf 84' lang='lat' dir='ltr'>Plutarchus</span> <span class='ocrx_word' id='word_1_233' title='bbox 400 2317 445 2351; x_wconf 93' lang='lat' dir='ltr'>de</span> <span class='ocrx_word' id='word_1_234' title='bbox 471 2317 593 2351; x_wconf 87' lang='lat' dir='ltr'>cohib.</span> <span class='ocrx_word' id='word_1_235' title='bbox 614 2318 671 2351; x_wconf 88' lang='lat' dir='ltr'>ira</span> <span class='ocrx_word' id='word_1_236' title='bbox 690 2320 757 2359; x_wconf 93' lang='lat'>11.‚</span> <span class='ocrx_word' id='word_1_237' title='bbox 783 2328 878 2362; x_wconf 88' lang='lat' dir='ltr'>quae</span> 
     </span>
     <span class='ocr_line' id='line_1_44' title="bbox 149 2362 879 2398; baseline 0.001 -2"><span class='ocrx_word' id='word_1_238' title='bbox 149 2362 385 2397; x_wconf 89' lang='lat' dir='ltr'>dominorum</span> <span class='ocrx_word' id='word_1_239' title='bbox 401 2364 442 2397; x_wconf 91' lang='lat' dir='ltr'>in</span> <span class='ocrx_word' id='word_1_240' title='bbox 461 2375 586 2398; x_wconf 88' lang='lat' dir='ltr'>servos</span> <span class='ocrx_word' id='word_1_241' title='bbox 609 2365 703 2398; x_wconf 89' lang='lat' dir='ltr'>iram</span> <span class='ocrx_word' id='word_1_242' title='bbox 722 2365 781 2398; x_wconf 91' lang='lat' dir='ltr'>vel</span> <span class='ocrx_word' id='word_1_243' title='bbox 804 2375 879 2398; x_wconf 87' lang='lat' dir='ltr'>ma-</span> 
     </span>
     <span class='ocr_line' id='line_1_45' title="bbox 148 2410 879 2454; baseline 0.001 -10"><span class='ocrx_word' id='word_1_244' title='bbox 148 2410 246 2444; x_wconf 85' lang='lat' dir='ltr'>xime</span> <span class='ocrx_word' id='word_1_245' title='bbox 272 2411 479 2454; x_wconf 82' lang='lat' dir='ltr'>ooncitent3</span> <span class='ocrx_word' id='word_1_246' title='bbox 503 2411 729 2445; x_wconf 80' lang='lat' dir='ltr'>Nasidienus</span> <span class='ocrx_word' id='word_1_247' title='bbox 756 2415 879 2445; x_wconf 84' lang='lat' dir='ltr'>autem</span> 
     </span>
     <span class='ocr_line' id='line_1_46' title="bbox 149 2457 878 2492; baseline 0.003 -2"><span class='ocrx_word' id='word_1_248' title='bbox 149 2457 189 2490; x_wconf 91' lang='lat' dir='ltr'>in</span> <span class='ocrx_word' id='word_1_249' title='bbox 214 2457 274 2491; x_wconf 88' lang='lat' dir='ltr'>his</span> <span class='ocrx_word' id='word_1_250' title='bbox 299 2458 471 2492; x_wconf 87' lang='lat' dir='ltr'>omnibus</span> <span class='ocrx_word' id='word_1_251' title='bbox 497 2458 741 2492; x_wconf 80' lang='lat' dir='ltr'>caecutiebat.</span> <span class='ocrx_word' id='word_1_252' title='bbox 773 2458 878 2492; x_wconf 87' lang='lat' dir='ltr'>Conf.</span> 
     </span>
     <span class='ocr_line' id='line_1_47' title="bbox 151 2506 737 2548; baseline 0.002 -11"><span class='ocrx_word' id='word_1_253' title='bbox 151 2515 266 2548; x_wconf 87' lang='lat' dir='ltr'>supra</span> <span class='ocrx_word' id='word_1_254' title='bbox 289 2515 323 2538; x_wconf 89' lang='lat' dir='ltr'>v.</span> <span class='ocrx_word' id='word_1_255' title='bbox 350 2506 418 2538; x_wconf 86' lang='lat'>68:</span> <span class='ocrx_word' id='word_1_256' title='bbox 440 2507 549 2547; x_wconf 75' lang='lat' dir='ltr'>panis</span> <span class='ocrx_word' id='word_1_257' title='bbox 575 2507 737 2538; x_wconf 79' lang='lat' dir='ltr'>adustus.</span> 
     </span>
    </p>

    <p class='ocr_par' dir='ltr' id='par_1_11' title="bbox 149 2552 880 2735">
     <span class='ocr_line' id='line_1_48' title="bbox 200 2552 878 2595; baseline 0.004 -12"><span class='ocrx_word' id='word_1_258' title='bbox 200 2554 333 2585; x_wconf 78' lang='grc'><strong>;·1-95.</strong></span> <span class='ocrx_word' id='word_1_259' title='bbox 366 2553 541 2595; x_wconf 78' lang='lat' dir='ltr'>merulas]</span> <span class='ocrx_word' id='word_1_260' title='bbox 574 2552 682 2586; x_wconf 75' lang='lat' dir='ltr'>Nunc</span> <span class='ocrx_word' id='word_1_261' title='bbox 709 2561 807 2586; x_wconf 82' lang='lat' dir='ltr'>certe</span> <span class='ocrx_word' id='word_1_262' title='bbox 834 2553 878 2586; x_wconf 89' lang='lat' dir='ltr'>ab</span> 
     </span>
     <span class='ocr_line' id='line_1_49' title="bbox 149 2597 879 2641; baseline 0.004 -11"><span class='ocrx_word' id='word_1_263' title='bbox 149 2597 254 2631; x_wconf 82' lang='lat' dir='ltr'>Italis</span> <span class='ocrx_word' id='word_1_264' title='bbox 280 2609 356 2633; x_wconf 91' lang='lat' dir='ltr'>non</span> <span class='ocrx_word' id='word_1_265' title='bbox 383 2599 641 2641; x_wconf 80' lang='lat' dir='ltr'>comeduntur,</span> <span class='ocrx_word' id='word_1_266' title='bbox 667 2600 731 2633; x_wconf 91' lang='lat' dir='ltr'>sed</span> <span class='ocrx_word' id='word_1_267' title='bbox 757 2603 879 2633; x_wconf 83' lang='lat' dir='ltr'>tamen</span> 
     </span>
     <span class='ocr_line' id='line_1_50' title="bbox 153 2644 880 2691; baseline 0.004 -14"><span class='ocrx_word' id='word_1_268' title='bbox 153 2644 240 2677; x_wconf 89' lang='lat' dir='ltr'>olim</span> <span class='ocrx_word' id='word_1_269' title='bbox 263 2646 372 2679; x_wconf 85' lang='lat' dir='ltr'>etiam</span> <span class='ocrx_word' id='word_1_270' title='bbox 393 2646 562 2680; x_wconf 82' lang='lat' dir='ltr'>Athenis.</span> <span class='ocrx_word' id='word_1_271' title='bbox 579 2647 648 2691; x_wconf 85' lang='lat' dir='ltr'>Ap.</span> <span class='ocrx_word' id='word_1_272' title='bbox 666 2646 880 2690; x_wconf 75' lang='lat' dir='ltr'>Aristopha-</span> 
     </span>
     <span class='ocr_line' id='line_1_51' title="bbox 154 2692 878 2735; baseline 0.003 -11"><span class='ocrx_word' id='word_1_273' title='bbox 154 2700 237 2724; x_wconf 86' lang='lat' dir='ltr'>nem</span> <span class='ocrx_word' id='word_1_274' title='bbox 261 2692 327 2725; x_wconf 83' lang='lat' dir='ltr'>Av.</span> <span class='ocrx_word' id='word_1_275' title='bbox 355 2694 456 2727; x_wconf 89' lang='grc'><strong>1081.</strong></span> <span class='ocrx_word' id='word_1_276' title='bbox 488 2693 731 2735; x_wconf 85' lang='lat' dir='ltr'>Philocrates,</span> <span class='ocrx_word' id='word_1_277' title='bbox 756 2694 878 2727; x_wconf 87' lang='lat' dir='ltr'>avium</span> 
     </span>
    </p>
   </div>
   <div class='ocr_carea' id='block_1_9' title="bbox 914 904 1656 1701">
    <p class='ocr_par' dir='ltr' id='par_1_12' title="bbox 914 904 1656 1701">
     <span class='ocr_line' id='line_1_52' title="bbox 916 904 1651 952; baseline -0.005 -12"><span class='ocrx_word' id='word_1_278' title='bbox 916 906 1124 952; x_wconf 74' lang='lat' dir='ltr'>saginatur:</span> <span class='ocrx_word' id='word_1_279' title='bbox 1160 906 1248 947; x_wconf 82' lang='grc' dir='ltr'><strong><em>Τοῖς</em></strong></span> <span class='ocrx_word' id='word_1_280' title='bbox 1279 915 1317 938; x_wconf 83' lang='grc' dir='ltr'>τε</span> <span class='ocrx_word' id='word_1_281' title='bbox 1342 906 1572 944; x_wconf 65' lang='grc' dir='ltr'><strong><em>κοψίχοισιν</em></strong></span> <span class='ocrx_word' id='word_1_282' title='bbox 1596 904 1651 944; x_wconf 81' lang='grc' dir='ltr'>εἰς</span> 
     </span>
     <span class='ocr_line' id='line_1_53' title="bbox 914 948 1651 1007; baseline -0.004 -21"><span class='ocrx_word' id='word_1_283' title='bbox 914 951 983 996; x_wconf 82' lang='grc' dir='ltr'>τὰς</span> <span class='ocrx_word' id='word_1_284' title='bbox 1006 950 1116 1007; x_wconf 69' lang='grc' dir='ltr'><strong><em>ῥῖνας</em></strong></span> <span class='ocrx_word' id='word_1_285' title='bbox 1140 952 1248 996; x_wconf 77' lang='grc' dir='ltr'>ἐγχεῖ</span> <span class='ocrx_word' id='word_1_286' title='bbox 1270 949 1316 985; x_wconf 85' lang='grc' dir='ltr'>τὰ</span> <span class='ocrx_word' id='word_1_287' title='bbox 1348 948 1476 998; x_wconf 76' lang='grc' dir='ltr'><strong>πτερά.</strong></span> <span class='ocrx_word' id='word_1_288' title='bbox 1525 950 1651 984; x_wconf 76' lang='lat' dir='ltr'>Meru-</span> 
     </span>
     <span class='ocr_line' id='line_1_54' title="bbox 916 997 1649 1044; baseline -0.005 -9"><span class='ocrx_word' id='word_1_289' title='bbox 916 1001 971 1035; x_wconf 88' lang='lat' dir='ltr'>las</span> <span class='ocrx_word' id='word_1_290' title='bbox 1003 1003 1188 1034; x_wconf 83' lang='lat' dir='ltr'>lnassatas</span> <span class='ocrx_word' id='word_1_291' title='bbox 1221 999 1471 1044; x_wconf 74' lang='lat' dir='ltr'>dysentericis</span> <span class='ocrx_word' id='word_1_292' title='bbox 1508 997 1649 1032; x_wconf 88' lang='lat' dir='ltr'>mederi</span> 
     </span>
     <span class='ocr_line' id='line_1_55' title="bbox 915 1046 1651 1089; baseline -0.005 -7"><span class='ocrx_word' id='word_1_293' title='bbox 915 1051 1045 1082; x_wconf 81' lang='lat' dir='ltr'>auctor</span> <span class='ocrx_word' id='word_1_294' title='bbox 1063 1051 1120 1081; x_wconf 84' lang='lat' dir='ltr'>est</span> <span class='ocrx_word' id='word_1_295' title='bbox 1136 1047 1283 1081; x_wconf 86' lang='lat' dir='ltr'>Plinius</span> <span class='ocrx_word' id='word_1_296' title='bbox 1300 1047 1347 1080; x_wconf 83' lang='lat' dir='ltr'>H.</span> <span class='ocrx_word' id='word_1_297' title='bbox 1364 1046 1408 1080; x_wconf 77' lang='lat' dir='ltr'>N.</span> <span class='ocrx_word' id='word_1_298' title='bbox 1427 1048 1483 1086; x_wconf 80' lang='lat'>30,</span> <span class='ocrx_word' id='word_1_299' title='bbox 1502 1047 1534 1079; x_wconf 81' lang='lat'>7.</span> <span class='ocrx_word' id='word_1_300' title='bbox 1575 1046 1651 1089; x_wconf 77' lang='lat' dir='ltr'>Ap-</span> 
     </span>
     <span class='ocr_line' id='line_1_56' title="bbox 915 1092 1651 1140; baseline -0.005 -11"><span class='ocrx_word' id='word_1_301' title='bbox 915 1096 1023 1140; x_wconf 87' lang='lat' dir='ltr'>ponit</span> <span class='ocrx_word' id='word_1_302' title='bbox 1045 1095 1162 1139; x_wconf 82' lang='lat' dir='ltr'>igitur</span> <span class='ocrx_word' id='word_1_303' title='bbox 1178 1094 1376 1135; x_wconf 79' lang='lat' dir='ltr'>ferculum,</span> <span class='ocrx_word' id='word_1_304' title='bbox 1395 1093 1495 1138; x_wconf 88' lang='lat' dir='ltr'>quod</span> <span class='ocrx_word' id='word_1_305' title='bbox 1511 1092 1651 1126; x_wconf 84' lang='lat' dir='ltr'>Romae</span> 
     </span>
     <span class='ocr_line' id='line_1_57' title="bbox 916 1139 1651 1185; baseline -0.004 -9"><span class='ocrx_word' id='word_1_306' title='bbox 916 1142 1010 1176; x_wconf 87' lang='lat' dir='ltr'>alias</span> <span class='ocrx_word' id='word_1_307' title='bbox 1043 1142 1252 1176; x_wconf 85' lang='lat' dir='ltr'>medicinae</span> <span class='ocrx_word' id='word_1_308' title='bbox 1283 1142 1409 1185; x_wconf 74' lang='lat' dir='ltr'>potius</span> <span class='ocrx_word' id='word_1_309' title='bbox 1441 1140 1523 1174; x_wconf 91' lang='lat' dir='ltr'>loco</span> <span class='ocrx_word' id='word_1_310' title='bbox 1549 1139 1651 1173; x_wconf 86' lang='lat' dir='ltr'>vide-</span> 
     </span>
     <span class='ocr_line' id='line_1_58' title="bbox 917 1186 1652 1233; baseline -0.005 -10"><span class='ocrx_word' id='word_1_311' title='bbox 917 1193 978 1223; x_wconf 88' lang='lat' dir='ltr'>tur</span> <span class='ocrx_word' id='word_1_312' title='bbox 1004 1200 1086 1223; x_wconf 88' lang='lat' dir='ltr'>esse</span> <span class='ocrx_word' id='word_1_313' title='bbox 1111 1189 1278 1223; x_wconf 79' lang='lat' dir='ltr'>habitum</span> <span class='ocrx_word' id='word_1_314' title='bbox 1305 1199 1418 1233; x_wconf 86' lang='lat' dir='ltr'>quam</span> <span class='ocrx_word' id='word_1_315' title='bbox 1444 1187 1537 1222; x_wconf 81' lang='lat' dir='ltr'>lauti</span> <span class='ocrx_word' id='word_1_316' title='bbox 1564 1186 1652 1220; x_wconf 90' lang='lat' dir='ltr'>cibi.</span> 
     </span>
     <span class='ocr_line' id='line_1_59' title="bbox 916 1235 1650 1279; baseline -0.003 -10"><span class='ocrx_word' id='word_1_317' title='bbox 916 1256 964 1260; x_wconf 86' lang='lat'>—</span> <span class='ocrx_word' id='word_1_318' title='bbox 986 1236 1096 1279; x_wconf 64' lang='lat' dir='ltr'>poni]</span> <span class='ocrx_word' id='word_1_319' title='bbox 1137 1236 1222 1269; x_wconf 82' lang='lat' dir='ltr'>vid.</span> <span class='ocrx_word' id='word_1_320' title='bbox 1257 1235 1332 1270; x_wconf 72' lang='lat' dir='ltr'>Sat.</span> <span class='ocrx_word' id='word_1_321' title='bbox 1367 1238 1406 1277; x_wconf 82' lang='lat'>2,</span> <span class='ocrx_word' id='word_1_322' title='bbox 1441 1237 1482 1276; x_wconf 83' lang='lat'>2,</span> <span class='ocrx_word' id='word_1_323' title='bbox 1516 1236 1571 1268; x_wconf 83' lang='lat'>23.</span> <span class='ocrx_word' id='word_1_324' title='bbox 1606 1252 1650 1257; x_wconf 82' lang='lat'><em>-</em></span> 
     </span>
     <span class='ocr_line' id='line_1_60' title="bbox 916 1282 1654 1326; baseline -0.003 -10"><span class='ocrx_word' id='word_1_325' title='bbox 916 1286 994 1317; x_wconf 76' lang='lat' dir='ltr'>sine</span> <span class='ocrx_word' id='word_1_326' title='bbox 1008 1283 1127 1326; x_wconf 76' lang='lat' dir='ltr'>clune]</span> <span class='ocrx_word' id='word_1_327' title='bbox 1146 1283 1249 1322; x_wconf 87' lang='lat' dir='ltr'>Quae</span> <span class='ocrx_word' id='word_1_328' title='bbox 1267 1286 1392 1316; x_wconf 85' lang='lat' dir='ltr'>tamen</span> <span class='ocrx_word' id='word_1_329' title='bbox 1410 1293 1498 1326; x_wconf 89' lang='lat' dir='ltr'>pars</span> <span class='ocrx_word' id='word_1_330' title='bbox 1513 1282 1654 1325; x_wconf 81' lang='lat' dir='ltr'>optima</span> 
     </span>
     <span class='ocr_line' id='line_1_61' title="bbox 917 1329 1654 1364; baseline -0.003 0"><span class='ocrx_word' id='word_1_331' title='bbox 917 1331 1145 1364; x_wconf 85' lang='lat' dir='ltr'>habebatur:</span> <span class='ocrx_word' id='word_1_332' title='bbox 1195 1341 1324 1363; x_wconf 85' lang='lat' dir='ltr'>verum</span> <span class='ocrx_word' id='word_1_333' title='bbox 1365 1331 1435 1362; x_wconf 90' lang='lat' dir='ltr'>hac</span> <span class='ocrx_word' id='word_1_334' title='bbox 1476 1329 1515 1361; x_wconf 89' lang='lat' dir='ltr'>in</span> <span class='ocrx_word' id='word_1_335' title='bbox 1559 1338 1654 1362; x_wconf 84' lang='lat' dir='ltr'>cena</span> 
     </span>
     <span class='ocr_line' id='line_1_62' title="bbox 919 1377 1654 1420; baseline -0.004 -9"><span class='ocrx_word' id='word_1_336' title='bbox 919 1378 1044 1411; x_wconf 86' lang='lat' dir='ltr'>omnia</span> <span class='ocrx_word' id='word_1_337' title='bbox 1068 1377 1127 1410; x_wconf 89' lang='lat' dir='ltr'>vel</span> <span class='ocrx_word' id='word_1_338' title='bbox 1158 1377 1254 1410; x_wconf 90' lang='lat' dir='ltr'>mira</span> <span class='ocrx_word' id='word_1_339' title='bbox 1278 1377 1338 1410; x_wconf 87' lang='lat' dir='ltr'>vel</span> <span class='ocrx_word' id='word_1_340' title='bbox 1368 1386 1547 1420; x_wconf 85' lang='lat' dir='ltr'>perversa</span> <span class='ocrx_word' id='word_1_341' title='bbox 1571 1385 1654 1409; x_wconf 88' lang='lat' dir='ltr'>esse</span> 
     </span>
     <span class='ocr_line' id='line_1_63' title="bbox 920 1421 1654 1470; baseline -0.004 -12"><span class='ocrx_word' id='word_1_342' title='bbox 920 1424 1052 1468; x_wconf 76' lang='lat' dir='ltr'>liquet.</span> <span class='ocrx_word' id='word_1_343' title='bbox 1092 1424 1302 1458; x_wconf 83' lang='lat' dir='ltr'>Favorinus</span> <span class='ocrx_word' id='word_1_344' title='bbox 1320 1426 1422 1470; x_wconf 76' lang='lat' dir='ltr'>certe</span> <span class='ocrx_word' id='word_1_345' title='bbox 1439 1422 1539 1466; x_wconf 87' lang='lat' dir='ltr'>apud</span> <span class='ocrx_word' id='word_1_346' title='bbox 1557 1421 1654 1455; x_wconf 83' lang='lat' dir='ltr'>Gell.</span> 
     </span>
     <span class='ocr_line' id='line_1_64' title="bbox 921 1470 1655 1513; baseline -0.005 -8"><span class='ocrx_word' id='word_1_347' title='bbox 921 1473 978 1513; x_wconf 87' lang='lat'>15,</span> <span class='ocrx_word' id='word_1_348' title='bbox 1003 1473 1048 1504; x_wconf 85' lang='lat'>8:</span> <span class='ocrx_word' id='word_1_349' title='bbox 1076 1472 1258 1512; x_wconf 74' lang='lat' dir='ltr'>Praefecti</span> <span class='ocrx_word' id='word_1_350' title='bbox 1279 1472 1439 1512; x_wconf 71' lang='lat' dir='ltr'>popinae</span> <span class='ocrx_word' id='word_1_351' title='bbox 1462 1471 1574 1510; x_wconf 77' lang='lat' dir='ltr'>atque</span> <span class='ocrx_word' id='word_1_352' title='bbox 1601 1470 1655 1502; x_wconf 74' lang='lat' dir='ltr'>lw-</span> 
     </span>
     <span class='ocr_line' id='line_1_65' title="bbox 918 1518 1655 1559; baseline -0.004 -7"><span class='ocrx_word' id='word_1_353' title='bbox 918 1519 1053 1552; x_wconf 72' lang='lat' dir='ltr'>oeuriae</span> <span class='ocrx_word' id='word_1_354' title='bbox 1062 1535 1102 1543; x_wconf 87' lang='lat'>·-</span> <span class='ocrx_word' id='word_1_355' title='bbox 1111 1520 1244 1559; x_wconf 63' lang='lat' dir='ltr'>nevam</span> <span class='ocrx_word' id='word_1_356' title='bbox 1259 1518 1378 1551; x_wconf 79' lang='lat' dir='ltr'>ullam</span> <span class='ocrx_word' id='word_1_357' title='bbox 1391 1525 1494 1550; x_wconf 78' lang='lat' dir='ltr'>avem</span> <span class='ocrx_word' id='word_1_358' title='bbox 1503 1518 1655 1558; x_wconf 77' lang='lat' dir='ltr'>praeter</span> 
     </span>
     <span class='ocr_line' id='line_1_66' title="bbox 919 1565 1655 1613; baseline -0.003 -15"><span class='ocrx_word' id='word_1_359' title='bbox 919 1565 1111 1613; x_wconf 54' lang='lat' dir='ltr'>ficedulam</span> <span class='ocrx_word' id='word_1_360' title='bbox 1141 1567 1255 1598; x_wconf 83' lang='lat' dir='ltr'>totam</span> <span class='ocrx_word' id='word_1_361' title='bbox 1287 1573 1441 1598; x_wconf 69' lang='lat' dir='ltr'>comesse</span> <span class='ocrx_word' id='word_1_362' title='bbox 1466 1566 1655 1605; x_wconf 58' lang='lat' dir='ltr'>opor-term</span> 
     </span>
     <span class='ocr_line' id='line_1_67' title="bbox 921 1611 1655 1652; baseline -0.004 -6"><span class='ocrx_word' id='word_1_363' title='bbox 921 1615 1128 1646; x_wconf 78' lang='lat' dir='ltr'>ceterarum</span> <span class='ocrx_word' id='word_1_364' title='bbox 1168 1613 1293 1645; x_wconf 78' lang='lat' dir='ltr'>avium</span> <span class='ocrx_word' id='word_1_365' title='bbox 1334 1614 1443 1652; x_wconf 82' lang='lat' dir='ltr'>atque</span> <span class='ocrx_word' id='word_1_366' title='bbox 1493 1611 1655 1644; x_wconf 74' lang='lat' dir='ltr'>altilium</span> 
     </span>
     <span class='ocr_line' id='line_1_68' title="bbox 920 1658 1656 1701; baseline -0.003 -9"><span class='ocrx_word' id='word_1_367' title='bbox 920 1661 992 1692; x_wconf 76' lang='lat' dir='ltr'>m&#39;si</span> <span class='ocrx_word' id='word_1_368' title='bbox 1014 1662 1158 1692; x_wconf 74' lang='lat' dir='ltr'>tantum</span> <span class='ocrx_word' id='word_1_369' title='bbox 1182 1662 1408 1701; x_wconf 72' lang='lat' dir='ltr'>apponatur,</span> <span class='ocrx_word' id='word_1_370' title='bbox 1432 1661 1473 1691; x_wconf 78' lang='lat' dir='ltr'>ut</span> <span class='ocrx_word' id='word_1_371' title='bbox 1498 1667 1522 1691; x_wconf 84' lang='lat' dir='ltr'>a</span> <span class='ocrx_word' id='word_1_372' title='bbox 1540 1658 1656 1690; x_wconf 59' lang='lat' dir='ltr'>ctum</span> 
     </span>
    </p>
   </div>
   <div class='ocr_carea' id='block_1_10' title="bbox 920 1706 1723 1748">
    <p class='ocr_par' dir='ltr' id='par_1_13' title="bbox 920 1706 1723 1748">
     <span class='ocr_line' id='line_1_69' title="bbox 920 1706 1723 1748; baseline -0.005 -8"><span class='ocrx_word' id='word_1_373' title='bbox 920 1708 1012 1740; x_wconf 71' lang='lat' dir='ltr'>malis</span> <span class='ocrx_word' id='word_1_374' title='bbox 1047 1708 1224 1748; x_wconf 78' lang='lat' dir='ltr'>inferiore</span> <span class='ocrx_word' id='word_1_375' title='bbox 1255 1708 1363 1748; x_wconf 81' lang='lat' dir='ltr'>parte</span> <span class='ocrx_word' id='word_1_376' title='bbox 1394 1706 1516 1738; x_wconf 72' lang='lat' dir='ltr'>saturi</span> <span class='ocrx_word' id='word_1_377' title='bbox 1552 1706 1655 1747; x_wconf 75' lang='lat' dir='ltr'>fiant,</span> <span class='ocrx_word' id='word_1_378' title='bbox 1708 1735 1723 1745; x_wconf 69' lang='grc'><strong><em>,</em></strong></span> 
     </span>
    </p>
   </div>
   <div class='ocr_carea' id='block_1_11' title="bbox 919 1754 1661 2737">
    <p class='ocr_par' dir='ltr' id='par_1_14' title="bbox 919 1754 1661 2737">
     <span class='ocr_line' id='line_1_70' title="bbox 921 1754 1656 1795; baseline -0.003 -9"><span class='ocrx_word' id='word_1_379' title='bbox 921 1755 1126 1787; x_wconf 76' lang='lat' dir='ltr'>convivium</span> <span class='ocrx_word' id='word_1_380' title='bbox 1158 1755 1292 1795; x_wconf 76' lang='lat' dir='ltr'>putant</span> <span class='ocrx_word' id='word_1_381' title='bbox 1329 1754 1455 1794; x_wconf 79' lang='lat' dir='ltr'>inopia</span> <span class='ocrx_word' id='word_1_382' title='bbox 1486 1754 1656 1792; x_wconf 72' lang='lat' dir='ltr'>sordere5</span> 
     </span>
     <span class='ocr_line' id='line_1_71' title="bbox 919 1801 1656 1842; baseline -0.004 -8"><span class='ocrx_word' id='word_1_383' title='bbox 919 1802 1148 1842; x_wconf 75' lang='lat' dir='ltr'>superiorem</span> <span class='ocrx_word' id='word_1_384' title='bbox 1190 1803 1334 1842; x_wconf 79' lang='lat' dir='ltr'>partem</span> <span class='ocrx_word' id='word_1_385' title='bbox 1381 1801 1506 1832; x_wconf 76' lang='lat' dir='ltr'>avium</span> <span class='ocrx_word' id='word_1_386' title='bbox 1547 1802 1656 1839; x_wconf 75' lang='lat' dir='ltr'>atque</span> 
     </span>
     <span class='ocr_line' id='line_1_72' title="bbox 922 1847 1657 1889; baseline -0.004 -8"><span class='ocrx_word' id='word_1_387' title='bbox 922 1849 1081 1881; x_wconf 80' lang='lat' dir='ltr'>altilium</span> <span class='ocrx_word' id='word_1_388' title='bbox 1121 1849 1183 1888; x_wconf 78' lang='lat' dir='ltr'>qui</span> <span class='ocrx_word' id='word_1_389' title='bbox 1220 1849 1349 1889; x_wconf 80' lang='lat' dir='ltr'>edunt,</span> <span class='ocrx_word' id='word_1_390' title='bbox 1392 1855 1450 1880; x_wconf 79' lang='lat' dir='ltr'>eos</span> <span class='ocrx_word' id='word_1_391' title='bbox 1486 1847 1657 1888; x_wconf 76' lang='lat' dir='ltr'>palatum</span> 
     </span>
     <span class='ocr_line' id='line_1_73' title="bbox 921 1893 1656 1936; baseline -0.003 -8"><span class='ocrx_word' id='word_1_392' title='bbox 921 1904 996 1928; x_wconf 76' lang='lat' dir='ltr'>non</span> <span class='ocrx_word' id='word_1_393' title='bbox 1029 1897 1170 1928; x_wconf 79' lang='lat' dir='ltr'>habere.</span> <span class='ocrx_word' id='word_1_394' title='bbox 1197 1914 1240 1918; x_wconf 89' lang='lat'>——</span> <span class='ocrx_word' id='word_1_395' title='bbox 1266 1896 1401 1928; x_wconf 77' lang='lat' dir='ltr'>suaves</span> <span class='ocrx_word' id='word_1_396' title='bbox 1434 1893 1514 1936; x_wconf 78' lang='lat' dir='ltr'>res]</span> <span class='ocrx_word' id='word_1_397' title='bbox 1554 1918 1570 1935; x_wconf 71' lang='lat'>.‚</span> <span class='ocrx_word' id='word_1_398' title='bbox 1585 1893 1656 1926; x_wconf 85' lang='lat' dir='ltr'>etsi</span> 
     </span>
     <span class='ocr_line' id='line_1_74' title="bbox 923 1940 1657 1986; baseline -0.005 -10"><span class='ocrx_word' id='word_1_399' title='bbox 923 1943 1018 1976; x_wconf 90' lang='lat' dir='ltr'>mira</span> <span class='ocrx_word' id='word_1_400' title='bbox 1042 1953 1112 1976; x_wconf 91' lang='lat' dir='ltr'>nec</span> <span class='ocrx_word' id='word_1_401' title='bbox 1136 1945 1239 1975; x_wconf 80' lang='lat' dir='ltr'>recte</span> <span class='ocrx_word' id='word_1_402' title='bbox 1265 1944 1444 1986; x_wconf 86' lang='lat' dir='ltr'>apparata</span> <span class='ocrx_word' id='word_1_403' title='bbox 1474 1940 1657 1984; x_wconf 87' lang='lat' dir='ltr'>quaedam</span> 
     </span>
     <span class='ocr_line' id='line_1_75' title="bbox 923 1988 1657 2029; baseline -0.003 -7"><span class='ocrx_word' id='word_1_404' title='bbox 923 1990 1092 2029; x_wconf 77' lang='lat' dir='ltr'>inerant,</span> <span class='ocrx_word' id='word_1_405' title='bbox 1125 1990 1235 2022; x_wconf 87' lang='lat' dir='ltr'>facile</span> <span class='ocrx_word' id='word_1_406' title='bbox 1260 1992 1383 2022; x_wconf 87' lang='lat' dir='ltr'>tamen</span> <span class='ocrx_word' id='word_1_407' title='bbox 1410 1988 1562 2021; x_wconf 76' lang='lat' dir='ltr'>ultimos</span> <span class='ocrx_word' id='word_1_408' title='bbox 1587 1988 1657 2020; x_wconf 88' lang='lat' dir='ltr'>hos</span> 
     </span>
     <span class='ocr_line' id='line_1_76' title="bbox 924 2034 1658 2080; baseline -0.004 -10"><span class='ocrx_word' id='word_1_409' title='bbox 924 2037 1040 2077; x_wconf 71' lang='lat' dir='ltr'>cibos,</span> <span class='ocrx_word' id='word_1_410' title='bbox 1066 2036 1197 2070; x_wconf 87' lang='lat' dir='ltr'>saltem</span> <span class='ocrx_word' id='word_1_411' title='bbox 1220 2037 1437 2080; x_wconf 78' lang='lat' dir='ltr'>plerosque,</span> <span class='ocrx_word' id='word_1_412' title='bbox 1462 2034 1658 2068; x_wconf 87' lang='lat' dir='ltr'>comedere</span> 
     </span>
     <span class='ocr_line' id='line_1_77' title="bbox 923 2083 1658 2126; baseline -0.004 -10"><span class='ocrx_word' id='word_1_413' title='bbox 923 2084 1188 2126; x_wconf 78' lang='lat' dir='ltr'>potuissemus⁷</span> <span class='ocrx_word' id='word_1_414' title='bbox 1215 2084 1245 2116; x_wconf 89' lang='lat' dir='ltr'>si</span> <span class='ocrx_word' id='word_1_415' title='bbox 1272 2094 1350 2116; x_wconf 90' lang='lat' dir='ltr'>non</span> <span class='ocrx_word' id='word_1_416' title='bbox 1378 2083 1470 2115; x_wconf 71' lang='lat' dir='ltr'>cet.“</span> <span class='ocrx_word' id='word_1_417' title='bbox 1499 2101 1541 2104; x_wconf 97' lang='lat'><strong>—</strong></span> <span class='ocrx_word' id='word_1_418' title='bbox 1570 2090 1658 2114; x_wconf 80' lang='lat' dir='ltr'>cau-</span> 
     </span>
     <span class='ocr_line' id='line_1_78' title="bbox 924 2128 1659 2172; baseline -0.003 -10"><span class='ocrx_word' id='word_1_419' title='bbox 924 2130 1004 2171; x_wconf 73' lang='lat' dir='ltr'>sas]</span> <span class='ocrx_word' id='word_1_420' title='bbox 1045 2129 1189 2170; x_wconf 81' lang='lat' dir='ltr'>„Quasi</span> <span class='ocrx_word' id='word_1_421' title='bbox 1223 2130 1268 2162; x_wconf 91' lang='lat' dir='ltr'>de</span> <span class='ocrx_word' id='word_1_422' title='bbox 1301 2129 1532 2172; x_wconf 79' lang='lat' dir='ltr'>problemate</span> <span class='ocrx_word' id='word_1_423' title='bbox 1566 2128 1659 2172; x_wconf 72' lang='lat' dir='ltr'>phy-</span> 
     </span>
     <span class='ocr_line' id='line_1_79' title="bbox 926 2174 1659 2217; baseline -0.003 -8"><span class='ocrx_word' id='word_1_424' title='bbox 926 2177 1002 2209; x_wconf 88' lang='lat' dir='ltr'>sico</span> <span class='ocrx_word' id='word_1_425' title='bbox 1029 2176 1290 2209; x_wconf 87' lang='lat' dir='ltr'>disserendum</span> <span class='ocrx_word' id='word_1_426' title='bbox 1316 2178 1435 2217; x_wconf 78' lang='lat' dir='ltr'>esset,</span> <span class='ocrx_word' id='word_1_427' title='bbox 1459 2175 1505 2208; x_wconf 93' lang='lat' dir='ltr'>de</span> <span class='ocrx_word' id='word_1_428' title='bbox 1532 2174 1659 2208; x_wconf 80' lang='lat' dir='ltr'>cujus-</span> 
     </span>
     <span class='ocr_line' id='line_1_80' title="bbox 927 2222 1659 2267; baseline -0.003 -11"><span class='ocrx_word' id='word_1_429' title='bbox 927 2233 999 2266; x_wconf 91' lang='lat' dir='ltr'>que</span> <span class='ocrx_word' id='word_1_430' title='bbox 1036 2222 1108 2256; x_wconf 90' lang='lat' dir='ltr'>cibi</span> <span class='ocrx_word' id='word_1_431' title='bbox 1145 2222 1431 2267; x_wconf 84' lang='lat' dir='ltr'>praeparatione</span> <span class='ocrx_word' id='word_1_432' title='bbox 1468 2222 1659 2266; x_wconf 86' lang='lat' dir='ltr'>huiusque</span> 
     </span>
     <span class='ocr_line' id='line_1_81' title="bbox 926 2269 1658 2314; baseline -0.003 -11"><span class='ocrx_word' id='word_1_433' title='bbox 926 2270 1061 2303; x_wconf 81' lang='lat' dir='ltr'>effectu</span> <span class='ocrx_word' id='word_1_434' title='bbox 1086 2280 1242 2314; x_wconf 88' lang='lat' dir='ltr'>operose</span> <span class='ocrx_word' id='word_1_435' title='bbox 1275 2269 1442 2314; x_wconf 81' lang='lat' dir='ltr'>agebat.“</span> <span class='ocrx_word' id='word_1_436' title='bbox 1470 2270 1658 2302; x_wconf 37' lang='lat' dir='ltr'>—xNatu-</span> 
     </span>
     <span class='ocr_line' id='line_1_82' title="bbox 925 2312 1660 2360; baseline -0.001 -11"><span class='ocrx_word' id='word_1_437' title='bbox 925 2317 1010 2360; x_wconf 73' lang='lat' dir='ltr'>ras]</span> <span class='ocrx_word' id='word_1_438' title='bbox 1047 2314 1113 2358; x_wconf 78' lang='grc' dir='ltr'>τὰς</span> <span class='ocrx_word' id='word_1_439' title='bbox 1138 2313 1344 2360; x_wconf 77' lang='grc' dir='ltr'><em>ποιότητας</em></span> <span class='ocrx_word' id='word_1_440' title='bbox 1369 2314 1538 2357; x_wconf 73' lang='grc' dir='ltr'><em>φυσικὰς</em></span> <span class='ocrx_word' id='word_1_441' title='bbox 1563 2312 1660 2348; x_wconf 76' lang='grc' dir='ltr'>,τάν-</span> 
     </span>
     <span class='ocr_line' id='line_1_83' title="bbox 928 2363 1659 2402; baseline 0 -6"><span class='ocrx_word' id='word_1_442' title='bbox 928 2374 1010 2401; x_wconf 76' lang='grc' dir='ltr'>των,</span> <span class='ocrx_word' id='word_1_443' title='bbox 1045 2364 1183 2398; x_wconf 90' lang='lat' dir='ltr'>bonine</span> <span class='ocrx_word' id='word_1_444' title='bbox 1218 2364 1297 2398; x_wconf 89' lang='lat' dir='ltr'>suci</span> <span class='ocrx_word' id='word_1_445' title='bbox 1329 2374 1376 2397; x_wconf 88' lang='lat' dir='ltr'>an</span> <span class='ocrx_word' id='word_1_446' title='bbox 1410 2364 1516 2402; x_wconf 83' lang='lat' dir='ltr'>mali,</span> <span class='ocrx_word' id='word_1_447' title='bbox 1550 2363 1659 2396; x_wconf 89' lang='lat' dir='ltr'>cuius</span> 
     </span>
     <span class='ocr_line' id='line_1_84' title="bbox 925 2411 1657 2455; baseline -0.004 -10"><span class='ocrx_word' id='word_1_448' title='bbox 925 2411 1058 2445; x_wconf 81' lang='lat' dir='ltr'>aetatis</span> <span class='ocrx_word' id='word_1_449' title='bbox 1100 2413 1212 2455; x_wconf 85' lang='lat' dir='ltr'>atque</span> <span class='ocrx_word' id='word_1_450' title='bbox 1251 2411 1410 2455; x_wconf 85' lang='lat' dir='ltr'>originis</span> <span class='ocrx_word' id='word_1_451' title='bbox 1449 2413 1586 2444; x_wconf 84' lang='lat' dir='ltr'>essent.</span> <span class='ocrx_word' id='word_1_452' title='bbox 1615 2429 1657 2432; x_wconf 97' lang='lat'><strong>—</strong></span> 
     </span>
     <span class='ocr_line' id='line_1_85' title="bbox 925 2456 1659 2500; baseline -0.003 -9"><span class='ocrx_word' id='word_1_453' title='bbox 925 2458 1008 2500; x_wconf 67' lang='lat' dir='ltr'>uua]</span> <span class='ocrx_word' id='word_1_454' title='bbox 1042 2458 1115 2491; x_wconf 80' lang='lat' dir='ltr'>Ubi</span> <span class='ocrx_word' id='word_1_455' title='bbox 1142 2458 1257 2492; x_wconf 87' lang='lat' dir='ltr'>semel</span> <span class='ocrx_word' id='word_1_456' title='bbox 1290 2459 1327 2491; x_wconf 93' lang='lat' dir='ltr'>in</span> <span class='ocrx_word' id='word_1_457' title='bbox 1355 2458 1522 2491; x_wconf 84' lang='lat' dir='ltr'>animum</span> <span class='ocrx_word' id='word_1_458' title='bbox 1547 2456 1659 2490; x_wconf 90' lang='lat' dir='ltr'>indu-</span> 
     </span>
     <span class='ocr_line' id='line_1_86' title="bbox 926 2504 1657 2539; baseline -0.004 0"><span class='ocrx_word' id='word_1_459' title='bbox 926 2508 1032 2539; x_wconf 86' lang='lat' dir='ltr'>xerat</span> <span class='ocrx_word' id='word_1_460' title='bbox 1066 2504 1293 2539; x_wconf 80' lang='lat' dir='ltr'>Nasidienus</span> <span class='ocrx_word' id='word_1_461' title='bbox 1330 2505 1446 2538; x_wconf 82' lang='lat' dir='ltr'>multa</span> <span class='ocrx_word' id='word_1_462' title='bbox 1483 2507 1520 2537; x_wconf 87' lang='lat' dir='ltr'>et</span> <span class='ocrx_word' id='word_1_463' title='bbox 1558 2514 1657 2537; x_wconf 87' lang='lat' dir='ltr'>sum-</span> 
     </span>
     <span class='ocr_line' id='line_1_87' title="bbox 927 2550 1660 2596; baseline -0.005 -10"><span class='ocrx_word' id='word_1_464' title='bbox 927 2555 1061 2596; x_wconf 80' lang='lat' dir='ltr'>ptuosa</span> <span class='ocrx_word' id='word_1_465' title='bbox 1085 2553 1230 2586; x_wconf 87' lang='lat' dir='ltr'>fercula</span> <span class='ocrx_word' id='word_1_466' title='bbox 1254 2563 1463 2596; x_wconf 85' lang='lat' dir='ltr'>apponere.</span> <span class='ocrx_word' id='word_1_467' title='bbox 1501 2551 1565 2584; x_wconf 84' lang='lat' dir='ltr'>tali</span> <span class='ocrx_word' id='word_1_468' title='bbox 1592 2550 1660 2582; x_wconf 92' lang='lat' dir='ltr'>im-</span> 
     </span>
     <span class='ocr_line' id='line_1_88' title="bbox 926 2596 1660 2643; baseline -0.005 -10"><span class='ocrx_word' id='word_1_469' title='bbox 926 2610 1045 2643; x_wconf 86' lang='lat' dir='ltr'>pensa</span> <span class='ocrx_word' id='word_1_470' title='bbox 1068 2600 1141 2633; x_wconf 88' lang='lat' dir='ltr'>iam</span> <span class='ocrx_word' id='word_1_471' title='bbox 1165 2600 1262 2634; x_wconf 81' lang='lat' dir='ltr'>facta</span> <span class='ocrx_word' id='word_1_472' title='bbox 1292 2599 1391 2632; x_wconf 89' lang='lat' dir='ltr'>haud</span> <span class='ocrx_word' id='word_1_473' title='bbox 1425 2599 1518 2631; x_wconf 87' lang='lat' dir='ltr'>levis</span> <span class='ocrx_word' id='word_1_474' title='bbox 1546 2596 1660 2630; x_wconf 83' lang='lat' dir='ltr'>offen-</span> 
     </span>
     <span class='ocr_line' id='line_1_89' title="bbox 929 2644 1661 2688; baseline -0.005 -8"><span class='ocrx_word' id='word_1_475' title='bbox 929 2657 970 2680; x_wconf 90' lang='lat' dir='ltr'>sa</span> <span class='ocrx_word' id='word_1_476' title='bbox 1006 2649 1105 2688; x_wconf 78' lang='lat' dir='ltr'>erat,</span> <span class='ocrx_word' id='word_1_477' title='bbox 1151 2657 1235 2680; x_wconf 90' lang='lat' dir='ltr'>cum</span> <span class='ocrx_word' id='word_1_478' title='bbox 1277 2646 1379 2680; x_wconf 86' lang='lat' dir='ltr'>cibos</span> <span class='ocrx_word' id='word_1_479' title='bbox 1421 2648 1495 2678; x_wconf 84' lang='lat' dir='ltr'>tam</span> <span class='ocrx_word' id='word_1_480' title='bbox 1538 2644 1661 2677; x_wconf 82' lang='lat' dir='ltr'>lautos</span> 
     </span>
     <span class='ocr_line' id='line_1_90' title="bbox 928 2691 1659 2737; baseline -0.005 -10"><span class='ocrx_word' id='word_1_481' title='bbox 928 2694 1055 2737; x_wconf 90' lang='lat' dir='ltr'>sperni</span> <span class='ocrx_word' id='word_1_482' title='bbox 1112 2704 1134 2727; x_wconf 93' lang='lat' dir='ltr'>a</span> <span class='ocrx_word' id='word_1_483' title='bbox 1189 2693 1354 2727; x_wconf 81' lang='lat' dir='ltr'>convivis</span> <span class='ocrx_word' id='word_1_484' title='bbox 1411 2691 1563 2724; x_wconf 86' lang='lat' dir='ltr'>videret.</span> <span class='ocrx_word' id='word_1_485' title='bbox 1616 2709 1659 2713; x_wconf 92' lang='lat'>—</span> 
     </span>
    </p>
   </div>
  </div>
 </body>
</html>
