1774 2930
175 134 260 175 534

295 234 411 277 Saxa
440 249 613 277 movere
646 248 751 276 sono
782 234 1010 277 testudinis
1043 239 1086 278 et
1115 250 1243 292 prece
1272 236 1443 292 blanda,

837 134 1046 169 HORATII

1610 239 1701 280 395.

292 305 463 348 Ducere
495 319 578 361 quo
610 305 753 348 vellet.
799 304 902 347 Fuit
933 305 1040 348 haec
1071 307 1284 363 sapientia
1314 307 1545 363 quondam,

291 376 473 418 Publica
502 376 680 431 privatis
714 390 957 430 secernere,
991 390 1114 419 sacra
1142 377 1353 433 profanis,

293 446 534 489 Concubitu
565 447 792 502 prohibere
814 461 953 502 vago,
986 447 1088 490 dare
1119 448 1214 490 iura
1243 449 1428 502 maritis,

294 516 465 573 Oppida
496 517 655 571 moliri,
686 518 805 573 leges
837 517 1026 560 incidere
1056 518 1198 574 ligno:

293 587 364 629 Sic
394 587 531 630 honor
562 592 604 631 et
634 602 791 631 nomen
823 588 977 630 divinis
1008 589 1177 631 vatibus
1210 594 1338 645 atque

1606 591 1695 632 400

293 658 563 701 Carminibus
596 660 726 701 venit.
773 659 880 700 Post
910 659 989 701 hos
1021 659 1203 715 insignis
1234 659 1449 702 Homerus

294 729 593 786 Tyrtaeusque
623 743 764 772 mares
797 730 961 771 animos
994 730 1039 771 in
1068 730 1226 772 Martia
1254 730 1371 772 bella

293 799 502 842 Versibus
535 800 728 854 exacuit3
762 800 900 842 dictae
931 814 1009 856 per
1041 801 1230 843 carmina
1259 805 1416 854 sortes,

291 869 350 911 Et
379 871 494 913 vitae
524 874 762 913 monstrata
791 871 862 913 via
893 875 976 924 est3
1009 875 1051 913 et
1083 872 1222 926 gratia
1250 885 1401 927 regum

292 940 449 984 Pieriis
479 945 645 984 tentata
674 941 829 994 modis,
861 941 1073 997 ludusque
1103 947 1299 998 repertus

1606 942 1694 983 405

292 1010 351 1053 Et
379 1012 604 1068 longorum
636 1026 814 1068 operum
844 1012 963 1053 finis:
996 1027 1051 1054 ne
1082 1012 1191 1055 forte
1222 1012 1375 1068 pudori

176 1190 289 1222 urbis.
339 1188 505 1223 Externa
531 1188 685 1233 quidem
711 1189 911 1232 utriusque

175 1235 350 1270 lectionis
376 1236 582 1269 auctoritas
605 1246 723 1280 prope
748 1246 816 1279 par
843 1238 910 1269 est.

223 1284 425 1316 396—401.
450 1284 604 1316 Publica
623 1282 707 1326 cet.]
732 1282 777 1316 In
804 1286 911 1327 quat-

174 1332 261 1363 tuor
286 1341 427 1375 genera
459 1331 529 1364 hoc
562 1341 675 1364 versu
708 1332 913 1364 memorata

177 1387 306 1411 omnes
344 1388 406 1411 res
442 1377 705 1421 partiebantur
738 1376 910 1411 Romani.

180 1443 221 1448 ——
251 1425 599 1467 Concubitu-vaoo]
630 1424 911 1468 „promiscuo“;

177 1471 259 1506 sine
275 1471 465 1505 connubio
481 1475 583 1506 certo
598 1474 636 1505 et
654 1471 791 1513 stabili,
809 1471 911 1505 unde

175 1527 342 1552 venerem
369 1520 546 1552 incertam
574 1522 683 1552 vocat
709 1518 783 1552 Sat.
813 1522 852 1560 1,
878 1520 910 1561 3,

178 1568 256 1599 109.
277 1585 319 1589 -
338 1567 426 1598 dare
451 1567 538 1599 iura
563 1565 721 1608 maritis]
749 1568 809 1607 „et
830 1566 910 1599 viro

176 1615 214 1646 et
250 1613 421 1655 mulieri3
460 1623 545 1646 cum
582 1613 645 1646 lex
680 1613 910 1647 matrimonii

176 1660 323 1694 stabilis
348 1660 656 1694 constitueretur.
675 1679 718 1684 —
739 1660 832 1701 leues
856 1662 912 1692 in-

177 1708 294 1740 cidere
322 1707 436 1750 liqno]
465 1707 618 1750 „Aereis
645 1707 745 1741 enim
770 1707 910 1741 tabulis

176 1754 325 1798 antiqui
344 1765 420 1788 non
440 1757 530 1788 sunt
547 1755 619 1796 usi,
645 1754 711 1788 sed
728 1754 909 1788 roboreis.

175 1801 221 1833 In
247 1802 314 1834 has
340 1801 560 1835 incidebant
577 1801 693 1846 leges,
720 1801 821 1834 unde
848 1800 911 1834 ad-

176 1848 251 1881 huc
267 1847 426 1882 Athenis
451 1848 576 1893 legum
602 1848 751 1882 tabulae
777 1843 911 1888 ἄξονες

178 1895 236 1936 (et
260 1894 436 1941 κύρβεις)
462 1896 679 1929 vocantur-‘⁴
710 1894 911 1927 PORPHYR.

179 1941 273 1975 Gell.
293 1943 326 1984 2,
348 1944 401 1983 12,
422 1944 460 1975 1:
488 1950 582 1983 quae
609 1942 727 1986 (leges
745 1941 911 1983 Solonis)

179 1990 325 2022 Athenis
351 1990 482 2022 aoeibu‘s
510 1990 637 2030 tiqneis
662 1990 800 2022 incisae
817 1991 912 2021 sunt.

178 2036 255 2070 Cfr.
292 2036 392 2069 Plut.
433 2035 507 2070 Sol.
546 2038 602 2069 25.
628 2053 675 2059 -
704 2036 762 2069 Sic
799 2037 913 2068 honor

179 2083 264 2125 cet]
293 2083 521 2125 „Posteritas
547 2083 731 2117 beneficia
757 2093 779 2116 a
803 2083 911 2124 Lino,

178 2129 350 2174 Orpheo,
377 2129 530 2164 Musaeo
557 2130 769 2174 ceterisque
796 2130 912 2164 sacris

178 2178 256 2211 illis
283 2177 440 2211 deorum
458 2176 731 2221 interpretibus
759 2180 913 2221 accepta

178 2228 284 2269 grato
304 2225 428 2259 animo
448 2235 658 2270 agnoscens
678 2235 741 2258 eos
759 2224 912 2258 immor-

178 2272 315 2306 talitati
341 2272 609 2306 consecravit.“

227 2320 427 2353 401-407.
454 2321 536 2352 Post
562 2320 624 2352 hos
651 2318 736 2360 cet.]
762 2318 796 2351 Α
820 2318 913 2352 vati-

178 2366 248 2399 bus
274 2366 459 2410 mythicis,
485 2376 580 2410 quos
607 2365 644 2399 di
669 2365 912 2409 inspirarant,

178 2413 317 2446 transit
341 2413 388 2446 ad
412 2413 608 2446 historiam
634 2413 759 2457 poiisis
787 2415 911 2446 certae

178 2469 221 2494 ac
246 2470 356 2494 verae
382 2459 482 2503 apud
509 2460 697 2502 Graecos,
732 2459 798 2493 sed
823 2470 911 2503 poe-

178 2507 301 2549 ticam,
325 2506 364 2540 id
383 2506 483 2551 quod
501 2508 726 2551 interpretes
744 2506 911 2541 nondum

179 2554 269 2588 satis
283 2556 580 2598 perspexerunt3
600 2564 678 2587 eam
698 2554 794 2596 dico,
813 2564 910 2597 quae

179 2601 350 2635 liberiori
367 2601 529 2645 poemati
553 2601 780 2635 didascalico
799 2601 911 2634 unice

180 2649 409 2682 conveniret.
435 2667 482 2672 -
508 2648 698 2690 Tyrtaeus]
723 2647 838 2682 Notas
865 2640 910 2681 de

180 2705 223 2728 eo
265 2695 412 2730 fabulas
453 2695 515 2729 hic
563 2695 714 2739 copiose
756 2698 912 2728 narrant

961 1188 1213 1230 scholiastae,
1255 1199 1351 1232 quas
1387 1189 1559 1232 repetere
1596 1187 1694 1221 nihil

960 1236 1105 1270 attinet.
1148 1235 1308 1275 Quintil.
1335 1238 1391 1276 10,
1420 1238 1452 1277 1,
1477 1236 1546 1268 56:
1573 1235 1694 1276 Quia?

960 1284 1141 1316 Horatius
1188 1284 1332 1324 trustra
1378 1284 1575 1323 Tyrtaeum
1615 1283 1694 1315 Ho-

959 1338 1059 1363 mero
1083 1331 1295 1371 sutn'unoit?
1321 1348 1366 1353 —
1390 1338 1511 1363 mares
1536 1328 1692 1372 animos]

959 1376 1016 1411 De
1035 1377 1196 1422 Tyrtaeo
1213 1376 1449 1419 Atheniensi,
1475 1376 1541 1420 qui
1566 1375 1607 1409 in
1633 1385 1691 1410 se-

961 1424 1085 1458 cundo
1095 1424 1196 1458 bello
1205 1422 1393 1458 Messenio
1409 1422 1603 1468 Spartanis
1617 1422 1693 1456 dux

960 1471 1098 1505 missus
1125 1473 1198 1513 est,
1222 1471 1394 1505 Iustinus
1420 1472 1458 1513 3,
1484 1471 1517 1513 5,
1543 1472 1584 1504 9:
1611 1478 1692 1503 car-

959 1520 1062 1551 mina
1095 1519 1274 1552 exercitui
1300 1527 1372 1560 pro
1405 1519 1570 1551 contione
1600 1518 1692 1550 reci-

961 1567 1071 1604 tavit,-
1108 1567 1148 1598 in
1184 1567 1314 1606 quibus
1351 1566 1583 1598 hortamenta
1617 1565 1692 1597 vir-

960 1614 1056 1655 tutis,
1083 1614 1304 1646 damnorum
1324 1613 1474 1654 solatia,
1499 1612 1585 1645 belli
1609 1619 1692 1644 con-

958 1661 1046 1693 sil-ta
1071 1660 1344 1701 conscripserat.
1363 1678 1407 1682 —
1426 1658 1556 1701 sortes]
1576 1657 1691 1700 „Ora-

961 1707 1049 1741 cula
1096 1706 1280 1750 imprimis
1328 1706 1512 1750 Delphica
1560 1702 1689 1738 dicit.“

961 1753 1100 1787 Gnoss.
1148 1755 1271 1787 Sortes
1303 1753 1403 1786 enim
1437 1762 1524 1786 suas
1556 1751 1691 1784 Fortu-

959 1811 1092 1834 narum
1116 1800 1447 1833 Praenestinarum
1475 1801 1588 1842 atque
1613 1797 1691 1831 An-

958 1847 1177 1881 tiatinarum
1223 1846 1385 1880 Romani
1434 1845 1482 1880 ad
1530 1845 1692 1879 Graeco-

961 1905 1045 1927 rum
1064 1894 1218 1927 oracula
1239 1893 1512 1927 transferentes
1529 1893 1622 1926 haec
1638 1891 1693 1926 ita

961 1941 1154 1974 interdum
1186 1940 1469 1984 nuncupabant.
1520 1938 1626 1973 Conf.
1657 1949 1691 1972 v,

962 1989 1042 2021 219.
1057 2007 1100 2011 —
1113 1989 1210 2021 vitae
1227 1990 1428 2021 monstrata
1444 1988 1506 2020 via
1523 1986 1587 2029 est]
1604 1987 1692 2029 poe--¹

961 2035 1069 2080 matis
1120 2034 1359 2068 didascalicis
1405 2036 1443 2068 et
1488 2033 1691 2079 gnomicis;

962 2081 1150 2127 significat
1213 2081 1439 2123 Hesiodum,
1504 2081 1692 2122 Solonem,

962 2129 1235 2174 Theognidem,
1268 2128 1512 2173 Phocylidem
1544 2130 1614 2163 cet.
1648 2145 1690 2150 --

961 2178 1086 2217 aratia
1117 2184 1245 2217 remam
1279 2175 1363 2218 cet.]
1398 2174 1460 2209 Sic
1490 2174 1692 2216 Pindarus,

963 2222 1191 2262 Simonides,
1217 2222 1476 2267 Bacchylides,
1500 2220 1692 2263 Hieronis,

962 2270 1147 2304 Theronis
1160 2270 1397 2314 aliorumque
1410 2269 1623 2314 principum
1638 2267 1692 2301 vi-

961 2328 1090 2351 rorum
1122 2317 1288 2357 favorem
1319 2316 1548 2351 carminibus
1575 2314 1691 2349 ambi-

961 2367 1108 2398 verunt.
1137 2383 1179 2388 —
1206 2364 1359 2406 Pieriis]
1386 2363 1462 2397 cfr.
1488 2362 1558 2397 Od.
1584 2364 1624 2402 3,
1657 2364 1692 2403 4,

961 2414 1017 2445 40.
1040 2431 1079 2434 —-
1103 2411 1293 2453 ludusque]
1314 2410 1515 2466 „remissio
1526 2412 1564 2443 et
1589 2409 1690 2443 oble-

960 2458 1073 2492 ctatio
1099 2458 1309 2492 animorum
1327 2469 1395 2502 per
1412 2457 1545 2502 poesin
1572 2455 1692 2490 sceni-

961 2516 1040 2539 cam
1065 2506 1105 2538 in
1122 2505 1314 2550 Dionysiis
1340 2507 1421 2546 τοῖς
1443 2503 1524 2536 κατ’
1550 2499 1692 2550 ἀγροὺς

961 2563 1088 2586 mense
1105 2552 1316 2587 Posideone
1335 2552 1379 2594 (s
1398 2550 1613 2592 Decembri)
1632 2559 1692 2583 ce-

962 2600 1136 2642 lebratis,
1171 2610 1266 2643 quae
1301 2598 1414 2632 simul
1448 2608 1603 2642 operum
1629 2607 1691 2629 ru-

961 2647 1142 2681 sticorum
1175 2646 1287 2679 finem
1319 2644 1541 2679 faciebant.“
1570 2663 1612 2667 —
1643 2645 1692 2676 Et

963 2695 1152 2736 tonqorum
1170 2692 1254 2735 cet]
1283 2693 1346 2735 „in
1363 2692 1475 2726 finem
1493 2691 1691 2736 longorum
