1774 2930
639 153 735 189 Lm.
757 153 788 188 1.
834 151 989 188 1312181.
1013 151 1077 187 VI.

1526 152 1612 194 297

218 256 364 299 Mutus
394 260 452 310 et,
483 255 719 311 indignum,
750 254 863 311 quod
894 254 951 296 sit
979 253 1200 310 peioribus
1231 256 1349 295 ortus

218 326 306 370 Hic
332 327 413 369 tibi
442 327 500 368 sit
529 327 672 383 potius
704 339 832 382 quam
862 330 910 366 tu
938 324 1148 367 mirabilis
1180 324 1258 366 illi.

221 397 438 454 Quidquid
467 397 547 439 sub
577 401 692 440 terra
722 400 803 449 est,
834 397 879 438 in
909 396 1099 452 apricum
1129 394 1319 451 proferet
1349 399 1490 448 aetas3

218 467 423 511 Defodiet
451 468 687 524 condetque
717 467 911 509 nitentia.
949 465 1058 508 Cum
1088 465 1199 508 bene
1228 469 1378 508 notum

1557 465 1614 506 25

219 539 417 582 Porticus
446 539 668 595 Agrippae
698 542 742 581 et
771 538 843 580 via
870 541 915 580 te
946 537 1219 593 conspexerit
1247 536 1383 593 Appi,

220 609 289 652 Ire
318 614 463 652 tamen
491 613 639 663 restat,
670 608 812 651 Numa
841 622 925 665 quo
956 607 1129 650 devenit
1157 611 1202 650 et
1232 607 1392 650 Ancus.

222 679 270 722 Si
298 681 410 723 latus
442 685 515 723 aut
546 694 671 723 renes
701 679 850 721 morbo
880 683 1102 721 tentantur
1132 682 1269 731 acuto,

199 811 256 844 22.
280 811 435 852 nuceas,
460 811 652 852 §numum
675 809 766 843 Lct.

105 923 149 928 -
174 903 315 947 mus]
350 904 460 938 homo
498 903 671 949 ignotus;
707 902 836 937 fictum

102 961 188 986 esse
219 961 356 986 nomen
390 962 467 986 non
504 950 626 985 credo.
674 950 716 984 P.
738 950 837 983 Ar.-

104 1005 296 1032 nvnvs
320 997 362 1035 P.
386 997 427 1032 F.
450 997 634 1031 Mvrva
654 999 711 1032 est
733 996 836 1042 apud

106 1044 213 1079 Grut.
238 1046 570 1086 302,1.—eme1at
594 1044 709 1088 aur-is]
734 1054 835 1078 nunc

101 1086 207 1135 ἅπαξ
228 1089 447 1136 λεγόμενον,
479 1094 621 1135 „metat
638 1103 684 1126 ex
699 1092 835 1137 agris-⁴⁶

103 1138 182 1173 Gfr.
207 1139 283 1174 Sat.
307 1141 342 1181 2,
367 1141 400 1182 2,
425 1140 489 1173 77:
515 1148 606 1173 cena
630 1141 836 1181 desumere

106 1187 198 1220 105.
234 1188 394 1220 emetiris
430 1195 571 1220 acervo.
623 1185 696 1220 Sat.
730 1190 769 1229 1,
802 1188 836 1228 4,

104 1234 170 1267 32:
193 1242 335 1267 summa
351 1234 558 1275 deperdere.
574 1252 616 1257 -—
629 1234 837 1276 indiqnum]

105 1283 150 1314 ut
172 1280 262 1314 alibi
285 1282 431 1322 nurum,
455 1281 604 1322 malum,
629 1282 743 1322 netas,
768 1291 836 1324 per

107 1327 425 1369 exclamationem,
450 1327 625 1361 videlicet
649 1338 694 1360 ex
718 1327 837 1360 invidi

134 1384 281 1407 ersona.
329 1373 391 1406 Sic-
425 1373 531 1407 Ovid.
554 1374 637 1408 Am.
672 1376 711 1415 1,
737 1377 778 1415 6,
807 1377 837 1407 1.

148 1422 197 1454 et.
222 1422 262 1463 5,
286 1422 343 1454 37.
369 1439 412 1444 -
435 1422 618 1462 peioribus
642 1421 763 1464 orcus]
798 1421 838 1454 id

108 1469 186 1510 est,
224 1466 533 1509 „obscurioribus
564 1479 677 1512 quam
707 1470 748 1501 tu
772 1478 838 1511 pa-

107 1513 312 1548 rentibus.“
361 1514 465 1548 Pers.
491 1517 524 1556 6,
551 1517 614 1548 14:
643 1516 723 1548 Etsi
747 1516 838 1549 adeo

107 1562 430 1595 annuntiaverit
454 1563 552 1595 orti
571 1563 836 1605 peioribus,

104 1617 220 1649 utque
253 1610 323 1642 cet.
346 1628 393 1645 ,-
422 1609 624 1652 mirabilis]
660 1606 837 1652 ζηλωτός,

108 1654 274 1700 „dignus
298 1666 410 1700 quem
434 1655 654 1690 admirere.“
703 1656 837 1701 Respi-

106 1701 159 1736 cit
181 1701 229 1736 ad
252 1713 286 1735 v.
313 1704 352 1736 1:
377 1703 441 1736 Nil
464 1704 655 1745 admirari.

153 1773 274 1806 24-27
300 1774 484 1815 Quidquid
508 1773 593 1817 cet.]
626 1773 838 1808 Sententia-

106 1829 191 1852 rum
214 1830 353 1854 nexus:
380 1820 572 1863 „Verum
561 1832 601 1854 m
618 1821 718 1855 hoc
707 1832 837 1855 immo-

105 1865 235 1900 derato
259 1867 359 1901 lucri
384 1868 507 1902 studio
532 1868 572 1901 id
597 1879 748 1913 qnoque
779 1879 838 1903 so-

106 1912 188 1947 lent
204 1913 376 1948 oblivisci
397 1915 582 1959 plerique,
606 1916 707 1949 fluxa
724 1919 762 1950 et
778 1926 838 1950 c&

106 1959 203 1993 duca
228 1961 353 1994 omnia
377 1972 471 2003 esse,
496 1972 593 2006 quae
611 1963 743 2007 volgus
767 1974 836 2007 pro

106 2007 262 2040 summis
301 2008 411 2041 bonis
451 1999 574 2042 babet.
632 2009 756 2053 Atque
797 2014 839 2043 ut

107 2054 287 2087 continuo
321 2065 438 2088 novae
470 2056 664 2088 hominum
697 2059 837 2090 aetates

109 2099 286 2133 oriuntur
318 2104 355 2134 et
385 2112 431 2134 ex
454 2104 577 2135 terrae
602 2103 744 2146 gremio
770 2114 837 2136 no-

107 2156 176 2179 vae
202 2157 349 2191 semper
374 2158 464 2192 opes
490 2148 720 2182 effodiuntur
752 2160 837 2183 rur-

109 2202 249 2238 susque
272 2197 452 2238 pereunt,
486 2196 540 2228 sic
565 2196 631 2239 qui
656 2206 759 2229 nunc
783 2196 839 2229 vi-

108 2244 220 2282 vunt,
254 2251 340 2274 mox
376 2241 566 2283 occident,
604 2253 700 2286 quae
735 2253 838 2277 nunc

108 2287 308 2331 splendent
341 2291 378 2322 et
406 2289 605 2334 magnifica
634 2289 837 2331 ducuntur,

108 2333 214 2368 brevi
232 2334 536 2370 obscurabuntur
553 2340 591 2370 et
614 2336 837 2370 interibunt.

107 2379 188 2415 Hoc
212 2385 253 2415 tu
275 2393 469 2427 nunquam
491 2383 725 2426 obliviscere,
750 2387 792 2417 ut
815 2395 838 2417 a

107 2428 238 2462 morbo
270 2428 337 2462 illo
363 2441 453 2474 opes
485 2430 706 2464 corradendi
741 2431 838 2464 liber

107 2485 271 2509 maneas.
317 2475 554 2511 Moriendum
593 2478 660 2511 tibi
695 2481 771 2520 est,
805 2478 837 2511 si

107 2522 308 2566 aequaeles
326 2524 382 2557 tui
399 2528 436 2558 te
453 2525 513 2558 vel
533 2526 690 2558 maxime
708 2535 838 2569 suspe-

107 2569 243 2603 xerint.
248 2570 265 2588 ‘⁴
285 2569 428 2626 Soph.
452 2571 547 2605 Aiax
572 2574 659 2605 646:
679 2568 838 2605 ’Ἀπανιφ

170 2627 250 2658 μακ
363 2615 652 2665 κάναρίθαητος
699 2616 840 2666 χοόνος

110 2657 196 2694 Φύει
229 2665 260 2696 τ’
291 2660 414 2707 ἄδηλα
444 2667 510 2698 καὶ
542 2668 711 2707 φανέντα
749 2663 839 2721 κρύ-

110 2716 248 2742 πτεται.
279 2711 327 2744 Μ.
351 2712 565 2747 Antoninus
590 2716 623 2755 9,
648 2715 716 2747 28.
749 2711 840 2746 ταῦ-

885 899 932 936 τά
964 902 1048 936 ἐστι
1080 900 1127 935 τὰ
1156 903 1224 936 τοῦ
1250 898 1401 945 κόσμου
1426 899 1620 947 ἐγκύκλια,

883 946 963 983 ἅνω
995 946 1110 989 κάτω,
1145 948 1188 992 ἐξ
1223 949 1365 992 αἰῶνος
1398 951 1452 992 εἰς
1487 961 1620 983 mma.

884 993 1026 1040 --Ηδη
1060 994 1204 1038 πάντας
1233 994 1337 1041 ἡμᾶς
1366 997 1416 1041 γῆ
1440 993 1619 1039 καλύψει·

883 1041 1013 1078 ἔπειτα
1036 1047 1101 1078 καὶ
1132 1042 1230 1088 αὐτὴ
1260 1043 1479 1087 μεταβαλεῖ.
1506 1063 1549 1068 —-
1580 1046 1621 1078 in

884 1092 1065 1136 apricum]
1097 1092 1167 1134 „in
1184 1091 1620 1136 apertum.“PORP11YR.

886 1159 929 1163 —
952 1141 1038 1173 bene
1062 1139 1202 1182 notum]
1231 1139 1321 1184 quia
1346 1138 1516 1184 quotidie
1541 1139 1621 1173 fere

884 1186 939 1221 ibi
980 1190 1017 1220 te
1054 1186 1308 1220 ambulantem
1345 1186 1476 1220 vident
1517 1186 1620 1220 cives

885 1234 954 1267 tui.
969 1253 1011 1257 —
1030 1235 1196 1267 Porticus
1220 1234 1422 1277 Aur-imme]
1446 1233 1639 1268 Porticus·

883 1279 1051 1324 ‘Neptuni
1101 1291 1130 1314 s.
1171 1280 1477 1325 Argonautarum
1526 1281 1621 1323 (cfr.

885 1327 1068 1361 Heinrich
1099 1328 1146 1361 ad
1176 1327 1307 1361 Iuven.
1334 1329 1367 1370 6,
1394 1327 1489 1369 153.)
1527 1339 1549 1361 a
1572 1326 1622 1361 M.

885 1375 1053 1419 Agrippa
1076 1386 1110 1408 a.
1137 1386 1174 1408 u.
1200 1385 1231 1408 c.
1258 1376 1338 1408 729.
1368 1377 1561 1409 exstructa
1586 1377 1624 1409 et

885 1422 1044 1466 picturis
1078 1432 1207 1456 rerum
1232 1421 1279 1455 ab
1303 1422 1534 1467 Argonautis
1560 1432 1624 1466 ge-

886 1472 1029 1503 starum
1062 1471 1251 1503 exornata.
1302 1469 1396 1512 (Dio
1430 1468 1533 1504 Cass.
1566 1470 1623 1512 53,

886 1517 958 1558 27.)
993 1515 1070 1550 Sub
1095 1516 1166 1550 hac
1196 1516 1418 1560 frequenter
1442 1515 1622 1550 deambu-

886 1563 1014 1598 labant
1027 1562 1479 1607 RomanL———via—Appi]
1504 1563 1622 1608 Epod.

885 1612 920 1652 4,
948 1612 1003 1644 14.
1045 1609 1121 1644 Sat.
1148 1613 1180 1652 1,
1205 1611 1240 1652 ξι,
1265 1613 1298 1644 6.
1339 1610 1622 1655 Frequentaba-

886 1660 947 1690 tur
984 1668 1133 1702 semper
1165 1668 1188 1691 a
1221 1657 1402 1691 divitibus
1439 1658 1479 1691 in
1512 1658 1622 1693 villas

885 1715 974 1739 suas
1010 1715 1079 1749 per
1113 1704 1355 1749 Campaniam
1392 1705 1483 1739 sitas
1520 1716 1622 1739 com-

885 1751 1109 1786 meantibus.
1136 1771 1178 1775 —
1205 1753 1327 1786 Numa
1343 1771 1359 1778 -
1376 1770 1391 1776 -
1407 1752 1557 1795 Ancus]
1594 1753 1622 1786 ii

884 1799 987 1833 inter
1018 1810 1146 1844 reges,
1184 1810 1346 1844 quorum
1377 1809 1465 1833 cara
1487 1799 1623 1834 Roma-

885 1846 946 1880 nis
979 1847 1133 1880 nomina
1165 1847 1269 1880 velut
1304 1847 1345 1880 in
1378 1847 1622 1891 proverbium

885 1893 1067 1927 abierant.
1092 1893 1177 1927 vid.
1202 1894 1250 1927 ad
1276 1893 1344 1927 Od.
1369 1896 1404 1936 4,
1429 1895 1463 1936 7,
1490 1896 1546 1927 15.

934 1966 990 1997 28.
1000 1966 1057 1998 29.
1069 1966 1108 1998 Si
1123 1966 1218 1997 lalus
1231 1967 1296 1997 aut
1309 1973 1413 1997 renes
1427 1965 1515 2007 cet.]
1530 1964 1621 1999 Sen-

885 2011 1090 2044 tentiarum
1115 2022 1234 2045 nexus
1260 2011 1323 2045 hic
1347 2015 1423 2045 est:
1462 2012 1621 2054 „Quem-

885 2057 1103 2099 admodum,
1152 2058 1219 2091 ubi
1269 2059 1440 2102 eorporis
1488 2059 1619 2093 morbo

886 2105 1063 2146 tentaris,
1097 2105 1265 2138 remedia
1301 2105 1370 2138 tibi
1402 2106 1622 2149 quaerenda

887 2153 993 2191 sunt,
1011 2161 1107 2195 quae
1126 2151 1381 2185 valetudinem
1397 2152 1621 2187 restituant:

887 2197 942 2230 sic
964 2197 1029 2230 ubi
1054 2198 1288 2232 intellexeris
1311 2199 1428 2232 solam
1444 2199 1620 2234 virtutem

886 2244 1023 2277 ducere
1056 2244 1103 2277 ad
1136 2248 1239 2279 recte
1276 2246 1461 2290 beateque
1493 2247 1621 2281 viven-

886 2290 987 2333 dum,
1010 2292 1107 2325 hanc
1125 2295 1280 2326 strenue
1297 2296 1453 2327 sectare.
1480 2293 1621 2329 Contra

886 2338 918 2371 si
944 2349 1126 2372 summum
1152 2339 1292 2373 bonum
1318 2340 1358 2373 in
1376 2341 1544 2375 externis
1562 2352 1621 2375 re-

885 2384 957 2418 bus
982 2386 1147 2429 positum
1170 2389 1293 2431 putas,
1324 2388 1460 2421 sivein
1477 2387 1619 2422 divitiis

886 2432 957 2473 (vv,
982 2435 1151 2475 31-48.),
1177 2435 1255 2467 sive
1281 2434 1322 2467 in
1348 2435 1557 2469 honoribus
1583 2438 1621 2470 et

885 2479 1006 2533 gratia
1029 2481 1203 2524 populari
1230 2482 1309 2523 (vv.
1336 2482 1502 2523 49-55.)‚
1540 2482 1618 2516 sive

884 2526 925 2559 in
949 2527 1051 2560 victu
1076 2538 1188 2572 quam
1213 2528 1424 2563 lautissimo
1458 2530 1529 2569 (vv.
1556 2531 1619 2562 56-

886 2572 970 2617 64),
996 2574 1074 2608 sive
1097 2574 1137 2608 in
1161 2576 1352 2609 amoribus
1379 2577 1451 2618 (w.
1470 2578 1530 2608 65-
1533 2575 1620 2617 67.,)

885 2621 1043 2665 agedum
1080 2621 1148 2656 has
1184 2633 1245 2656 res
1287 2622 1545 2677 amplecteref
1574 2641 1616 2645 —

888 2668 984 2701 lalus
1000 2671 1066 2702 aut
1081 2669 1199 2712 renes]
1225 2669 1412 2715 πλευρῖτις
1436 2666 1461 2712 ἢ
1487 2674 1619 2716 ιεφρῖ-

886 2725 953 2756 τις.
1001 2715 1102 2749 Idem
1135 2716 1345 2750 versiculus
1383 2719 1440 2750 est
1473 2715 1549 2750 Sat.
1584 2718 1617 2758 2,
