1774 2930
665 151 758 185 LIB.
781 150 830 184 Π.
879 149 982 185 SAT.
1005 149 1053 184 11.

1536 150 1616 192 147

227 253 432 296 Sordibus
464 267 491 295 a
519 252 639 295 tenui
668 251 785 294 victu
814 250 1010 300 distabit,
1042 249 1182 293 Ofella

226 324 393 367 Iudice:
427 337 527 366 nam
557 322 715 364 frustra
744 321 895 363 vitium
924 320 1125 364 vitaveris
1155 319 1278 375 illud,

227 394 275 437 Si
310 398 355 437 te
385 394 468 437 alio
498 407 678 450 pravum
708 392 951 435 detorseris

1013 390 1269 445 Avidienus,
1564 392 1619 433 55

229 465 311 508 Oui
343 464 473 507 Canis
506 479 561 507 ex
590 477 693 506 vero
724 463 884 505 dictum
914 475 1149 518 cognomen
1179 461 1398 516 adhaeret,

229 528 535 592 Quinquennes
568 535 684 577 oleas
717 536 783 576 est
814 536 856 576 et
886 532 1098 575 silvestria
1129 546 1274 587 corna,

228 606 293 649 Ac
322 607 406 647 nisi
436 609 645 648 mutatum
674 604 812 661 parcit
842 602 1074 646 defundere
1104 604 1251 646 vinum
1284 607 1347 658 et,

231 677 362 719 Cuius
395 676 568 718 odorem
598 675 681 718 olei
712 687 899 731 nequeas
930 674 1140 730 perferre,
1172 675 1317 718 licebit

228 747 305 790 Ille
335 747 520 803 repotia,
552 746 715 788 natales
748 745 908 787 aliosve
938 744 1103 788 dierum

1565 745 1620 786 60

228 817 382 861 Festos
413 818 579 867 albatus
611 815 815 870 celebret,
848 829 978 857 cornu
1006 816 1101 872 ipse
1131 815 1274 858 bilibri

207 941 266 974 53.
293 940 429 984 Ofella]
453 939 550 975 Vide
575 939 622 974 ad
646 950 680 973 v.
706 941 739 973 2.
756 957 804 963 —
823 939 881 972 55.
903 947 1040 979 pravus
1066 950 1111 973 ex
1135 949 1211 974 11110
1238 938 1327 974 Cod.
1352 938 1575 974 Bersmanni

158 986 352 1022 Bentleius
378 990 416 1022 et
438 986 486 1020 Μ.
514 1006 557 1011 -
584 989 640 1021 56.
674 988 812 1021 dictum
842 985 963 1019 nostri
995 989 1032 1021 et
1055 986 1268 1021 Bentleiani
1302 997 1449 1029 omnes,
1482 986 1553 1020 LtJ
1566 997 1574 1020 :

159 1035 306 1068 ductum
329 1045 350 1068 e
377 1034 464 1068 Cod.
490 1034 664 1068 Blandin.
691 1032 887 1078 antiquiss.
914 1031 962 1076 O,
994 1033 1189 1069 Bentleius
1215 1034 1316 1078 (coll.
1343 1033 1450 1068 Ovid.
1475 1033 1573 1069 Fast.

161 1083 192 1124 1,
218 1082 327 1124 4672),
351 1081 429 1115 ΕΜ.
457 1101 499 1106 -
525 1083 582 1116 58.
608 1082 806 1122 diffundere
831 1078 961 1124 bSp,C.

109 1191 248 1216 nerosa
283 1181 350 1215 illa
386 1184 424 1216 et
459 1182 729 1227 magnanima“,
767 1191 843 1214 non

112 1229 196 1262 sine
234 1228 330 1263 comi
369 1229 526 1273 quadam
563 1229 704 1270 ironia,
748 1239 843 1272 quae

113 1275 239 1309 elucet
275 1275 335 1310 vel
371 1286 416 1310 ex
448 1286 540 1310 sono
575 1276 697 1309 exitus
736 1275 844 1319 epici.

114 1321 260 1355 Ennius
297 1334 333 1367 p.
373 1325 452 1356 135.
489 1322 641 1356 Hessel:
688 1324 846 1363 Optuma

114 1377 197 1401 cum
226 1369 388 1410 pulchris
420 1370 551 1402 animis
584 1371 754 1402 Romana
786 1370 845 1402 iu-

113 1417 253 1448 ventus.
302 1414 409 1450 Cons.
434 1415 503 1449 Od.
529 1418 562 1458 4,
587 1419 619 1458 4,
646 1418 702 1450 46.

164 1486 283 1518 53-56.
325 1485 488 1528 „Verum
513 1495 597 1519 cum
622 1486 779 1520 invehor
804 1485 844 1519 111

114 1531 250 1565 nimias
267 1533 463 1577 epularum
481 1532 647 1575 deficias,
665 1543 741 1567 non
758 1543 846 1577 pro-

115 1581 245 1622 pterea
268 1578 459 1613 sordidum
490 1579 629 1614 vict-um
659 1590 846 1614 commen-

113 1624 183 1668 do,
216 1625 281 1660 sed
312 1626 532 1671 simplicem.
582 1626 719 1661 Sordes
745 1627 844 1661 enim

115 1682 193 1706 non
217 1673 342 1707 minus
373 1673 576 1718 fugiendae
610 1677 699 1708 sunt
732 1685 844 1718 quam

114 1719 319 1763 profusio.“
335 1739 379 1745 —
391 1722 566 1754 Sordidus
579 1730 603 1754 a
617 1722 718 1754 tenui
733 1721 844 1764 victu]

117 1766 287 1810 „Eadem
334 1769 433 1812 (qua
466 1767 621 1810 Graeci)
670 1768 844 1802 libertate

114 1815 248 1857 poetae
265 1813 391 1848 Latini
409 1815 587 1860 primario
606 1815 750 1848 nomini
766 1816 844 1849 for-

115 1870 213 1894 mam
250 1862 465 1896 secundarii
506 1862 670 1896 reddunt
709 1863 845 1906 partim

113 1908 227 1941 metri
252 1919 353 1953 ergo,
377 1909 514 1953 partim
531 1909 730 1943 variandae
758 1920 845 1944 con-

116 1955 350 1989 structionis.
375 1956 525 1990 Lucret.
541 1959 571 1998 1,
590 1958 678 1990 8051
695 1958 747 1990 sic
763 1958 846 1990 aliis

118 2002 218 2035 aliae
241 2003 348 2035 rebus
372 2006 575 2036 vertuntur.
616 2003 671 2037 Id.
698 2005 731 2045 2,
757 2006 845 2038 470:

115 2049 232 2081 mixta
258 2057 391 2090 aspera
417 2051 548 2083 levibus
572 2052 784 2092 principiis,
811 2054 847 2084 et

118 2094 155 2127 11.
180 2094 206 2128 1.
229 2095 441 2130 Horatius.‘'·
483 2097 645 2130 Losscx
668 2097 715 2130 ad
734 2097 846 2141 Soph.

117 2140 222 2174 Aiac.
246 2153 284 2186 p.
310 2144 390 2176 201.
415 2143 482 2176 Ed.
508 2143 571 2176 alt.
606 2143 711 2176 Oonf.
737 2144 779 2176 A.
805 2143 846 2177 P.

120 2189 200 2222 2⁷3.
224 2207 271 2212 —
298 2190 419 2230 Ofella
444 2190 588 2232 Iudice]
616 2190 763 2232 „iudice
790 2201 846 2224 sa-

117 2235 263 2278 piente,
301 2236 426 2280 qualis
450 2237 539 2278 fuit,
574 2247 684 2281 quem
710 2248 847 2271 memo-

119 2282 219 2324 ravi,
261 2281 417 2317 Ofella.“
457 2303 500 2307 -—
535 2293 694 2325 pravum
730 2286 847 2318 delor-

117 2329 229 2372 seris]
279 2332 321 2363 ut
362 2330 548 2364 Salustius
598 2333 848 2364 transvorsum

120 2384 228 2417 avere
253 2376 346 2410 dixit
368 2377 448 2422 Iug.
476 2380 508 2411 6.
535 2380 572 2411 et
598 2380 652 2411 14.
678 2378 764 2412 Est:
793 2378 847 2419 „si

119 2422 194 2456 alio
227 2426 263 2456 te
295 2423 350 2457 ita
381 2424 602 2467 detorseris,
636 2428 678 2459 ut
710 2436 848 2469 pravus

119 2468 219 2503 fias.“
269 2469 409 2504 Eodem
434 2473 470 2505 h.
496 2472 521 2506 1.
547 2473 732 2506 schemate
757 2483 848 2506 usus

121 2519 179 2549 est
202 2520 313 2561 atque
337 2518 444 2552 Hom.
469 2518 513 2551 Il.
538 2518 575 2558 β,
599 2521 688 2552 416;
718 2516 850 2552 Ἑκτό-

163 2574 208 2596 ον
225 2563 265 2596 δὲ
281 2565 423 2605 χιτῶνα
448 2566 531 2612 περὶ
555 2563 744 2610 στήθεσσι
767 2566 850 2599 δαΐ-

120 2573 185 2651 {eac
197 2610 339 2657 Χαλκῷ
363 2609 568 2659 ῥωγαλέον.
583 2632 626 2636 -
640 2614 849 2657 Avidienus]

122 2666 255 2691 avarus
281 2659 419 2703 aliquis
444 2660 614 2704 ignotus;
648 2671 784 2694 nomen
809 2660 850 2694 fi-

123 2705 222 2736 ctum
247 2715 323 2739 non
349 2709 417 2748 est,
443 2710 485 2739 ut
507 2707 637 2740 volunt
662 2707 849 2750 nonnulli,

892 1179 1044 1214 ridiculi
1069 1191 1182 1215 causa
1206 1181 1360 1215 ductum
1385 1192 1407 1216 a
1423 1192 1457 1215 v.
1481 1183 1621 1223 avidus,

893 1227 993 1272 quod
1034 1229 1175 1272 primae
1223 1228 1388 1273 syllabae
1431 1229 1622 1273 quantitas

892 1285 969 1308 non
1007 1275 1190 1309 concedit.
1225 1294 1269 1299 -
1305 1275 1431 1318 canis]
1468 1279 1622 1320 propter

893 1322 1166 1355 immunditiam
1183 1332 1226 1356 ac
1245 1322 1386 1356 sordes.
1403 1341 1439 1346 -—
1460 1332 1506 1356 ecc
1520 1322 1623 1366 vero]

894 1379 939 1402 ex
962 1369 1044 1412 ipsa
1070 1369 1152 1402 eius
1186 1369 1281 1411 vita,
1319 1369 1442 1414 qualis
1467 1380 1509 1403 re
1535 1380 1623 1404 vera

894 1417 983 1457 erat.
1026 1415 1098 1449 Sal.
1124 1415 1204 1461 Iug.
1230 1418 1294 1450 78:
1336 1418 1466 1457 quibus
1491 1425 1623 1451 nomen

894 1472 939 1496 ex
962 1471 1002 1496 re
1026 1464 1192 1496 inditum.
1240 1463 1363 1497 Plaut.
1389 1463 1502 1498 Stich.
1531 1466 1562 1506 1,
1589 1466 1623 1507 3,

894 1511 956 1543 88:
992 1511 1098 1543 Nunc
1127 1512 1371 1552 Miccotroaus
1408 1512 1552 1544 nomine
1579 1521 1624 1546 ex

892 1565 978 1590 vero
1002 1565 1123 1590 vocor.
1150 1577 1193 1580 —
1219 1558 1374 1601 dictum]
1408 1562 1450 1591 ut
1483 1557 1622 1601 καλεῖν,

892 1600 1160 1647 ἐπονομάζειν,
1209 1604 1331 1649 λέγειν
1371 1601 1497 1648 ὄνομά
1540 1616 1623 1639 τινι.

892 1651 973 1684 Liv.
1001 1655 1032 1693 1,
1059 1654 1097 1685 1:
1137 1653 1254 1694 Stirps
1278 1653 1405 1694 virilis,
1432 1654 1490 1690 cui
1514 1654 1622 1687 Asca-

892 1700 994 1731 nium
1015 1702 1185 1740 parentes
1210 1701 1338 1733 darem
1363 1708 1503 1733 nomen.

940 1770 1075 1803 57-62.
1127 1771 1380 1811 Quinquennes
1418 1771 1517 1803 oleas
1556 1771 1622 1814 est]

895 1814 1028 1857 „Oleas
1053 1817 1226 1851 rancidas
1253 1821 1289 1851 et
1312 1817 1483 1861 putridas
1509 1817 1621 1852 edit.“

892 1862 1000 1896 Ultra
1025 1874 1164 1897 annum
1190 1865 1331 1898 servari
1358 1865 1420 1898 vix
1452 1868 1622 1909 possunt.

896 1911 1146 1954 ——matatimq
1164 1921 1331 1955 vappam,
1358 1910 1466 1945 οἶνον
1492 1912 1624 1959 ἐκτρο-

895 1958 995 1990 aiau.
1013 1977 1059 1982 —
1074 1958 1209 2001 parcit]
1237 1962 1412 2003 „propter
1438 1961 1622 2003 parcimo-

894 2005 994 2038 niam
1028 2016 1223 2049 nunquam
1254 2006 1359 2040 aliud
1392 2006 1519 2040 vinum
1549 2007 1623 2040 nisi

894 2051 1116 2085 vilissimum
1154 2052 1282 2086 bibit.“
1327 2072 1370 2076 —-
1412 2054 1623 2096 defundere]

894 2108 940 2131 ex
965 2098 1055 2131 cado
1081 2099 1120 2131 in
1139 2102 1321 2132 crateram
1345 2103 1458 2143 atque
1484 2111 1529 2133 ex
1554 2101 1624 2134 hac

894 2145 933 2177 in
970 2145 1117 2188 pocula.
1142 2165 1187 2169 —
1214 2148 1321 2179 caius
1358 2148 1502 2179 odorem
1540 2147 1625 2191 olei]

897 2191 1061 2234 „oleum,
1100 2193 1207 2226 cuius
1238 2193 1391 2227 odorem
1417 2195 1529 2236 cet.“;
1563 2205 1624 2229 ea-

895 2238 979 2271 dem
1012 2239 1252 2282 attractione,
1291 2251 1366 2285 qua
1401 2240 1623 2276 Terentius:

895 2287 1033 2326 Populo
1066 2289 1105 2319 ut
1136 2288 1324 2327 placerent
1360 2297 1451 2328 quas
1484 2290 1624 2330 fecisset

895 2333 1053 2373 fabulas.
1103 2333 1304 2379 Virgilius:
1350 2336 1477 2368 Urbem
1515 2345 1625 2376 quam

894 2382 1016 2412 statuo
1049 2383 1167 2413 vestra
1193 2385 1253 2414 est.
1304 2381 1409 2415 Conf.
1447 2382 1563 2426 Epod.
1591 2386 1624 2425 2,

897 2428 952 2460 37.
981 2446 1022 2449 —
1051 2428 1388 2471 licebit--celebreq
1415 2428 1522 2463 ovid.
1547 2429 1624 2463 Me-

896 2475 984 2507 tam.
1014 2476 1068 2515 14,
1094 2476 1180 2508 355:
1213 2477 1296 2509 Non
1321 2479 1441 2509 lamen
1467 2479 1624 2517 effuqies,

896 2523 1000 2553 vento
1024 2523 1175 2562 rapiare
1211 2523 1345 2565 licebit,
1378 2524 1416 2557 Si
1441 2525 1543 2556 modo
1569 2532 1624 2556 me

896 2569 990 2600 novi.
1040 2567 1144 2602 00111·-
1182 2569 1298 2613 Epod.
1327 2572 1389 2612 15,
1418 2573 1472 2603 19.
1499 2589 1543 2593 —-
1569 2579 1624 2602 re-

895 2615 1010 2657 potia]
1038 2615 1244 2657 „Postridie
1270 2617 1421 2660 nuptias
1440 2616 1539 2660 apud
1558 2628 1624 2650 no-

898 2672 984 2694 vum
1014 2663 1185 2696 maritum
1216 2667 1384 2705 cenatur,
1411 2664 1499 2707 quia
1517 2664 1624 2707 quasi

898 2708 1065 2742 reficitur
1077 2711 1252 2754 potatio.“
1267 2710 1415 2743 Frsrns
1430 2713 1467 2744 et
1476 2710 1623 2744 Pomm.
