1774 2930
157 142 244 184 488

822 144 1029 180 HORATII

272 242 514 287 Ludentem
543 244 715 298 lasciva,
749 259 946 288 severum
978 246 1090 289 seria
1121 247 1251 290 dictu.
1318 299 1321 301 ‚
1446 296 1450 299 ,

270 314 447 357 Format
476 314 591 358 enim
621 319 774 358 natura
804 317 923 372 prius
954 331 1032 359 nos
1064 318 1179 360 intus
1212 319 1266 361 ad
1297 333 1467 362 omnem

270 384 557 428 Fortunarum
588 386 803 441 habitum;
836 387 954 430 iuvat
986 392 1058 430 aut
1088 389 1272 446 impellit
1302 390 1356 433 ad
1386 391 1494 434 iram

270 457 359 498 Aut
390 457 444 499 ad
474 458 650 499 humum
682 472 875 501 maerore
907 460 1026 515 gravi
1058 459 1229 502 deducit
1261 465 1304 503 et
1336 462 1478 518 angit,

1589 463 1672 504 110

268 527 375 569 Post
407 528 531 571 effert
563 529 696 571 animi
727 533 867 571 motus
900 530 1134 586 interprete
1165 532 1325 588 lingua.

269 598 316 640 Si
347 598 527 642 dicentis
561 604 684 643 erunt
716 600 897 643 fortunis
931 601 1094 644 absona
1124 601 1257 656 dicta,

267 669 450 712 Romani
480 671 632 714 tollent
663 672 831 728 equites
864 672 1119 729 peditesque
1151 673 1418 716 cachinnum.

266 740 469 784 Intererit
500 743 681 784 multum
713 742 893 786 divusne
925 744 1123 800 loquatur
1155 759 1210 787 an
1241 744 1382 799 heros,

247 885 324 917 113.
351 885 558 926 equitesque
581 887 779 926 patresque
807 885 1107 928 („librariorum
1132 886 1273 931 populo
1300 887 1426 921 valere
1451 886 1587 922 iusso“
1608 887 1622 930 )

195 930 401 965 Bentleius.
430 951 472 955 -
503 934 579 965 114.
617 933 763 966 divosne
790 933 948 977 antiqua
973 933 1162 978 scriptura
1186 933 1240 976 B,
1277 935 1454 976 divusque
1479 934 1530 977 E,
1567 936 1620 972 di-

193 987 304 1012 vusne
330 989 516 1023 superser.
541 989 584 1021 a,
618 982 660 1013 ut
685 980 733 1014 sit
757 982 944 1022 Davusne,
979 980 1078 1023 ch,
1112 983 1148 1014 et
1172 983 1346 1016 Davusne
1371 981 1470 1015 LFJ.
1498 1001 1542 1006 —
1569 990 1620 1015 an

195 1026 311 1069 heros]
338 1035 388 1059 an
405 1028 524 1060 Heros
551 1027 609 1070 (ut
631 1027 703 1061 hoc
728 1038 879 1072 quoque
906 1027 1005 1062 servi
1032 1028 1081 1062 sit
1106 1029 1258 1071 nomen)
1285 1029 1325 1071 F,
1351 1030 1492 1062 Erosne
1509 1029 1619 1064 Lam-

194 1073 308 1107 binus
333 1074 564 1108 coniectura.

149 1205 343 1238 Ludentem
370 1204 526 1247 lasciva]
567 1204 756 1247 „hilarem
780 1205 882 1239 ioco-

930 1205 1043 1250 Legg.
1069 1207 1102 1247 3,
1128 1207 1161 1248 3,
1187 1207 1228 1239 7:
1255 1206 1425 1240 Censores
1441 1223 1457 1230 -
1474 1224 1490 1231 -
1507 1206 1670 1247 equitum

148 1251 220 1285 sa.“
248 1269 295 1275 —
318 1260 485 1285 severum
508 1252 621 1295 seria]
661 1251 792 1295 „Inter
827 1261 882 1286 se·
927 1254 1163 1294 peditumque
1223 1253 1365 1294 prolem
1430 1254 1670 1286 describunto.

145 1300 223 1332 rius
249 1302 286 1332 et
309 1307 454 1333 severus
478 1300 548 1334 hoc
566 1299 796 1334 discriminis
815 1302 882 1342 est,

145 1348 187 1380 ut
223 1347 327 1391 prius
360 1347 438 1381 fere
474 1358 621 1392 semper
648 1347 795 1381 dicatur
835 1346 882 1381 de

144 1393 278 1436 rebus,
319 1394 508 1438 posterius
546 1395 591 1429 de
629 1393 881 1429 hominibus.“

143 1440 397 1476 Ruhnkenius
438 1442 486 1476 ad
527 1442 678 1476 Terent.
716 1442 813 1476 Eun.
849 1444 882 1485 3,

146 1490 178 1531 3,
205 1490 236 1522 7.

195 1538 363 1571 108-113.
389 1538 538 1571 Format
557 1538 653 1571 enim
671 1536 756 1579 cet]
784 1536 881 1571 Con-

143 1582 265 1617 firmat
290 1584 521 1628 praecedens
554 1587 797 1629 praeceptum
821 1584 881 1618 his

143 1630 286 1665 verbis:
316 1631 486 1674 „Veritas
512 1635 638 1667 autem
664 1633 756 1666 haec
773 1629 883 1675 ἠθῶν

144 1679 209 1711 καὶ
236 1679 371 1711 παθῶν
396 1690 418 1714 a
435 1679 545 1714 bonis
563 1680 685 1724 poetis
702 1679 881 1724 religiose

144 1729 292 1760 servata
328 1727 388 1761 vel
424 1726 510 1761 ideo
554 1726 772 1761 necessaria
814 1729 882 1769 est,

145 1774 247 1817 quod
284 1774 495 1807 animorum
532 1774 683 1808 habitus
721 1775 757 1807 01
794 1774 881 1807 affe-

145 1823 227 1854 ctus
265 1821 423 1855 maxime
460 1822 628 1865 pendent
665 1831 708 1855 ac
741 1823 880 1864 tempe-

144 1870 278 1902 rantur
327 1868 373 1902 ab
419 1868 583 1903 externis
633 1878 880 1912 personarum

142 1914 326 1958 fortunis;
369 1926 465 1960 quae
505 1916 691 1959 cuiusque
728 1915 882 1948 fortuna

144 1972 228 1996 cum
266 1964 355 1996 nota
393 1963 442 1997 sit
479 1962 774 2007 spectatoribus,
812 1972 880 1996 suo

142 2010 225 2047 iure
251 2010 463 2054 postulant,
497 2012 550 2051 ut,
576 2021 673 2055 quae
698 2009 881 2054 loquitur,

143 2067 229 2091 cum
268 2057 463 2092 affectibus
499 2058 563 2092 tali
601 2057 756 2091 fortuna
793 2067 882 2091 con-

143 2105 268 2139 citatis
307 2116 465 2149 prorsus
504 2107 741 2149 congruant:
780 2103 881 2149 quod

142 2153 182 2185 ni
220 2153 277 2194 fit,
314 2152 444 2187 fabula
469 2152 717 2197 exploditur.“
746 2171 789 2175 —
819 2153 882 2185 ha-

143 2200 277 2242 bitum]
318 2202 486 2243 „statum
513 2202 550 2234 et
583 2199 879 2234 condicionem.“

143 2246 206 2280 Sic
247 2247 414 2281 Iuvenal.
462 2250 502 2290 9,
546 2249 617 2280 18:
667 2248 881 2288 Deprendas

143 2296 258 2327 animi
295 2297 476 2328 tormenta
516 2295 660 2328 latentis
695 2296 734 2327 in
768 2302 880 2335 aeqro

143 2343 319 2383 Corpore,
378 2343 582 2383 deprendas
634 2344 666 2375 et
716 2342 881 2382 aaudia:

141 2391 250 2422 sumit
284 2392 479 2430 utrumque
506 2391 596 2423 Inde
629 2390 792 2422 habitum
823 2389 880 2429 sa-

145 2437 224 2470 cies.
252 2438 423 2470 —iuvat
458 2437 549 2479 cet]
602 2435 696 2478 „Vel
737 2436 881 2469 laetitia

145 2494 213 2518 nos
254 2483 385 2526 afficit,
437 2484 494 2517 vel
535 2483 701 2529 01111311.ιι
735 2502 779 2507 -
813 2484 880 2516 tol-

145 2531 524 2573 lent--cachinnum]
552 2530 629 2564 Cic.
655 2531 702 2564 de
727 2530 818 2564 Fato
845 2531 879 2572 5,

145 2580 211 2611 10:
237 2580 277 2611 in
315 2587 385 2620 quo
420 2579 626 2611 Alcibiades
664 2578 880 2611 cachinnum

142 2627 276 2659 dicitur
312 2626 509 2659 sustulisse.
538 2644 578 2648 -
609 2626 743 2665 equites
778 2626 878 2666 pedi-

143 2673 278 2716 tesque]
310 2673 378 2707 Est
402 2673 518 2706 veluti
543 2672 705 2706 formula
730 2672 880 2706 univer-

143 2730 204 2754 sos
232 2720 399 2759 Quirites
425 2719 690 2764 complectens.
733 2718 807 2753 Cic.
834 2719 879 2752 de

932 1299 1011 1333 Liv.
1039 1301 1079 1342 1,
1111 1301 1175 1334 44:
1215 1301 1346 1333 Omnes
1383 1300 1474 1334 cives
1510 1301 1672 1333 Romani

932 1347 1066 1388 equites
1119 1348 1340 1388 peditesque.
1413 1347 1487 1381 Per
1546 1347 1671 1382 iocum

930 1394 1088 1428 Plautus
1113 1394 1228 1428 Poen.
1254 1396 1296 1438 4,
1322 1395 1362 1437 2,
1390 1397 1451 1428 10:
1489 1395 1669 1438 Equitem,

929 1443 1104 1484 peditem,
1134 1443 1362 1484 libertinum,
1394 1443 1514 1484 furem
1539 1450 1590 1475 an
1613 1443 1671 1484 su-

931 1490 1082 1530 qitivum
1105 1490 1206 1523 velis.
1227 1508 1270 1513 —
1286 1489 1437 1532 pedites]
1469 1489 1667 1532 „tenuiore

931 1536 1014 1570 loco
1053 1536 1165 1570 orti.“
1215 1535 1311 1570 Nam
1348 1535 1460 1570 etiam
1495 1536 1669 1571 homines

931 1583 977 1618 de
1003 1584 1112 1629 volgo
1147 1584 1356 1629 sympathia
1387 1583 1479 1618 tacti
1515 1594 1670 1628 persen-

930 1631 1093 1674 tiscunt,
1132 1634 1259 1665 utrum
1293 1631 1450 1666 affectus
1483 1633 1586 1666 recte
1620 1641 1669 1666 an

931 1689 1041 1713 secus
1067 1678 1236 1723 expressi
1265 1678 1341 1713 siut
1365 1689 1387 1712 a
1411 1679 1533 1723 poeta.

980 1727 1058 1759 114.
1084 1727 1255 1759 Intererit
1279 1726 1436 1759 multum
1461 1724 1556 1767 001.]
1589 1724 1667 1758 Iam

931 1783 1015 1806 cum
1041 1773 1081 1805 in
1099 1772 1254 1806 affectus
1278 1772 1499 1814 animorum,
1524 1771 1565 1804 in
1584 1782 1668 1806 sen—

930 1819 1084 1860 tentias,
1111 1829 1205 1863 quas
1230 1818 1430 1863 proferunt
1453 1818 1668 1853 fabularum

929 1877 1134 1911 personae,
1168 1868 1282 1911 atque
1315 1866 1355 1899 in
1387 1865 1513 1909 ipsum
1537 1866 1667 1900 cuius-

931 1924 1005 1958 que
1028 1923 1213 1958 personae
1238 1924 1358 1959 genus
1384 1912 1536 1947 dicendi
1560 1923 1669 1957 prae-

930 1963 988 1994 ter
1021 1961 1240 1994 mutabilem
1271 1960 1463 1994 fortunam
1495 1971 1668 2005 magnam

930 2008 1004 2041 vim
1038 2010 1210 2042 exerceat
1243 2008 1354 2042 etiam
1391 2010 1507 2050 aetas,
1545 2018 1666 2051 sexus,

930 2055 1028 2089 vitae
1054 2066 1193 2101 genus,
1219 2055 1352 2099 stirps,
1378 2056 1499 2097 natio,
1525 2055 1667 2089 cautio-

930 2114 1033 2146 num,
1069 2114 1165 2147 quae
1192 2113 1237 2136 ex
1261 2102 1321 2136 his
1347 2102 1667 2136 dissimilitudini-

930 2150 1000 2185 bus
1027 2151 1209 2191 oriantur,
1235 2150 1410 2184 admonet
1425 2149 1584 2184 Pisones
1609 2159 1667 2183 vv.

932 2199 1128 2232 113—118.
1163 2197 1305 2231 Verum
1330 2196 1567 2242 perdifficilis
1594 2196 1668 2231 ori-

930 2247 992 2279 tur
1025 2245 1214 2290 quaestio,
1253 2246 1338 2278 utra
1374 2243 1486 2278 lectio
1522 2243 1668 2289 praefe-

929 2292 1047 2326 renda
1073 2293 1132 2334 811,
1158 2293 1308 2325 divusne
1335 2292 1508 2332 loquatur
1533 2299 1583 2324 an
1606 2292 1667 2324 he-

930 2349 1008 2382 ros,
1046 2350 1094 2374 an
1129 2341 1301 2373 Davusne
1336 2340 1508 2379 loquatur
1533 2346 1583 2371 an
1608 2339 1667 2371 he-

928 2397 1008 2430 ros;
1043 2398 1129 2421 nam
1155 2388 1384 2428 ceterarum,
1410 2396 1507 2430 quae
1533 2385 1593 2419 vel
1625 2385 1665 2419 in

929 2437 1090 2468 metrum
1130 2436 1307 2478 peccant,
1349 2435 1391 2466 ut
1431 2435 1602 2467 Davusne
1640 2433 1663 2465 l.

929 2491 978 2515 an
1026 2483 1145 2515 Heros
1208 2481 1329 2523 (servi
1380 2490 1517 2514 nomen
1567 2480 1667 2514 esset

927 2531 1032 2572 Eros,
1058 2529 1178 2573 prima
1199 2527 1334 2569 brevi),
1359 2528 1419 2561 vel
1443 2526 1663 2561 manifestae

928 2575 1211 2621 interpolationi
1252 2575 1459 2617 debentur,
1504 2574 1547 2607 ut
1588 2574 1664 2606 Da-

927 2633 1039 2657 vusne
1081 2624 1255 2664 loquatur
1297 2623 1435 2654 Erosne
1486 2619 1664 2662 (Lamb.),

927 2673 1101 2704 Davusne
1141 2671 1314 2710 loquatur
1351 2670 1506 2702 herusne
1540 2666 1663 2711 (Lan-

929 2718 1045 2760 din.),
1086 2719 1230 2751 divesne
1275 2717 1445 2757 loquatur
1485 2723 1536 2749 an
1577 2716 1664 2748 Irus
