1774 2930
149 141 234 183 396

270 241 333 284 Te
367 241 524 295 solum,
556 241 635 282 tibi
667 240 858 296 pulcher.
905 238 975 280 Ad
1005 239 1112 280 haec
1143 252 1223 294 ego
1255 238 1429 280 naribus
1461 238 1525 279 uti

619 139 826 173 HORATII
849 137 1197 173 EPISTOLARUM

1610 233 1684 278 45'

267 312 470 354 Formido
503 316 564 364 et,
596 311 795 353 luctantis
829 314 952 352 acuto
985 324 1039 352 ne
1071 323 1191 352 secer
1222 309 1377 365 ungui,

268 383 479 439 Displicet
509 383 590 425 iste
622 383 760 435 locus,
794 382 950 434 clamo,
983 384 1025 423 et
1057 380 1218 422 diludia
1248 394 1391 436 posco.

267 454 415 495 Ludus
448 454 563 496 enim
593 453 742 508 genuit
773 452 988 508 trepidum
1020 455 1235 494 certamen
1267 454 1310 493 et
1341 451 1470 503 iram,

268 525 337 567 Ira
366 529 508 566 truces
541 524 786 566 inimicitias
821 528 862 566 et
894 522 1073 565 funebre
1106 522 1279 564 bellum.

673 700 1008 744 EPISTOLA
1037 700 1154 742 XX.

271 784 552 826 Vertumnum
584 784 838 839 Ianumque,
870 782 998 835 liber,
1033 786 1226 838 spectare
1257 781 1435 835 videris,

152 919 316 949 manant.
354 914 476 948 Etiam
501 914 541 946 in
567 925 679 958 prosa
706 913 886 947 oratione.

152 962 250 996 Plin.
276 962 321 994 H.
348 962 391 994 N.
420 963 481 1003 14,
515 963 579 1002 20,
607 963 670 994 25:
704 962 888 994 Arborum

151 1018 257 1043 succo
294 1010 524 1043 manantium
560 1010 676 1049 picem
708 1009 888 1041 ‘resinam-

154 1066 223 1098 que
259 1060 327 1090 cet.
379 1056 440 1090 Sic
475 1055 565 1089 alibi
600 1057 706 1097 llere,
744 1063 887 1096 rorare,

153 1106 275 1146 fluere,
303 1112 504 1145 erumpere.
525 1122 566 1126 -—
591 1104 737 1144 poe'iica
760 1101 887 1144 mella]

153 1151 305 1185 Lucret.
334 1154 372 1193 1,
399 1153 488 1184 945:
514 1151 614 1183 volui
641 1151 704 1183 tibi
728 1149 889 1182 suavilo-

155 1200 278 1240 quemi
329 1199 496 1232 Carmine
538 1198 662 1230 Pierio
710 1198 891 1230 rationem

155 1254 335 1288 eoeponere
373 1248 537 1278 nostram
568 1246 614 1277 Et
653 1245 759 1285 quasi
795 1252 891 1276 mu-

151 1302 256 1327 saeo
274 1294 373 1326 dulci
390 1294 596 1333 com-inqere
613 1292 755 1324 mello.
782 1289 891 1323 Pind.

155 1341 303 1385 Fragm.
332 1342 421 1373 163:
457 1335 797 1372 Μελισσοῖεύκτων
822 1349 894 1381 κη-

155 1389 247 1436 ρίων
270 1385 366 1429 'Eud
392 1383 671 1434 γλυκερώτερος
696 1381 822 1428 ὀμφά.
849 1404 891 1409 ——

155 1437 220 1469 libi
242 1435 418 1477 pulcher]
455 1434 620 1477 „Iudicio
648 1437 711 1467 tuo
739 1436 892 1467 conten-

138 1486 219 1517 ,tus
245 1486 281 1516 te
317 1482 440 1527 ipsum
467 1481 632 1515 laudas.“
660 1481 863 1514 PORPHYR.

205 1531 326 1563 45-47.
352 1531 505 1562 naribus
523 1529 591 1572 uli]
621 1529 773 1569 „sannis
799 1528 894 1561 vitu-

155 1578 371 1622 perantium
399 1577 487 1610 uti-⁰·
514 1576 665 1609 PORPH.
691 1575 797 1609 Conf.
818 1573 895 1608 Sat.

160 1628 199 1666 1,
234 1628 274 1664 6,
308 1627 352 1658 5:
395 1632 484 1657 naso
522 1624 710 1665 suspendis
749 1624 890 1655 adunco

158 1673 320 1713 Ionoios.
371 1671 446 1705 Sat.
474 1673 514 1712 2,
548 1673 588 1712 8,
615 1673 682 1704 64:
724 1670 891 1702 ‘Balatro

157 1721 381 1760 suspendens
408 1720 532 1751 omnia
550 1727 651 1751 naso.
680 1717 773 1750 Onm
798 1717 891 1750 haec

157 1769 272 1810 atque
299 1766 388 1800 talia
411 1766 536 1806 audio,
562 1765 691 1799 nescio
719 1774 794 1808 qua
818 1764 893 1797 for-

160 1814 300 1846 midine
334 1813 534 1856 perculsus
570 1812 646 1854 (ait
678 1812 759 1843 naz'
786 1811 894 1856 εἰρω-

160 1861 288 1901 νείαν)
323 1861 435 1894 timeo
462 1870 572 1892 nares
599 1869 824 1902 corrugare,
854 1857 893 1890 id

160 1911 238 1950 est,
276 1909 404 1951 aperte
439 1909 547 1951 gestu
582 1905 782 1948 verbisque
815 1904 893 1937 illis

161 1955 431 1995 demonstrare,
459 1956 690 1997 quantopere
717 1962 780 1986 eos
807 1962 894 1985 con-

162 2004 343 2043 temnam,
371 2004 418 2042 et,
446 2012 493 2034 ne
512 2001 607 2034 male
630 2011 688 2033 me
715 1999 893 2040 mulcent,

163 2061 274 2094 quam
315 2049 509 2082 celerrime
544 2058 716 2091 possum,
756 2046 803 2080 iis
837 2056 894 2079 me

164 2096 378 2131 subtraho.“
407 2115 450 2120 —-
480 2095 673 2137 luctantis]
702 2104 781 2136 „me
808 2092 895 2126 ado-

163 2144 298 2178 rientis
332 2154 553 2187 mecumque
589 2140 895 2183 contendentis;“

164 2193 284 2236 imago
326 2191 444 2235 petita
486 2191 532 2223 ab
580 2190 731 2223 athletis
772 2187 897 2232 potius

166 2250 276 2283 quam
304 2250 326 2272 a
351 2237 632 2282 gladiatoribus.
660 2255 704 2259 —-
730 2238 838 2269 acuto
855 2253 898 2260 --

165 2286 302 2328 miqui]
331 2285 572 2329 significatur
607 2283 827 2327 iniquorum
853 2282 899 2314 li-

166 2344 231 2366 vor
266 2336 379 2377 atque
405 2332 548 2366 malitia
581 2329 825 2364 detestabilis.
853 2348 896 2352 —-

166 2381 339 2421 Displicet
363 2382 429 2412 isle
457 2378 576 2421 locus]
612 2378 718 2419 „ubi,
751 2379 792 2410 ut
817 2387 897 2410 car-

166 2428 269 2460 mina
281 2437 364 2460 mea
376 2427 541 2468 recitem,
557 2436 620 2459 vos
635 2425 764 2467 voltis;
782 2424 898 2468 probe

169 2474 270 2509 enim
287 2473 488 2518 praevideo
507 2473 598 2514 fore,
626 2479 667 2505 ut
686 2471 899 2505 clanculum

165 2524 298 2566 postea
323 2521 362 2554 in
397 2531 454 2553 me
481 2522 519 2553 et
543 2521 582 2552 in
613 2530 694 2552 mea
719 2519 900 2552 invehan-

169 2572 231 2602 tur
258 2569 527 2602 obtrectatores
553 2567 660 2600 mei.“
691 2585 732 2589 ——
759 2567 901 2599 diludia

166 2615 291 2658 posco]
321 2614 495 2657 „Diludia
521 2613 698 2647 dicuntur
723 2616 902 2656 tempora,

172 2674 270 2707 quae
322 2661 594 2707 gladiatoribus
646 2659 904 2693 conceduntur

169 2711 269 2744 inter
302 2710 382 2743 dies
407 2719 626 2750 munerum,
661 2707 801 2751 quibus
836 2717 903 2750 pu-

936 912 1106 957 gnatur!
1143 911 1272 945 Comi.
1298 911 1420 949 Cimo.
1473 910 1545 953 „Ut
1570 911 1670 945 intra

936 959 1017 993 dies
1067 959 1239 1003 quinque
1294 958 1509 1004 pugnent.“
1575 957 1671 991 ΑΘΒ,

938 1007 1186 1047 (qnadiqen
1243 1006 1468 1047 Ausschub
1517 1004 1672 1047 Merkel,

939 1055 1131 1094 Rasttaa
1157 1053 1335 1094 Passow.)

985 1102 1041 1134 48.
1077 1103 1132 1133 49.
1173 1101 1294 1133 Ludus
1327 1099 1418 1142 cet]
1455 1099 1598 1141 „Risus
1635 1099 1673 1132 et

939 1148 1057 1190 iocus,
1078 1147 1149 1192 qui
1166 1147 1276 1182 initio
1292 1147 1429 1191 plenus
1452 1146 1673 1180 facetiarum

939 1195 1155 1234 videbatur,
1193 1194 1293 1228 haud
1326 1204 1410 1228 raro
1448 1193 1599 1228 tandem
1632 1193 1672 1226 in

940 1242 1094 1276 acerbas
1127 1242 1227 1275 rixas
1265 1236 1504 1286 degenerat.“
1558 1239 1672 1281 „Nolo

941 1301 988 1323 ne
1022 1300 1090 1333 per
1123 1288 1253 1322 ludum
1291 1288 1442 1332 quidem
1475 1287 1576 1321 inter
1609 1297 1674 1320 vos

941 1336 1103 1379 versari3
1130 1347 1216 1370 nam
1242 1335 1347 1370 acria
1363 1335 1451 1368 inde
1471 1334 1676 1368 certamina

942 1384 1131 1418 interdum
1149 1384 1335 1424 oriuntur,
1362 1393 1458 1427 quae
1475 1381 1575 1416 inire
1601 1391 1676 1415 me-

942 1443 1004 1466 um
1031 1442 1107 1464 non
1135 1433 1210 1465 est:
1237 1429 1335 1464 nihil
1353 1430 1453 1463 enim
1469 1429 1564 1463 mihi
1588 1439 1675 1472 pro-

944 1482 1051 1519 sunt,
1101 1478 1213 1512 immo
1264 1487 1309 1511 ea
1349 1477 1526 1511 detestor.
1574 1476 1674 1521 Ergo

945 1526 1026 1560 sine
1053 1536 1110 1559 me
1136 1525 1236 1559 inter
1260 1535 1326 1559 vos
1343 1523 1532 1566 rixamini,
1558 1523 1675 1557 nebu-

943 1574 1062 1614 lones,
1089 1575 1271 1617 quantum
1296 1572 1442 1606 voltis.“
1471 1590 1514 1594 —
1540 1570 1676 1613 genuit]

939 1622 1139 1666 ἀορίστως,
1169 1620 1345 1665 „gignere
1372 1618 1502 1653 solet.“
1531 1635 1575 1642 —-
1601 1620 1676 1651 tre-

937 1667 1088 1710 pidum]
1121 1668 1183 1709 „in
1209 1677 1286 1711 quo
1311 1665 1503 1710 trepidant
1528 1665 1575 1705 ii,
1608 1663 1675 1708 qui

941 1716 1040 1749 inter
1051 1725 1090 1748 se
1100 1718 1289 1748 certamen
1304 1723 1390 1746 acre
1404 1711 1674 1753 committunt‚“

944 1763 1123 1802 leohasl.
1140 1780 1181 1784 -
1195 1762 1346 1802 funebre
1365 1758 1510 1801 bellum]
1537 1768 1675 1803 „prope

942 1809 1236 1849 internecivum,
1270 1807 1311 1840 in
1339 1817 1412 1850 quo
1441 1806 1554 1840 multi
1579 1805 1677 1839 occi-

943 1855 1071 1889 dunh“

990 1902 1072 1935 XX.
1099 1902 1281 1946 Epilogus
1306 1899 1508 1935 manifesto
1534 1899 1596 1933 hic
1622 1901 1678 1933 est

943 1950 1055 1994 primi
1073 1949 1328 1994 Epistolarum
1345 1947 1475 1990 Libri3
1500 1947 1575 1981 iam
1593 1957 1678 1980 cum

943 2009 977 2030 v.
1003 1999 1060 2030 28.
1093 1995 1229 2040 Lepidi
1263 1998 1300 2030 et
1331 1994 1446 2029 Lollii
1481 1994 1679 2029 consulum

946 2043 1164 2078 nominibus
1191 2042 1411 2088 designetur
1429 2052 1461 2075 a.
1480 2052 1518 2075 ιι.
1537 2052 1567 2075 0.
1586 2042 1678 2083 733.,

945 2091 1054 2125 multi
1081 2090 1327 2125 crediderunt
1357 2090 1467 2124 aliter
1492 2088 1574 2122 fieri
1601 2098 1678 2122 non

946 2139 1134 2184 potuisse,
1169 2148 1281 2182 quam
1315 2139 1358 2172 ut
1389 2137 1472 2181 ipso
1510 2146 1553 2170 eo
1579 2145 1678 2170 anno

947 2188 1040 2220 haec
1072 2185 1243 2230 Epistola
1280 2184 1486 2228 composita
1523 2183 1582 2217 sit.
1631 2181 1680 2215 At

947 2244 1036 2268 vero
1063 2243 1147 2266 cum
1174 2235 1320 2266 constet
1345 2230 1534 2276 Epistolas
1561 2231 1617 2263 12.
1644 2232 1680 2263 et

951 2283 1006 2315 18.
1033 2280 1149 2314 scribi
1176 2290 1252 2313 non
1284 2279 1453 2323 potuisse
1484 2277 1557 2311 nisi
1583 2287 1615 2310 a.
1641 2287 1679 2310 u.
1743 2277 1747 2280 ”

948 2339 980 2362 0.
1020 2330 1119 2370 734.,
1160 2325 1440 2360 inextricabiles
1482 2323 1679 2369 nonnullis

947 2375 1036 2409 inde
1064 2374 1156 2408 oriri
1181 2374 1284 2408 visae
1311 2375 1400 2407 sunt
1425 2371 1679 2412 difficultates,

948 2423 1040 2457 adeo
1068 2424 1109 2455 ut
1134 2421 1370 2454 Kirchnerus
1396 2419 1579 2462 (Quaestt.
1604 2417 1680 2452 Ho-

949 2472 1018 2504 rat.
1052 2480 1135 2514 pag.
1170 2468 1242 2510 3⁷.)
1276 2467 1322 2501 ab
1351 2466 1506 2501 Horatio
1531 2465 1679 2509 Episto-

950 2518 1023 2551 lam
1055 2517 1152 2549 hane
1182 2515 1290 2558 quasi
1325 2514 1498 2548 comitem
1522 2511 1679 2556 Epodon

951 2565 1048 2598 libro
1076 2562 1203 2606 (cuius
1226 2561 1427 2596 editionem
1443 2563 1598 2604 propter
1622 2569 1681 2592 ra·

951 2611 1074 2650 tiones
1113 2607 1310 2650 πολιτικάς
1346 2617 1467 2652 usque
1504 2606 1551 2640 ad
1584 2616 1618 2640 a.
1644 2616 1681 2639 u.

953 2669 984 2692 c.
1002 2659 1082 2692 733.
1100 2656 1304 2698 distulerit)
1325 2654 1567 2699 compositam
1585 2663 1682 2687 eam-

955 2716 1027 2750 que
1064 2715 1141 2738 una
1177 2714 1260 2738 cum
1300 2702 1367 2737 illo
1405 2701 1594 2736 volumine
1634 2698 1682 2734 ad

1083 2764 1102 2782 l
