1774 2930
655 137 750 173 Lm.
773 138 823 173 11.
870 137 976 173 SAT.
999 137 1046 172 V.

1524 137 1607 179 201

216 241 307 285 Res
334 241 411 284 ubi
438 254 597 296 magna
625 240 734 283 nitet
763 239 936 282 domino
966 251 1092 292 sene3
1124 237 1265 280 dulcia
1292 251 1419 294 poma

215 311 275 355 Et
305 325 580 369 quoscunque
609 310 719 354 feret
748 310 887 353 cultus
917 309 998 351 tibi
1027 308 1183 351 fundus
1213 308 1397 352 honores

217 382 332 426 Ante
360 382 518 425 Larem
548 386 693 438 gustet
721 381 1008 424 venerabilior
1034 379 1149 422 Lare
1179 379 1322 434 ‹lives3

218 452 302 502 Qui
332 454 525 510 quamvis
556 453 753 509 periurus
785 452 884 505 erit,
917 452 1011 494 sine
1042 454 1189 507 gente,
1221 454 1421 493 cruentus

1555 450 1609 491 15

218 523 436 580 Sanguine
467 523 674 577 frat-erno,
706 522 930 578 fugitivus,
961 535 1017 564 ne
1046 524 1193 564 tamen
1223 521 1286 563 illi

219 594 287 636 Tu
318 608 459 638 eomes
491 595 698 647 exterior,
730 594 767 635 si
797 593 1002 650 postulet,
1034 592 1097 635 ire
1127 606 1313 635 recuses.

216 665 330 708 Utne
358 669 503 721 tegam
534 679 686 721 spurco
716 664 881 706 Damae
911 663 1056 705 latus?
1084 662 1214 705 Haud
1244 663 1304 705 ita
1336 662 1492 705 Troiae

216 735 288 778 Me
319 737 435 792 gessi
465 739 632 779 certans
663 748 833 791 semper
861 733 1123 776 melioribus.
1184 733 1301 789 Ergo

217 806 388 862 Pauper
416 807 515 849 eris.

99 942 265 983 thynni
287 942 662 975 Advenientibus
691 942 831 983 priva

98 989 212 1022 dabo
228 989 577 1030 cephalaeaque
594 990 827 1022 achai-nae.

101 1034 165 1077 ‚Si
180 1034 272 1079 quid
289 1034 336 1069 ab
360 1036 480 1070 amieo
505 1035 574 1070 tibi
598 1036 761 1070 donatur
785 1046 829 1070 ea

99 1082 208 1126 quasi
241 1082 464 1117 condicione
501 1093 624 1128 eoque
657 1083 828 1125 consilio,

99 1131 143 1162 ut
173 1131 215 1162 tu
248 1129 351 1163 solus
375 1141 420 1164 eo
444 1130 592 1173 fruare,
625 1141 701 1164 non
731 1131 828 1164 alius

98 1175 249 1220 aliquis,
273 1176 519 1211 nihilominus
545 1179 586 1211 tu
610 1178 747 1211 donato
773 1177 828 1211 dj—

98 1222 201 1256 vitif‘
218 1242 267 1247 -
290 1224 445 1267 devolet]
472 1225 569 1266 „cito
594 1224 826 1266 deferatur3⁴⁶

97 1270 317 1315 metaphora
333 1274 481 1315 sumpta
504 1282 526 1305 a
550 1273 670 1305 turdo.
686 1291 729 1295 —
747 1273 829 1305 dul-

101 1317 283 1358 ct'apoma
299 1317 385 1360 oet]
410 1317 504 1362 Epp.
532 1321 564 1360 1,
591 1321 623 1359 1,
650 1320 714 1351 77:
737 1319 829 1352 Sunt

100 1364 164 1403 qui
188 1365 323 1397 crustis
348 1367 381 1397 et
402 1366 517 1406 pomis
540 1366 669 1398 viduas
697 1374 829 1398 venen-

100 1412 162 1443 tur
185 1419 321 1444 avaras
345 1412 610 1452 Excipiamque
632 1420 746 1445 senes.

148 1481 267 1514 13-19.
293 1482 460 1524 honores]
480 1483 523 1514 ut
535 1481 604 1515 Od.
624 1485 655 1524 1,
683 1484 738 1523 17,
765 1484 830 1516 16:

99 1527 213 1560 Buris
244 1528 440 1570 honorum,
475 1528 642 1570 „fructus
675 1530 804 1567 laetos,
809 1530 827 1548 ⁴⁶

100 1591 146 1597 -
167 1574 258 1607 Ante
282 1574 426 1618 Larem]
457 1574 721 1618 „Consuetudo
746 1576 829 1618 fuit,

98 1623 142 1654 ut
174 1631 301 1655 rerum
340 1622 529 1666 primitiae
570 1623 630 1657 dis
666 1623 828 1658 Laribus

97 1661 710 1711 ponerenturJ‘Ponm.Tibu11.
737 1673 828 1713 1,1‚

101 1716 165 1748 13·
202 1716 251 1748 Bt
282 1717 521 1758 quodeunque
556 1718 646 1750 mihi
680 1726 829 1759 pomum

99 1769 213 1795 novus
238 1763 366 1796 educat
392 1772 520 1807 annus,
545 1766 711 1798 Libatum
728 1766 827 1806 aori-

98 1809 201 1842 oolae
238 1811 390 1851 ponitur
430 1813 516 1844 ante
556 1813 632 1845 deo.
671 1831 714 1835 —
751 1814 829 1845 sine

99 1856 222 1899 flente]
265 1857 464 1902 „ignobilis
502 1858 584 1892 sine
621 1859 827 1902 nobilitate,

98 1902 319 1946 libertinus;
353 1915 438 1938 nam
465 1905 547 1939 sine
572 1909 684 1950 gente
714 1906 827 1940 liber-

98 1948 205 1982 tini-²
254 1930 529 1990 00’11.GRUQ.
571 1952 648 1986 Cio.
676 1953 767 2008 Top.
794 1957 827 1995 6,

99 1997 164 2029 292
197 1997 357 2031 Gentiles
380 2001 465 2031 sunt
489 2001 586 2032 inter
609 2009 658 2042 se,
684 2002 747 2040 qui
770 2009 828 2033 eo-

98 2043 181 2075 dem
202 2045 347 2077 nomine
370 2048 454 2078 sunt
480 2045 630 2087 (Titius,
657 2046 828 2091 Sempro-

99 2088 207 2131 nius,
234 2089 468 2134 Cornelius);
503 2094 567 2132 qui
590 2094 636 2126 ab
661 2095 828 2134 inqenuis

101 2136 249 2169 oriundi
293 2141 397 2177 sunu
445 2147 600 2178 quorum
646 2141 829 2172 maiomam

100 2189 205 2215 nemo
234 2185 443 2217 servitutem
474 2187 643 2226 servivit,-
680 2188 743 2226 qui
767 2195 828 2219 ca-

97 2229 174 2270 pite
203 2238 278 2263 non
309 2234 392 2264 sum
422 2233 608 2265 deminuti.
633 2234 828 2274 —luqiti-

98 2276 179 2318 vus]
205 2277 335 2319 ,,οΙίιιι,
361 2289 444 2312 eum
469 2280 685 2313 servitutem
712 2291 828 2314 sem-

99 2323 191 2356 ret.“
217 2343 261 2348 —
288 2325 460 2368 exterior]
496 2327 748 2369 „sinisterior,
786 2327 827 2360 in

100 2369 254 2405 sinistra
276 2375 383 2416 parte
407 2373 565 2417 positus.
571 2374 588 2391 ‘⁴
621 2374 718 2407 Aen.
737 2393 780 2397 —
797 2377 829 2407 si

97 2418 275 2461 postulet]
310 2419 364 2461 „si
389 2419 489 2453 domi
523 2431 613 2454 suae
638 2424 675 2455 te
700 2421 829 2455 iubeat

100 2473 228 2498 seeum
259 2466 299 2498 in
310 2444 523 2510 ”publicum
554 2468 725 2512 prodire,
762 2468 828 2502 ubi

100 2511 210 2545 aliter
233 2523 351 2556 prope
371 2513 453 2547 fieri
481 2515 623 2558 nequit,
649 2526 760 2560 quam
786 2519 828 2549 ut

101 2557 215 2591 simul
238 2560 440 2605 intelligas,
466 2564 503 2595 te
529 2562 702 2596 comitem
728 2565 828 2596 exte-

100 2604 239 2638 riorem
256 2617 338 2641 esse
355 2607 513 2651 debere3
538 2609 707 2653 ahoquin
726 2610 827 2643 enim

101 2651 344 2687 animadverti
362 2665 438 2688 non
454 2635 612 2699 poterat,
629 2659 714 2690 uter
726 2657 828 2700 prio-

102 2707 180 2730 rem
204 2699 326 2733 locum
350 2702 391 2734 ἰιι
416 2702 641 2737 ambulando
668 2714 827 2747 ooo-upa·-

566 805 738 849 Fortem
767 805 847 847 hoc
878 806 1067 847 animum
1096 805 1279 847 tolerare
1311 803 1489 858 iubebo,

1554 804 1611 844 20

878 941 972 975 ret.“
1011 959 1055 964 —
1096 942 1184 974 Utne
1218 940 1310 983 oet-1
1346 940 1387 973 in
1419 950 1532 984 prosa
1557 950 1612 973 or.

879 999 1021 1034 „egone
1048 991 1090 1021 ut
1113 989 1281 1033 ῐιιςιιιιιῖθ·6
1325 986 1475 1021 Terent.
1491 986 1612 1020 Andr.

879 1039 919 1077 1,
944 1037 985 1077 5,
1011 1037 1074 1068 28:
1115 1036 1208 1068 Eine
1242 1044 1308 1076 eoo
1337 1037 1378 1067 ut
1411 1035 1613 1068 adver-ser?

878 1082 978 1117 Seite
994 1082 1107 1116 heros
1132 1093 1209 1116 non
1236 1082 1318 1116 sine
1335 1081 1468 1126 aliqua
1491 1084 1613 1115 retra-

878 1131 1039 1164 ctatione
1078 1129 1246 1164 Tiresiae
1288 1128 1613 1163 exhortationibus

877 1187 1008 1211 aurem
1045 1176 1212 1220 praebet.
1240 1196 1283 1200 —
1310 1179 1486 1218 teoam--
1502 1175 1612 1219 latus]

876 1224 1006 1258 Iuven.
1041 1226 1081 1265 3,
1116 1225 1202 1257 131:
1251 1225 1385 1258 Divitis
1423 1225 1480 1256 hic
1515 1224 1614 1256 servi

878 1272 1017 1304 claudit
1059 1272 1155 1304 latus
1195 1272 1441 1312 inoenuorum
1479 1271 1615 1304 Filius:

878 1318 943 1352 ubi
969 1317 1114 1351 Sohol.:
1141 1318 1203 1359 „in
1229 1318 1385 1351 sinistra
1408 1317 1612 1351 ambulat!

878 1364 1031 1398 Sueton.
1058 1364 1190 1398 Claud.
1208 1367 1272 1398 24:
1298 1365 1447 1398 Plautio
1472 1366 1615 1398 ovatio·

878 1420 959 1444 nem
974 1412 1132 1445 decrevit
1146 1411 1360 1454 (Claudius)
1378 1413 1613 1453 inor-estoque

876 1457 1003 1492 urbe'iu
1027 1460 1171 1492 obviam
1191 1467 1406 1501 prom-essue
1432 1461 1466 1492 et
1490 1460 1530 1492 in
1546 1461 1614 1493 Ga-

873 1507 1045 1547 pitolium
1077 1507 1179 1539 eunti
1210 1508 1243 1539 et
1274 1507 1360 1540 inde
1393 1514 1523 1539 rursus
1552 1515 1614 1540 re-

877 1554 1033 1586 vertenti
1060 1554 1186 1586 latus
1211 1554 1344 1587 tea-it.
1394 1552 1553 1598 Eutrop.
1577 1554 1612 1595 7,

878 1602 942 1633 13:
968 1601 1057 1634 Tam
1073 1601 1190 1634 civilis
1208 1601 1306 1634 circa
1323 1602 1499 1641 quosdam
1519 1602 1612 1634 ami»

877 1655 935 1680 cos
969 1649 1107 1681 exstitit
1142 1647 1393 1690 (Claudius),
1430 1650 1471 1681 ut
1502 1649 1613 1681 etiam

876 1695 1068 1728 Plautium
1084 1696 1371 1736 triumphantem
1391 1696 1469 1736 ipse
1485 1704 1612 1735 seque-

876 1744 978 1774 retur
1020 1744 1053 1775 et
1099 1743 1349 1775 conscendenti
1391 1743 1613 1783 Capitolium

879 1789 1040 1822 laevus
1064 1790 1320 1823 incederet.
1355 1790 1488 1830 Tenere
1516 1790 1611 1823 latus

876 1835 1071 1878 dicebant,
1097 1837 1187 1880 quia
1210 1836 1357 1870 laevum
1382 1837 1482 1870 latus
1507 1836 1613 1870 infir·

875 1883 974 1916 mins
1007 1886 1044 1917 et
1077 1884 1310 1928 aggressioni
1344 1883 1465 1928 magis
1498 1894 1612 1927 expo-

877 1930 990 1963 situm
1014 1933 1083 1964 est.
1100 1950 1146 1954 —
1167 1931 1323 1974 Damae]
1351 1931 1517 1972 „homini
1543 1931 1612 1965 ali-

877 1977 939 2010 oui
957 1978 1023 2010 vili
1049 1988 1094 2011 ae
1117 1978 1277 2022 perdito,
1303 1978 1454 2022 qualem
1478 1982 1521 2011 tu
1546 1978 1611 2012 de-

878 2024 1096 2067 scripsisti.“
1146 2024 1229 2058 Non
1263 2025 1413 2059 videtur
1446 2036 1612 2069 persona

877 2074 997 2111 certa,
1035 2082 1134 2114 quae
1167 2075 1259 2105 tuno
1292 2073 1331 2104 in
1357 2072 1451 2105 vivis
1484 2072 1611 2114 fuerit,

877 2117 944 2150 sed
967 2128 1106 2151 nomen
1124 2128 1322 2152 commune
1339 2118 1503 2152 hominis
1530 2130 1610 2153 ser-

876 2163 962 2197 vilis
995 2164 1069 2198 loci
1102 2167 1215 2208 atque
1253 2165 1412 2207 indolis,
1451 2168 1494 2199 ut
1525 2177 1613 2200 mox

877 2221 909 2243 v.
944 2212 1025 2244 101.
1059 2213 1096 2245 et
1127 2211 1228 2255 apud
1265 2212 1439 2246 Persium
1470 2214 1512 2255 5,
1546 2215 1611 2247 78:

875 2261 1055 2291 momento
1079 2260 1234 2292 turbinis
1260 2261 1333 2293 exit
1358 2261 1509 2294 Marcus
1532 2263 1611 2294 Da-

876 2313 948 2337 ma.
1005 2307 1123 2347 „Eine
1169 2308 1392 2348 verrworsene
1439 2308 1610 2341 sclaven-

875 2352 1001 2385 κεῖσέ*
1053 2352 1129 2386 Gfr.
1156 2353 1231 2387 Sat.
1260 2357 1292 2395 1,
1318 2356 1351 2396 6,
1377 2356 1435 2387 38.
1461 2374 1503 2378 —
1532 2364 1610 2388 cer·

877 2399 971 2441 tans]
1000 2400 1233 2441 „aemulatus
1258 2411 1405 2445 semper
1421 2401 1609 2436 Achillem

876 2448 914 2480 et
938 2447 1125 2480 Aiacem.⁴⁴

922 2517 1044 2551 20-26.
1069 2517 1148 2560 hoc]
1177 2519 1323 2559 „hane
1312 2529 1432 2563 ipsam
1450 2519 1610 2564 ignomi-

875 2563 996 2606 niam,
1033 2567 1076 2597 ut
1106 2565 1251 2598 homini
1290 2566 1461 2610 improbo
1496 2569 1609 2610 atque

875 2610 1006 2643 infami
1032 2611 1130 2645 latus
1162 2615 1302 2657 tegam,
1341 2613 1527 2656 patienter
1553 2615 1609 2646 to-

875 2657 1038 2692 lerabo.“
1054 2678 1097 2682 —
1112 2660 1272 2693 tolerare
1289 2660 1430 2702 iubebo]
1447 2659 1610 2693 Parodis

875 2705 1091 2746 Homerica,
1117 2705 1249 2751 odyss.
1278 2718 1315 2744 v,
1344 2708 1406 2739 18:
1446 2706 1609 2739 Τέτλαθι
