1774 2930
155 178 242 220 206
688 179 898 214 HORATH
923 180 1207 216 SATIRARUM

277 278 313 321 O
345 279 593 333 Laertiade,
628 280 832 336 quidquid
863 280 1021 335 dicam,
1055 285 1128 324 aut
1159 283 1241 325 erit
1271 287 1344 325 aut
1373 298 1482 326 non:

274 349 480 394 Divinare
513 351 672 394 etenim
703 365 885 406 magnus
917 351 1023 394 mihi
1054 352 1184 395 donat
1215 353 1384 410 Apollo.

276 421 389 469 Quid
419 425 565 464 tamen
596 422 680 464 ista
709 422 815 464 velit
846 422 928 464 sibi
958 422 1122 478 fabula,
1156 425 1193 466 si
1223 425 1342 480 licet,
1375 425 1467 469 ede.

276 492 489 549 Tempore
522 507 605 549 quo
636 493 804 535 iuvenis
835 493 1007 536 Parthis
1038 494 1295 550 horrendus,
1329 496 1382 539 ab
1413 498 1498 540 alto

273 563 522 606 Demissum
555 578 690 620 genus
721 564 891 619 Aenea,
923 566 1076 609 tellure
1106 567 1299 623 marique

274 634 457 691 Magnus
490 635 588 689 erit,
621 635 721 678 forti
751 636 885 679 nubet
916 651 1093 693 procera
1124 637 1291 680 Corano

273 704 386 748 Filia
414 706 616 761 Nasicae,
650 708 880 750 metuentis
911 708 1091 751 reddere
1123 708 1302 751 soldum.

277 776 388 818 Tum
418 792 551 833 gener
581 778 662 820 hoo
692 777 842 821 faciet:
874 779 1042 821 tabulas
1075 794 1222 823 socero
1255 780 1373 823 dabit
1404 784 1531 837 atque

273 847 331 890 Ut
361 848 477 904 legat
509 849 670 904 orabit,
702 850 884 891 multum
915 850 1073 893 Nasica
1103 856 1281 908 negatas

274 918 472 975 Accipiet
502 919 675 963 tandem
708 924 750 963 et
781 921 935 963 tacitus
967 922 1102 978 leget,
1135 923 1408 979 invenietque

273 990 345 1032 Nil
377 991 459 1033 sibi
490 992 678 1048 legatum
710 996 881 1048 praeter
910 993 1078 1049 plorare
1110 995 1298 1050 suisque.

1621 355 1676 397 60

1619 710 1674 752 65

250 1133 307 1166 59.
327 1134 382 1166 60.
409 1135 474 1167 aul
500 1134 568 1167 erit
594 1136 660 1167 aul
684 1142 777 1167 non:
801 1136 978 1169 Divinare
1004 1136 1135 1169 etenim
1151 1144 1307 1177 maanus
1332 1137 1480 1170 donavit
1495 1136 1627 1177 Apollo

203 1178 293 1213 Cod.
317 1179 531 1224 Patrensis,
568 1181 677 1225 prob.
701 1181 892 1224 Bentleio,
933 1185 998 1216 aul
1031 1184 1116 1226 erit,
1155 1186 1219 1216 aul
1244 1192 1317 1216 non
1340 1185 1516 1217 Divinare
1541 1184 1629 1216 mihi

200 1235 357 1269 maanus
381 1229 530 1262 donavit
553 1230 684 1270 Apollo
709 1228 993 1264 Haberfeldtius
1017 1230 1079 1264 vel
1110 1231 1238 1275 potius
1267 1230 1527 1273 Effihstadius,
1562 1233 1626 1264 aul

203 1276 288 1317 erit,
326 1278 392 1308 aul
425 1284 499 1308 non
530 1277 708 1310 Divinare
742 1278 852 1310 eliam
883 1286 1040 1318 maanus
1071 1279 1163 1311 mihi
1195 1279 1307 1311 donat
1330 1279 1462 1319 Apollo
1495 1277 1627 1319 Bothe,

202 1324 268 1355 aul
294 1324 373 1365 eric,
400 1325 465 1356 aul
490 1331 565 1356 non
580 1325 761 1357 Divinare
786 1325 852 1358 tibi
875 1333 1031 1366 maanus
1055 1326 1145 1358 mihi
1168 1327 1280 1359 donat
1304 1325 1435 1367 Apollo
1465 1324 1626 1359 Ioannes

202 1380 224 1403 a
248 1369 328 1404 Deo
355 1370 546 1405 Frchlioh.

152 1498 200 1506 —
218 1485 281 1515 aul
308 1484 377 1515 erit
403 1486 467 1516 aul
492 1484 579 1528 non]
599 1483 813 1518 Salsissima
833 1484 889 1518 di-

152 1529 253 1574 logia
271 1530 391 1564 utitur
409 1532 538 1575 poeta3
556 1542 643 1565 nam
661 1542 707 1565 ex
722 1531 888 1566 Tiresiae

151 1579 278 1610 mente
297 1577 520 1622 simpliciter
535 1581 648 1623 atque
663 1579 803 1622 optima
816 1579 889 1613 fide

153 1623 280 1658 dicere
299 1625 465 1658 videtur:
495 1625 635 1667 „Prout
659 1626 789 1660 dixero
807 1627 888 1660 fore

152 1671 319 1716 aliquid,
346 1672 437 1715 erit,
463 1683 540 1706 non
566 1673 667 1716 fore,
694 1684 772 1708 11011
798 1674 888 1717 erit3

151 1718 324 1753 divinare
350 1719 450 1754 enim
467 1720 609 1764 pariter
628 1731 673 1755 ea
691 1732 786 1765 quae
805 1732 888 1755 eve-

153 1766 263 1800 nient
299 1769 341 1800 ut
378 1778 422 1801 ea
460 1778 556 1812 quae
599 1779 675 1802 11011
715 1769 890 1802 evenient

151 1814 288 1858 Apollo
306 1815 398 1849 mihi
417 1815 638 1849 concessit.“
674 1814 729 1848 Ex
755 1817 888 1859 poetae

152 1871 242 1895 vero
281 1862 469 1896 sententia
503 1862 630 1896 eadem
665 1862 780 1896 verba
817 1863 888 1896 hoc

153 1908 384 1954 significant:
413 1909 626 1952 „Vaticinia
649 1921 743 1952 mea,
770 1912 813 1943 ut
830 1921 888 1944 as—

153 1956 268 1998 solet,
303 1958 368 1990 aut
397 1959 572 1991 eventum
604 1957 799 1992 habebunt
823 1959 890 1991 aut

153 2014 197 2037 οο
240 2004 442 2048 carebunt3
492 2007 610 2038 artem
653 2005 752 2039 0111111
795 2004 889 2038 divi-

152 2051 291 2085 nandi“
321 2052 433 2096 (quae
452 2062 599 2096 semper
618 2052 888 2087 coniecturalis

153 2101 267 2143 atque
309 2099 425 2133 fallax
467 2100 538 2142 est)
584 2100 698 2143 „mihi
737 2099 891 2134 donavit

152 2145 324 2190 Apollo.“

202 2196 323 2228 61-69.
352 2195 448 2237 Quid
473 2197 596 2228 lamen
622 2195 708 2238 cet.]
729 2195 806 2236 „De
833 2205 889 2238 00,

154 2242 257 2284 quod
283 2241 397 2284 dicis,
432 2242 608 2287 equidem
639 2242 793 2276 minime
820 2241 889 2275 du-

153 2287 244 2330 bito,
271 2289 337 2322 sed
355 2290 467 2323 velim
485 2292 615 2332 lamen,
642 2292 685 2323 ut
702 2290 760 2323 his
780 2290 891 2324 omis-

154 2335 206 2368 sis
233 2336 339 2379 prius
366 2338 488 2370 solvas
514 2337 625 2379 mihi,
661 2337 692 2371 si
727 2337 795 2371 tibi
820 2347 889 2382 per

153 2381 243 2416 deos
270 2383 412 2418 inferos
439 2384 539 2427 licet,
564 2384 659 2418 illud
683 2384 888 2430 aenigma.“

152 2448 200 2454 -—-
217 2430 371 2474 iuvenis]
399 2430 639 2474 Octavianus,
669 2433 735 2476 qui
762 2432 889 2474 (natus

154 2487 187 2511 a.
214 2488 250 2510 u.
277 2487 307 2511 0.
335 2479 431 2520 691.)
458 2490 490 2512 a.
517 2489 554 2511 u.
582 2489 613 2512 c.
641 2481 721 2512 725.
747 2490 889 2513 annum

153 2524 388 2570 trigesimum
399 2528 575 2570 quartum
590 2527 733 2571 agebat.
744 2546 789 2550 -
799 2529 889 2560 Par-

154 2572 223 2604 this
242 2573 458 2616 horrendus]
488 2584 622 2616 „quem
640 2574 890 2608 reformidant

154 2618 283 2652 Parthi
295 2619 325 2663 ;“
354 2630 581 2664 quamquam
599 2621 742 2654 nullam
761 2622 889 2655 etiam-

155 2668 246 2700 tunc
264 2667 543 2711 expeditionem
562 2671 694 2701 contra
716 2679 780 2702 eos
808 2679 889 2702 sus-

155 2717 317 2758 ceperat.
335 2734 380 2739 a-
400 2716 603 2749 Demissum
630 2715 755 2758 aenus]
783 2715 887 2760 Virg.

153 2760 248 2794 Aen.
278 2764 314 2804 1,
341 2763 427 2796 288:
455 2763 592 2805 Iulius,
620 2771 643 2795 a
668 2771 801 2804 maano
827 2765 889 2796 de-

937 1485 1086 1518 missum
1111 1493 1242 1518 nomen
1268 1485 1362 1529 Iulo.
1413 1484 1532 1520 Tacit.
1574 1484 1673 1519 Ann.

942 1533 1004 1574 12,
1041 1534 1104 1566 58:
1142 1534 1240 1566 Nero
1258 1551 1273 1557 -
1291 1551 1306 1556 -
1324 1534 1533 1566 Romanum
1565 1533 1674 1566 Troia

938 1581 1133 1613 demissum
1152 1583 1185 1613 et
1202 1581 1324 1613 Iuliae
1344 1581 1467 1622 stirpis
1485 1582 1675 1614 auctorem

938 1627 1101 1660 Aeneam
1135 1628 1286 1668 aliaque
1320 1628 1420 1660 haud
1451 1628 1585 1668 procul
1616 1628 1673 1669 sa-

940 1674 1032 1707 bulis
1058 1676 1183 1707 velera
1215 1675 1375 1716 facunde
1403 1676 1601 1707 exsecutus.
1629 1693 1672 1698 -

934 1721 1104 1763 procera]
1132 1720 1451 1760 Quemadmodum
1477 1722 1585 1763 sorti,
1619 1721 1673 1755 sic

937 1768 1030 1802 haec
1050 1778 1201 1813 quoque
1227 1767 1402 1813 ambigua
1426 1768 1511 1802 laus
1537 1771 1605 1811 est,
1632 1771 1674 1802 ut

939 1814 1076 1849 Catull.
1099 1817 1155 1858 86,
1184 1817 1221 1848 1:
1251 1816 1578 1858 Quinctia-lonaa,
1605 1818 1675 1849 Re-

939 1865 998 1895 cla
1023 1865 1083 1895 esi.
1112 1882 1154 1886 —
1184 1862 1348 1906 Corano]
1382 1863 1526 1896 homini
1554 1863 1673 1906 diviti,

938 1909 1000 1943 cui
1017 1909 1163 1953 Nasica,
1190 1912 1232 1943 ut
1256 1909 1297 1943 in
1323 1909 1405 1944 01118
1423 1910 1672 1945 hereditatem

937 1957 1135 2002 irreperet,
1160 1957 1276 1991 filiam
1303 1968 1409 1991 suam
1426 1958 1466 1991 in
1483 1957 1673 1991 matrimo-

938 2004 1043 2038 nium
1069 2004 1182 2039 dedit.
1200 2024 1246 2028 —
1264 2006 1451 2038 metuentis
1470 2004 1555 2048 cet]
1583 2005 1673 2050 „qui

936 2054 1092 2096 propter
1109 2052 1303 2098 angustias
1322 2052 1548 2086 domesticas
1566 2052 1672 2086 nole-

938 2099 1003 2133 bat
1019 2099 1221 2134 restituere
1235 2109 1298 2134 aes
1313 2099 1491 2143 alienum,
1504 2101 1673 2143 solidum,

940 2146 1128 2193 integram
1152 2147 1257 2181 illam
1283 2157 1483 2190 summam,
1515 2157 1627 2192 quam
1652 2157 1674 2182 a

941 2194 1087 2229 Corano
1130 2197 1299 2228 mutuam
1341 2197 1562 2240 sumpserat.
1568 2195 1584 2213 “
1629 2213 1671 2218 —

935 2244 1087 2283 praeter
1101 2242 1268 2285 plorare]
1287 2243 1405 2289 χωρὶς
1429 2241 1497 2275 τοῦ
1515 2241 1672 2283 κλαίειν,

940 2286 1127 2332 οἰμώζειν,
1154 2289 1198 2323 V.
1215 2289 1416 2332 praelerh.
1435 2289 1471 2332 1.,
1497 2291 1540 2322 ut
1556 2289 1673 2323 mter

940 2336 1040 2379 dum,
1067 2339 1124 2371 est
1148 2347 1216 2381 plo
1243 2336 1433 2370 adverbio.
1468 2335 1574 2370 Ovid.
1599 2335 1672 2370 He-

939 2384 1034 2418 roid.
1063 2386 1116 2426 17,
1145 2386 1231 2418 162:
1256 2385 1320 2417 Nil
1343 2384 1403 2416 illi
1422 2384 1530 2424 potui
1552 2383 1673 2416 dicere

935 2433 1088 2473 praeter
1121 2432 1222 2464 eril.
1274 2430 1468 2464 Sententia
1498 2432 1572 2464 est:
1609 2429 1673 2464 Ni-

938 2478 992 2512 hil
1018 2479 1169 2512 omnino
1196 2488 1281 2511 cum
1312 2477 1360 2512 iis
1393 2478 1573 2523 legasset,
1608 2488 1671 2512 eos

939 2525 1181 2560 exheredavit
1205 2526 1380 2570 maloque
1407 2525 1564 2559 affecit.“
1616 2524 1672 2558 Si-

938 2573 1076 2606 militer
1101 2573 1335 2616 Polystratus
1369 2574 1579 2617 captatores
1610 2572 1672 2606 de-

939 2620 1030 2654 lusit
1048 2620 1148 2665 apud
1165 2619 1321 2653 Lucian.
1339 2619 1437 2654 Dial.
1451 2619 1561 2653 Mort.
1580 2620 1613 2661 9,
1633 2620 1670 2652 3:

937 2663 1055 2709 ἄλλας
1094 2666 1134 2700 δὲ
1175 2664 1243 2709 τὰς
1283 2664 1441 2711 αληθεῖς
1481 2644 1672 2709 διαθήκας

938 2711 1037 2755 έχων
1075 2713 1223 2756 ἐκεινας
1260 2713 1463 2748 κατέλιπον
1496 2711 1671 2756 οἰμώζειν

937 2758 1060 2795 ἅπασι
1086 2757 1251 2809 φράσας.
