1774 2930
131 141 215 188 180

630 144 839 180 HORATII
864 144 1149 180 SATIRABUM
1177 165 1181 169 ·

247 246 490 289 Aedificare
522 260 657 300 casas,
690 246 889 302 plostello
921 245 1154 302 adiungere
1185 260 1342 300 mures,

245 317 418 360 Ludere
448 332 527 374 par
557 318 710 373 impar,
743 317 940 373 equitare
971 317 1016 358 in
1047 317 1255 359 arundine
1285 317 1444 373 longa,

248 388 294 431 Si
327 403 453 444 quem
486 388 672 431 delectet
702 387 945 441 barbatum,
978 389 1166 430 amentia
1195 393 1352 431 verset.

248 459 294 502 Si
326 460 533 516 puerilius
565 458 633 500 his
665 459 775 501 ratio
808 473 904 501 esse
936 459 1103 501 evincet
1135 473 1291 513 amare,

1562 461 1651 501 250

245 530 337 574 Nec
368 529 799 587 quidquamgdiffere,
832 534 1032 572 utrumne
1062 530 1108 571 in
1138 530 1330 586 pulvere,
1361 530 1512 572 trimus

248 601 385 650 Quale
415 602 550 658 prius,
581 601 705 643 ludas
738 615 859 657 opus,
893 615 948 643 an
979 601 1219 643 meretricis
1251 615 1395 644 amore

248 672 465 715 Sollicitus
497 672 664 728 plores:
701 686 874 728 quaero,
907 671 1110 726 faciasne,
1143 672 1255 728 quod
1287 672 1388 715 olim

246 744 437 785 Mutatus
468 743 711 786 Polemon?
739 757 874 799 ponas
905 743 1094 798 insignia
1121 743 1280 797 morbi,

245 814 481 867 Fasciolas,
514 814 687 867 cubital‚
721 814 887 868 focalia,
918 819 1045 870 potus
1077 818 1126 855 ut
1156 814 1230 857 ille

1567 814 1653 855 255

247 885 416 928 Dicitur
448 899 503 928 ex
535 886 643 928 collo
675 884 822 927 furtim
853 886 1065 941 carpsisse
1098 899 1289 939 coronas,

177 1031 277 1061 creta
303 1037 323 1062 c
349 1027 431 1070 (sed
450 1030 514 1061 aut
533 1027 736 1062 delendum
767 1037 849 1061 esse
875 1026 1027 1071 punctis
1053 1027 1233 1069 notatur),
1257 1028 1365 1060 sani?
1390 1029 1491 1060 creta
1515 1026 1604 1059 LCt.

179 1076 324 1117 (sarain
349 1078 450 1109 creta
475 1074 635 1109 debetur
659 1073 830 1108 Marcilio
857 1077 895 1108 et
918 1073 1126 1116 Bentleio).
1155 1093 1197 1098 —
1224 1076 1342 1107 notati
1365 1073 1459 1116 bSc,
1490 1073 1606 1118 pleri-

179 1133 253 1166 que
279 1122 475 1165 Pottierii,
501 1122 715 1156 Bentleius.
762 1121 833 1164 (Ut
857 1131 944 1164 nos,
969 1132 1006 1165 p,
1031 1121 1204 1155 Pottierii
1233 1121 1427 1166 quinque).
1454 1139 1498 1145 —
1524 1122 1606 1154 250.

174 1171 233 1204 Sic
260 1169 332 1214 Sep
359 1172 396 1204 et
420 1181 478 1214 pr.
506 1170 542 1203 b.
569 1188 612 1193 —
641 1171 723 1202 254'.
749 1170 923 1202 Polemon
946 1169 1087 1202 Fronto

1112 1180 1149 1213 p.
1176 1171 1232 1203 27.
1258 1168 1326 1202 Ed.
1351 1168 1457 1202 Rom.
1486 1169 1606 1210 1846.,

176 1216 288 1262 bScp‚
314 1220 340 1260 t,
365 1217 574 1259 Bentleius,
599 1216 654 1250 FJ
668 1228 676 1250 :
703 1217 853 1250 Polemo
878 1215 990 1249 LOM.

128 1346 382 1391 proverbium.
436 1345 541 1380 Pers.
580 1345 655 1380 Sat.
694 1348 734 1389 5,
773 1347 868 1379 108:

130 1395 206 1427 Illa
229 1395 335 1435 prius
361 1397 471 1437 creta,
499 1402 583 1428 moa:
606 1395 694 1427 haec
711 1394 868 1427 carbone

129 1443 289 1475 notasti?
313 1441 417 1475 Lect.
442 1443 597 1475 notandi
627 1441 728 1475 clare
754 1451 869 1486 agno-

130 1489 201 1523 scit
217 1489 344 1523 Acron
372 1491 409 1523 et
427 1488 567 1523 Comm.
588 1488 723 1532 Cruq.;
749 1489 868 1521 notati

121 1546 218 1570 <vero
245 1539 368 1570 ortum
392 1536 542 1570 videtur
568 1547 613 1570 ex
640 1536 788 1570 sublata
813 1535 868 1569 (11-

130 1583 335 1617 stinctione
361 1586 447 1627 post
471 1594 503 1616 v.
531 1584 676 1616 abeant.

177 1633 263 1665 247-
267 1632 347 1664 254.
361 1632 502 1664 Ludere
513 1639 585 1672 par
598 1630 734 1674 impar]
750 1629 867 1663 Grae-

130 1688 261 1712 corum
278 1675 479 1725 ἁρπάζειν.
513 1677 608 1712 Plat.
626 1677 713 1723 Lys.
730 1688 766 1722 p.
786 1679 866 1711 206.

127 1725 175 1760 Ε.
198 1745 240 1748 -
269 1726 432 1766 equitare
463 1726 503 1758 in
534 1726 716 1758 arundine
745 1724 867 1767 lonaa]

129 1771 212 1806 Val.
237 1771 332 1807 Max.
368 1774 408 1815 8,
434 1774 479 1806 8:
520 1773 687 1806 Socrates
713 1790 728 1797 —
754 1789 768 1796 -
795 1780 869 1805 non

130 1821 272 1854 erubuit
299 1822 383 1853 tunc
405 1828 486 1853 cam
511 1820 728 1860 interposita
751 1827 868 1852 arun-

129 1868 214 1900 dine
255 1868 424 1900 cruribus
464 1869 539 1900 sais
581 1875 663 1899 cam
700 1867 869 1908 parvulis

129 1914 251 1956 filiolis
293 1915 420 1947 ladem
457 1915 503 1947 ab
539 1914 729 1947 Alcibiade
769 1915 869 1946 visas

126 1964 191 1996 est.
219 1980 262 1984 -—
288 1961 426 2004 verset}
460 1961 500 1994 111
532 1971 646 2005 prosa
679 1971 732 1994 or.
761 1961 868 2004 „agi-

129 2008 216 2043 tet.“
236 2027 279 2031 —
298 2010 398 2042 ratio
425 2007 581 2050 evincet]
609 2007 714 2041 Conf.
733 2018 766 2041 v.
787 2009 868 2041 225.

130 2075 173 2079 —
202 2055 344 2099 amare]
374 2055 605 2089 meretrices.
657 2054 730 2088 Sal.
757 2054 868 2088 Catil.

132 2106 196 2137 11:
233 2104 292 2136 Ibi
319 2104 481 2144 primam
505 2103 660 2136 insuevit
689 2103 868 2136 exercitas

125 2151 255 2192 populi
279 2152 441 2183 Romam·
472 2159 620 2192 amare,
652 2153 796 2191 potare.
824 2168 867 2173 --

128 2199 169 2230 in
181 2197 352 2241 pulvere]
377 2197 484 2252 ῌο111.
502 2197 546 2231 11.
565 2209 598 2237 ο,
617 2198 704 2231 362:
729 2193 870 2243 (ἔρειπε

128 2245 278 2300 τεῖχος)
314 2243 366 2286 ὠς
389 2240 456 2278 ὅτε
480 2255 543 2300 τις
559 2241 755 2287 ψάμαθον
781 2248 870 2289 ,ταις

128 2287 222 2345 ἄγχι
266 2289 485 2336 θαλάσσης,
522 2287 626 2325 ‘'’Oot
669 2291 750 2325 ἐπεὶ
799 2290 870 2325 οὖν

130 2336 276 2386 ποιήσῃ
309 2337 515 2387 ἀθύριιατα
548 2340 762 2385 νηπιέῃσιν,
791 2334 868 2380 Αψ

129 2386 237 2427 αὐτις
274 2389 454 2427 συνέχευε
489 2387 603 2419 ποσὶν
639 2388 702 2419 καὶ
737 2387 869 2433 χερσὶν

129 2430 296 2488 ἀβύρων.
324 2453 366 2457 -
396 2435 501 2467 ladas
528 2433 638 2476 opus]
667 2444 783 2478 „opus
811 2443 868 2467 se-

128 2481 227 2515 rium
253 2480 420 2514 ludendo
446 2481 618 2518 imiteris
645 2484 688 2514 ut
711 2480 866 2525 pueruli

130 2527 330 2562 aedificant
362 2528 513 2570 domos,
548 2519 665 2562 molas
701 2528 794 2561 cet.“
822 2546 866 2551 —

129 2574 311 2618 faciasne]
339 2585 494 2617 „nonne
520 2575 644 2608 facere
671 2574 865 2609 (101100,οἱΝι

131 2641 173 2646 -
200 2622 394 2666 Polemon]
433 2621 617 2664 „Iuvenis
651 2622 724 2655 fuit
753 2621 867 2655 Athe-

129 2669 275 2704 niensis
300 2669 469 2714 perditae
495 2669 680 2703 luxuriae.
717 2669 754 2703 Is
781 2679 866 2703 cum

130 2716 257 2751 ebrius
274 2716 469 2751 incederet
489 2727 558 2761 per
574 2716 718 2759 urbem,
743 2716 866 2750 fertur

917 1345 1068 1379 audisse
1086 1356 1106 1380 e
1123 1346 1337 1390 propinquo
1350 1344 1575 1379 Xenocratis
1593 1355 1657 1379 vo-

918 1402 1000 1426 cem
1027 1392 1275 1437 disputantis,
1307 1384 1443 1427 deinde
1474 1392 1655 1436 introisse

918 1442 1120 1474 coronatus
1147 1443 1184 1474 et
1208 1442 1464 1485 unguentatus
1495 1439 1542 1474 ad
1564 1439 1654 1473 eum

917 1487 1179 1522 deridendum.
1230 1487 1353 1521 Senex
1377 1489 1502 1521 autem
1525 1497 1655 1531 perse-

917 1535 1061 1569 veravit
1098 1538 1135 1569 et
1175 1535 1347 1569 invectus
1383 1534 1425 1568 in
1466 1533 1655 1568 luxuriam

918 1583 1041 1627 coegit
1057 1582 1299 1616 Polemonem
1324 1581 1520 1626 poenitere
1539 1582 1599 1615 sui
1618 1583 1655 1616 et

918 1639 1077 1663 coronas
1103 1629 1388 1672 abiicere31
1412 1631 1546 1673 postea
1570 1630 1653 1662 tan-

915 1680 977 1710 tus
995 1676 1035 1709 in
1052 1676 1292 1721 philosophia
1278 1640 1565 1719 (Ἇοοἀ0111100)
1593 1685 1657 1709 03-

918 1723 1032 1766 011111,
1068 1727 1111 1758 ut
1147 1723 1283 1769 dignus
1321 1723 1556 1757 existimatus
1594 1722 1657 1766 sit,

919 1771 985 1816 qui
1010 1770 1218 1805 Xenocrati
1243 1770 1497 1805 succederet.“
1525 1769 1656 1804 Gonu.

919 1819 1040 1857 Cimo.

966 1867 1135 1900 254-259.
1160 1866 1320 1907 instania
1336 1864 1467 1908 morbi]
1490 1865 1655 1907 „instru-

916 1916 1044 1946 menta
1068 1912 1276 1946 luxuriae.“
1305 1931 1348 1936 —
1373 1911 1575 1954 Fasciolas]
1601 1913 1656 1945 te-

917 1962 1136 2005 gumentum
1156 1970 1319 2001 crurum,
1345 1969 1414 2003 pro
1431 1958 1573 1992 nostris
1590 1959 1656 1992 ba-

917 2007 1001 2041 xiis.
1038 2006 1199 2041 Phaedr.
1217 2008 1250 2049 5,
1269 2008 1302 2049 7,
1321 2007 1384 2040 36:
1414 2007 1586 2047 Princeps
1613 2006 1656 2039 li-

918 2057 1004 2096 qato
1026 2063 1132 2088 crure
1157 2055 1266 2087 m'vea
1290 2054 1422 2095 fascia.
1440 2068 1484 2076 ——
1502 2052 1655 2096 cubitat]

916 2102 1044 2146 potius
1071 2112 1183 2146 quam
1207 2101 1397 2145 pulvinar,
1429 2099 1530 2145 quod
1557 2109 1658 2134 com-

917 2149 1027 2183 mode
1068 2148 1351 2193 circumgestari
1392 2148 1454 2181 vix
1494 2149 1654 2192 poterat,

917 2196 1072 2231 fasciam
1109 2195 1259 2230 videtur
1298 2194 1531 2240 significare,
1569 2205 1657 2239 qua,

919 2254 993 2288 quo
1030 2243 1183 2277 mollius
1219 2242 1504 2284 accumberent,
1551 2241 1657 2276 cubi-

1383 2288 1540 2331 socalia]
1573 2299 1595 2323 a
1619 2298 1654 2322 v.

1406 2335 1563 2376 Quintil.
1598 2337 1657 2378 11,

917 2294 998 2324 tum
1033 2290 1286 2324 involvebant.
1313 2308 1356 2313 —

917 2340 1031 2380 saum,
1064 2338 1342 2371 Halsbinde.

918 2387 958 2427 3,
991 2388 1084 2419 144:
1127 2385 1350 2426 Palliolum,
1382 2384 1475 2416 sicul
1507 2383 1654 2425 fascias,

917 2434 1047 2473 quibus
1080 2440 1192 2465 crura
1225 2432 1444 2472 vestiamur,
1482 2431 1516 2463 et
1553 2431 1657 2472 soca-

919 2481 970 2513 lia
1004 2482 1037 2513 et
1069 2480 1218 2512 auriam
1252 2479 1452 2519 liqamenta
1483 2477 1565 2510 sola
1591 2485 1655 2510 ex-

917 2535 1045 2560 cusare
1091 2527 1209 2568 potest
1257 2525 1442 2559 valetudo.
1471 2542 1515 2547 —
1550 2531 1655 2557 coro-

917 2574 997 2617 nas]
1031 2573 1079 2607 Et
1111 2572 1151 2606 in
1179 2573 1300 2616 capite
1333 2574 1371 2606 et
1404 2572 1444 2605 in
1471 2570 1568 2604 collo
1593 2580 1656 2604 00-

915 2631 1029 2655 ronas
1071 2619 1261 2665 gerebant.
1312 2618 1390 2652 010.
1421 2617 1529 2652 Verr.
1563 2616 1655 2652 Acc.

917 2669 1146 2711 5‚11,27
1197 2666 1404 2707 Tibu11.1‚
1435 2665 1468 2707 7,
1501 2665 1568 2698 52:
1606 2665 1653 2698 Et

916 2717 1035 2757 capite
1053 2717 1086 2749 et
1104 2715 1197 2748 collo
1214 2714 1342 2747 mollia
1357 2714 1458 2747 serta
1476 2714 1652 2753 uerat.—
