1774 2930
628 146 723 181 Lm.
746 145 776 180 1.
825 143 978 179 EPIST.
1001 143 1068 177 m.

1518 141 1603 181 279

616 245 952 290 EPISTOLA
979 245 1075 287 111.

214 331 295 372 Iuli
324 330 471 383 Flore,
502 329 656 385 quibus
687 332 895 370 terrarum
925 326 1080 368 militet
1110 326 1194 367 oris

217 401 420 444 Claudius
450 401 637 456 Augusti
667 400 908 455 privignus,
940 398 1050 439 seire
1079 396 1238 439 laboro.

218 471 440 514 Thracane
470 485 547 513 vos
578 470 836 525 Hebrusque
866 469 996 510 nivali
1027 467 1231 523 compede
1260 467 1446 519 vinctus,

216 542 287 584 An
317 542 428 585 freta
456 542 618 584 vicinas
650 542 761 583 inter
791 540 1004 582 currentia
1033 543 1192 591 turres,

193 671 266 707 BP.
289 671 356 705 m.
381 675 414 705 4.
440 675 558 705 imas
583 681 604 705 e
630 670 768 704 Codice
791 669 966 704 Blandin.
992 667 1256 712 antiquissimo
1283 665 1488 700 Bentleius.

150 775 212 811 111.
244 777 383 811 Iulium
409 777 581 816 Florum,
605 776 830 810 familiarem

104 834 222 867 suum,
247 827 337 859 tunc
355 825 533 868 temporis
549 824 650 857 inter
676 823 829 857 comites

104 870 246 905 Tiberii
278 871 439 905 Neronis
472 882 506 906 a.
539 882 577 904 u.
611 881 642 904 c.
677 871 755 903 734.
788 870 829 903 in

104 916 292 953 Orientem
317 918 365 953 ab
389 919 558 964 Augusto
587 917 712 958 missi,
744 927 830 962 per-

103 968 288 1008 contatur,
304 965 397 1011 quid
415 965 602 1007 Tiberius,
621 964 711 1009 quid
729 974 828 998 com-

103 1022 237 1047 munes
261 1013 389 1055 amici,
414 1012 507 1058 quid
532 1013 613 1056 ipse
638 1015 724 1056 agat
749 1013 829 1054 (vv,

106 1060 240 1102 1-25.)‚
271 1060 318 1094 ad
343 1059 550 1104 sapientiae
576 1059 742 1093 studium
768 1069 828 1092 ex-

103 1106 195 1141 citat
226 1107 305 1150 (vv.
339 1107 492 1150 25-30.),
524 1109 754 1151 postremum
789 1109 831 1140 ut

104 1163 190 1188 oum
213 1152 393 1196 Munatio,
422 1154 608 1188 communi
634 1153 767 1195 amico,
790 1154 830 1187 in

103 1201 261 1246 gratiam
302 1201 449 1243 redeat,
488 1202 606 1236 amice
648 1202 830 1235 hortatur.

105 1249 184 1290 (vv,
210 1249 347 1291 30-35.)
397 1248 510 1282 ΖΚΜ..
561 1248 668 1290 „Fuit
694 1247 831 1282 Satira-

104 1305 187 1328 rum
213 1295 394 1340 scriptor,
426 1295 536 1329 cuius
569 1298 657 1329 sunt
690 1295 832 1328 electae

105 1342 293 1384 exEnnio,
301 1341 461 1383 Lucilio,
469 1341 652 1376 Varrone.
659 1343 675 1359 “
686 1342 833 1375 PORPH.

104 1388 216 1423 Haud
239 1389 537 1433 improbabiliter
563 1388 608 1422 de
625 1389 736 1422 Floro
760 1389 835 1422 dis-

105 1436 250 1480 putavit
285 1435 522 1470 Weichertus
553 1435 659 1470 Poet.
692 1435 773 1469 Lat.
798 1447 833 1479 p.

107 1484 174 1517 366
200 1493 291 1527 seq.,
315 1483 417 1517 unde
435 1493 540 1528 seqq.
558 1483 833 1527 excerpsimus:

108 1529 194 1572 „Ita
219 1529 447 1564 Scholiastae
478 1530 593 1564 verba
622 1530 835 1575 intelligen-

106 1576 155 1611 da
171 1587 254 1611 esse
271 1579 376 1621 puto,
401 1581 443 1611 ut
458 1577 611 1611 Florum
637 1588 684 1611 ex
699 1577 835 1619 Ennio,

106 1624 256 1658 Lucilio
280 1627 319 1658 et
342 1623 534 1666 Varrone,
567 1635 664 1668 quos
690 1627 836 1658 constat

107 1671 304 1715 scripsisse
353 1671 513 1713 Satiras,
561 1672 836 1715 praestantiora

107 1718 274 1752 carmina
287 1718 447 1763 elegisse
460 1712 579 1763 eaque
598 1719 758 1753 fortasse
771 1729 836 1752 an-

107 1765 293 1810 tiquitatis
317 1766 441 1810 rigore
476 1765 727 1810 sordibusque
753 1766 836 1800 abs-

107 1812 217 1846 tersis
255 1815 292 1846 et
323 1813 578 1846 emendatiora
613 1817 650 1846 et
688 1813 837 1858 elegan-

106 1858 204 1893 tiora
236 1858 399 1894 edidisse
433 1862 639 1894 statuamus
674 1860 756 1902 (vel
781 1860 836 1894 di-

108 1915 190 1940 cam
220 1907 346 1949 potius
378 1906 419 1940 in
453 1917 496 1940 eo
531 1906 764 1947 elaborasse,
795 1910 837 1941 nt

109 1952 263 1986 illorum
281 1951 422 1987 Satires
448 1955 611 1987 sermoni
634 1955 837 1999 captuique

110 1999 325 2042 aequalium
359 2011 512 2034 suorum
546 2001 663 2045 magis
688 2001 840 2045 adapta-

111 2046 197 2087 ret).
210 2045 310 2079 Hinc
322 2046 436 2090 igitur
449 2047 607 2081 fortasse
616 2047 756 2081 factum
770 2051 838 2089 est,

112 2094 156 2124 ut
178 2091 314 2126 Florus
339 2092 418 2135 ipse
445 2093 652 2126 Satirarum
677 2095 838 2138 scriptor

112 2139 555 2220 21131'31223‘133532‘..Ef{.12³⁸
572 2140 839 2220 ”tieem

113 2232 264 2276 genium
290 2235 403 2276 atque
421 2212 546 2267 studia,
570 2198 717 2277 ploetica
741 2234 841 2267 haud

112 2280 219 2323 parvi
252 2279 476 2314 aestimaret.
527 2279 601 2313 Cfr.
627 2279 719 2324 Epp.
746 2283 783 2322 2,
810 2282 841 2314 2.

112 2335 230 2370 prope
256 2326 441 2360 decennio
464 2330 548 2372 post
571 2328 669 2361 hanc
687 2327 732 2361 ad
751 2338 842 2361 eun-

113 2371 198 2406 dem
223 2374 385 2407 missam.

162 2421 251 2452 2-5.
278 2422 470 2464 Claudius]
503 2422 699 2466 Augustus
733 2421 842 2455 Tibe-

115 2466 212 2500 rium
245 2478 276 2500 a.
311 2479 349 2501 u.
384 2479 415 2502 c.
455 2470 534 2502 734.
572 2469 612 2501 in
650 2468 843 2502 Orientem

114 2513 277 2555 miserat,
303 2518 346 2548 ut
363 2515 562 2559 Tigranem
586 2516 625 2548 in
643 2515 843 2549 Armeniae

107 2570 275 2604 'regnum
301 2562 335 2594 ei
360 2562 486 2595 datum
513 2562 728 2596 deduceret.
756 2562 844 2596 Vel-

115 2606 177 2639 lei.
202 2607 347 2642 Patere.
373 2611 412 2650 2,
437 2611 494 2642 94.
521 2628 563 2632 —
591 2611 746 2651 Auousti
766 2611 844 2651 pri-

115 2653 258 2696 m'mms]
283 2655 344 2688 Sic
368 2656 522 2690 honoris
548 2666 662 2690 causa
678 2667 764 2690 eum
781 2667 845 2700 ap-

117 2699 244 2741 pellat,
269 2702 409 2746 quippe
427 2703 493 2746 qui
518 2703 599 2737 sine
617 2703 731 2737 dubio
748 2704 846 2738 hano

878 774 1085 819 Epistolam
1119 774 1288 807 lecturus
1322 776 1432 812 esset.
1482 770 1609 804 Flore·

878 822 969 856 bant
994 822 1198 855 etiamtunc
1224 819 1263 854 C.
1289 822 1327 854 et
1349 819 1391 852 1..
1418 818 1610 859 Caesares,

877 869 1067 914 Agrippae
1105 878 1150 901 ex
1188 867 1285 901 Iulia
1321 866 1409 908 filii,
1450 865 1610 910 Augusti

879 919 1058 960 nepotes,
1095 915 1142 948 ab
1176 915 1246 948 hoc
1279 913 1465 957 adoptati:
1501 912 1611 946 Tibe-

879 964 978 997 rium
1003 962 1192 1006 adoptavit
1209 961 1358 995 demum
1376 971 1409 994 a.
1429 962 1508 994 757.
1535 959 1611 992 cfr.

880 1010 966 1044 Tac.
991 1010 1089 1043 Anu.
1116 1011 1157 1050 6,
1182 1011 1239 1042 51.
1265 1028 1309 1032 -
1334 1009 1426 1041 scire
1463 1005 1611 1049 laboro]

879 1058 1071 1102 aliquanto
1096 1056 1183 1100 plus
1202 1067 1314 1101 quam
1334 1055 1509 1099 „oupio;“
1538 1063 1613 1087 ma-

879 1115 1046 1150 gnopere
1078 1103 1246 1138 studeo.“
1299 1103 1373 1137 Sat.
1406 1104 1446 1143 2,
1478 1103 1517 1142 8,
1546 1103 1612 1134 19:

880 1161 982 1186 nosse
1026 1153 1166 1186 laboro.
1204 1170 1246 1175 —
1287 1149 1450 1191 Thraca]
1493 1148 1614 1182 forma

880 1200 1043 1243 poetica,
1070 1194 1216 1244 Θρᾴκη,
1242 1199 1353 1232 etiam
1379 1196 1480 1240 apud
1507 1195 1613 1240 Virg.

881 1247 974 1280 Aen.
1005 1248 1066 1285 12,
1094 1247 1174 1280 335.
1224 1245 1335 1279 Teste
1369 1247 1492 1278 autem
1519 1242 1612 1276 Sue-

882 1294 985 1327 tonio
1012 1293 1092 1326 Tib.
1123 1297 1177 1326 14.
1228 1292 1403 1326 Tiberius
1430 1291 1526 1324 hanc
1553 1300 1614 1323 ex·

881 1340 1110 1384 peditionem
1137 1340 1397 1373 Armeniacam
1430 1337 1522 1370 fecit
1547 1347 1614 1380 per

882 1387 1139 1421 Macedoniam
1173 1390 1209 1421 et
1235 1386 1443 1420 Thraciam.
1471 1403 1513 1407 —
1541 1385 1615 1416 He-

884 1434 1053 1476 brusque]
1079 1434 1164 1468 Vid.
1190 1433 1238 1468 ad
1256 1433 1325 1467 Od.
1352 1435 1384 1471 1,
1411 1434 1468 1473 25,
1494 1434 1550 1465 20.
1571 1449 1612 1454 -

883 1481 1011 1524 nivali]
1039 1482 1246 1522 „hiemali.“
1299 1479 1375 1513 Cfr.
1401 1478 1470 1513 Od.
1499 1482 1529 1520 1,
1556 1480 1613 1519 37,

885 1532 947 1563 19;
980 1530 1111 1562 nivalis
1144 1530 1386 1562 Haemoniae.
1437 1525 1515 1569 „Ut
1539 1525 1615 1558 Ho-

883 1576 1002 1609 ratius
1027 1577 1136 1619 aquis
1162 1575 1280 1621 glacie
1307 1573 1497 1608 adstrictis
1522 1581 1615 1605 com-

882 1625 1010 1664 pedem
1034 1623 1180 1664 tribuit,
1205 1624 1257 1656 ita
1282 1621 1470 1666 Virgilius
1496 1619 1562 1653 Ge.
1582 1624 1615 1662 4,

887 1673 965 1704 136.
997 1672 1144 1712 [renum
1177 1676 1213 1703 et
1246 1669 1414 1714 Sympos.
1444 1668 1615 1712 Aenigm.

887 1721 942 1757 10,
968 1719 1000 1759 2,
1026 1718 1208 1751 calenas.“
1237 1717 1384 1750 OBBAR.
1410 1734 1452 1738 —-
1479 1713 1616 1756 turres]

886 1764 1034 1807 „Herus
1066 1768 1103 1799 et
1127 1764 1302 1798 Leandri.
1351 1763 1455 1796 Inter
1482 1761 1616 1795 Seston

885 1815 922 1846 et
938 1812 1097 1856 Abydon
1123 1812 1287 1845 medium
1305 1814 1362 1844 est
1379 1809 1616 1853 Hellesponti

884 1860 1056 1893 fretum.“
1090 1859 1293 1892 PORPHYR.
1325 1858 1428 1897 Quae
1455 1856 1618 1900 explica-

886 1907 938 1940 tio
981 1906 1223 1940 confirmatur
1269 1906 1379 1939 etiam
1421 1903 1618 1938 Strabonis

889 1956 951 1995 13,
977 1956 1033 1988 22.
1066 1955 1149 1987 loco
1184 1953 1230 1987 de
1264 1953 1464 1996 utriusque
1491 1949 1618 1994 oppidi

887 2002 982 2041 situ,
1015 2001 1061 2034 de
1087 2001 1233 2034 duobus
1260 1998 1417 2045 πύργοις
1443 2002 1479 2032 et
1504 2008 1619 2031 cursu

886 2058 1088 2091 aquarum:
1115 2051 1198 2093 περὶ
1226 2047 1292 2080 τοῦ
1317 2045 1387 2093 ῥοῦ
1407 2046 1472 2079 τοῦ
1491 2045 1533 2077 ἐκ
1552 2044 1619 2086 πῆς

887 2094 1160 2139 Προποντίδος.
1216 2094 1376 2135 (Catuu.
1419 2095 1483 2127 64.
1526 2094 1619 2124 358:

887 2142 988 2173 unda
1010 2142 1237 2182 scamandri,
1263 2142 1364 2181 Quae
1384 2140 1522 2181 passim
1547 2147 1620 2171 ra-

886 2189 990 2228 pido
1031 2188 1251 2227 diffunditur
1291 2186 1618 2227 Hellesponto.)

890 2233 934 2266 V.
966 2236 1084 2267 turres
1109 2234 1226 2279 igitur
1257 2234 1407 2278 proprie
1432 2232 1620 2277 accipien-

890 2281 999 2322 dum,
1024 2291 1067 2314 ac
1093 2281 1227 2314 suadet
1252 2282 1363 2315 etiam
1389 2281 1538 2324 politica
1563 2290 1621 2313 ra-

891 2328 961 2368 tio,
987 2333 1028 2361 ut
1054 2328 1223 2362 turribus
1247 2328 1323 2362 illis
1349 2328 1515 2362 omnium
1543 2338 1620 2360 ser-

890 2386 1000 2409 mone
1034 2375 1231 2410 celebratis
1265 2375 1402 2420 oppida
1433 2375 1499 2408 illa
1523 2374 1622 2408 desi-

891 2426 1065 2466 gnentur,
1079 2422 1205 2466 potius
1216 2434 1327 2467 quam
1338 2423 1493 2456 notione
1503 2421 1621 2455 omni-

890 2469 962 2503 bus
986 2469 1145 2503 urbibus
1169 2471 1378 2511 communi;
1410 2480 1534 2513 neque
1561 2479 1622 2502 ex-

891 2516 1106 2560 plicandum
1120 2519 1187 2550 aut
1198 2519 1353 2550 turritas
1366 2518 1472 2550 urbes
1488 2517 1546 2557 (ut
1560 2515 1621 2548 Ti-

891 2563 983 2597 bull.
1012 2567 1042 2604 1,
1069 2565 1101 2604 7,
1130 2566 1190 2597 19:
1220 2566 1330 2604 thue
1348 2565 1462 2596 maris
1478 2566 1623 2595 vastum

889 2613 1092 2652 prospectet
1110 2613 1273 2644 turribus
1287 2619 1425 2651 aequor
1435 2629 1449 2635 -
1459 2627 1474 2633 -
1485 2610 1622 2651 Tyros.)

892 2661 958 2691 aut
981 2659 1157 2699 scopulos.
1176 2677 1219 2682 -
1245 2657 1451 2698 currentia]
1479 2656 1526 2690 de
1551 2656 1624 2689 fre-

893 2704 953 2745 tis,
978 2707 1021 2738 ut
1036 2705 1153 2739 Poeta
1177 2705 1276 2749 apud
1301 2704 1376 2738 Cic.
1403 2703 1450 2737 de
1465 2702 1508 2737 N.
1526 2703 1571 2736 D.
1590 2705 1623 2744 3,
