1774 2930
158 157 244 199 202

275 257 333 300 Et
365 259 576 315 quondam
609 260 775 302 maiora
803 260 896 302 tuli.

657 158 864 193 HORATII
889 158 1172 195 SATIRARUM

959 260 1029 303 Tu
1057 262 1273 317 protinus,
1305 263 1419 306 unde

276 329 462 372 Divitias
494 331 692 386 aerisque
723 345 864 384 ruam,
897 331 965 374 dic
995 346 1151 388 augur,
1184 348 1372 376 acervos.

274 400 381 442 Dixi
412 401 610 457 equidem
642 405 685 444 et
716 401 834 444 dico:
868 406 1014 459 captes
1046 407 1212 446 astutus
1243 405 1403 461 ubique

278 471 557 515 Testamenta
587 487 758 526 senum,
790 487 894 527 neu,
929 475 966 516 si
997 474 1116 517 vafer
1145 490 1256 517 unus
1288 480 1332 519 et
1345 476 1470 520 alter

275 542 575 586 Insidiatorem
605 558 807 600 praeroso
838 544 997 601 fugerit
1026 545 1173 600 hamo,

1619 547 1681 588 25

277 614 366 655 Aut
398 629 519 671 spem
550 615 739 671 deponas
772 620 845 658 aut
875 620 1010 659 artem
1040 617 1191 659 illusus
1223 618 1410 660 omittas.

276 684 435 741 Magna
464 686 656 730 minorve
687 686 778 729 foro
811 687 846 728 si
878 702 947 730 res
980 688 1212 730 certabitur
1244 689 1363 743 olim,

277 756 406 799 Vivet
436 761 532 800 uter
561 758 752 814 locuples
785 759 877 801 sine
908 759 1069 814 gnatis,
1100 760 1339 816 improbus,
1371 761 1482 803 ultro

279 826 363 875 Qui
395 829 616 872 meliorem
646 829 788 872 audax
818 834 942 872 vocet
973 830 1017 871 in
1049 831 1136 884 ius,
1170 831 1283 872 illius
1316 835 1408 873 esto

274 899 509 968 Defeqsor3
542 900 656 942 fama
688 901 825 943 civem
856 916 1068 957 causaque
1099 902 1286 958 priorem

1617 902 1678 943 30

279 969 463 1027 Sperne,
497 971 611 1013 domi
643 973 679 1013 si
711 976 866 1027 gnatus
898 973 979 1015 erit
1010 972 1245 1016 fecundave
1277 974 1447 1015 coniux.

279 1040 458 1096 Quinte,
481 1047 604 1099 puta,
628 1047 701 1084 aut
722 1042 869 1097 Publi,
890 1068 943 1073 -
967 1043 1155 1099 gaudent
1175 1045 1450 1100 praenomine
1471 1044 1621 1086 molles
1651 1039 1658 1046 ⁶

277 1112 508 1156 Auriculae
542 1138 595 1143 —
627 1114 706 1156 tibi
738 1129 806 1157 me
838 1115 974 1156 virtus
1006 1120 1080 1157 tua
1112 1115 1215 1157 fecit
1245 1115 1451 1169 amicum3

277 1183 349 1226 Ius
381 1198 539 1241 anceps
571 1186 690 1239 novi,
725 1200 876 1228 causas
908 1186 1138 1229 defendere
1169 1200 1369 1243 possum,

159 1315 220 1375 δή,
247 1318 395 1366 κραδίη·
421 1322 487 1353 καὶ
505 1317 688 1368 κύντερον
704 1317 799 1354 ἄλλο
817 1322 900 1354 ποτ’

158 1362 269 1410 ἔτλης
307 1386 350 1391 --
376 1368 500 1411 ruam]
533 1379 706 1411 „eruam,
739 1379 900 1413 propere

158 1414 251 1448 mihi
276 1416 439 1459 parem.“
492 1415 536 1449 V.
562 1425 673 1449 ruere
703 1416 900 1450 transitive

159 1465 385 1506 usurpatum
413 1466 490 1506 est,
527 1467 569 1497 ut
593 1463 716 1497 Plaut.
742 1463 840 1497 Rud.
867 1466 900 1506 2,

160 1511 193 1551 6,
213 1511 279 1542 58;
306 1511 364 1543 Ibi
389 1519 446 1544 me
465 1520 639 1544 corruere
654 1520 758 1552 posse
777 1513 900 1544 aiebas

161 1558 319 1590 divitias.
371 1556 475 1603 Virg.
503 1557 568 1592 Ge.
598 1561 629 1599 1,
658 1560 744 1592 105:
778 1567 902 1592 cumu-

151 1605 287 1644 vlotique
324 1606 399 1638 ruit
436 1607 533 1638 male
564 1607 712 1647 pinquis
749 1614 899 1640 arenae.

157 1650 254 1685 Aen.
283 1654 347 1694 11,
385 1654 472 1686 211:
509 1655 541 1686 et
568 1655 719 1695 confusa
745 1655 900 1687 ruebant

160 1698 358 1740 (celeriter
384 1701 635 1745 colligebant)
675 1696 765 1734 Ossa
799 1702 899 1743 sociS.

162 1765 204 1769 —
229 1748 569 1790 praeroso-hamo]
611 1750 768 1790 „vorata
803 1758 900 1791 esca,

161 1795 396 1839 consumptis
423 1796 498 1828 tuis
525 1799 562 1829 et
585 1795 745 1839 perditis
770 1806 901 1828 mune-

159 1840 301 1875 ribus.“
355 1841 482 1875 COMM.
510 1842 631 1880 CRUQ.
680 1842 840 1876 Martial.
867 1845 899 1884 6,

161 1890 218 1930 63,
244 1890 285 1921 5:
315 1891 478 1924 Munera
503 1898 641 1930 maana
666 1891 810 1929 quidem
834 1891 900 1922 mi-

159 1937 224 1978 sit,
263 1937 327 1969 sed
362 1938 458 1969 misit
495 1938 534 1969 in
573 1938 692 1970 hamo.
741 1936 899 1970 Lucian.

159 1982 204 2016 D.
240 1982 286 2016 M.
323 1986 363 2026 6,
397 1987 431 2017 4.
465 1984 685 2028 heredipeta
717 1983 762 2017 de
789 1994 899 2018 sene:

160 2027 183 2063 ὁ
217 2029 257 2062 δὲ
291 2030 481 2065 τοσοῦτόν
514 2042 584 2074 μοι
615 2030 747 2079 δέλεαρ
779 2042 899 2064 κατα-

161 2075 258 2111 πιών
275 2076 497 2122 ἐφειστήκει
516 2079 746 2125 θαπτομένῳ
765 2075 896 2126 τρῴην

161 2124 356 2169 ἑτιγελῶν.
383 2146 425 2150 -
453 2126 591 2169 artem]
622 2126 780 2161 Lucian.
806 2127 895 2160 ibid.

162 2174 202 2206 3:
229 2173 339 2216 (Vos,
375 2175 622 2218 captatores),
648 2171 786 2217 καινήν
812 2185 898 2207 τινα

160 2218 303 2264 ταύτην
322 2223 459 2275 τέχνην
476 2218 749 2265 επινενοήκατε
771 2222 898 2276 γραῶι

161 2270 224 2301 καὶ
228 2265 433 2323 γερόντων
451 2269 620 2316 ερῶντες,
647 2271 712 2302 καὶ
728 2267 899 2312 μάλιστα

161 2325 195 2347 ει
219 2312 372 2349 ἄτεκνοι
399 2322 484 2350 εὶεν,
525 2316 670 2350 Seneca
695 2317 740 2350 de
766 2317 897 2350 Benef.

162 2363 202 2402 6
231 2364 293 2396 38:
336 2364 556 2397 Arruntium
583 2367 615 2397 et
640 2366 839 2397 Haterium
865 2367 898 2397 et

161 2412 307 2453 ceteros,
335 2412 398 2451 qui
421 2413 689 2452 captandorum
707 2414 898 2445 testamen-

161 2458 283 2490 torum
309 2461 425 2490 artem
448 2459 605 2499 professi
629 2461 724 2492 sunt.

210 2506 331 2538 27-37.
357 2507 388 2537 si
413 2514 471 2538 res
497 2506 709 2549 certabitur]
730 2505 805 2539 Cfr.
822 2505 897 2539 Sat.

163 2553 196 2593 2,
223 2554 255 2595 1,
281 2554 338 2586 49.
376 2551 458 2586 Liv.
486 2555 540 2593 25,
569 2555 608 2585 3:
643 2555 702 2586 cui
729 2553 896 2595 (multae)

163 2600 360 2633 certandae
386 2608 467 2633 cum
501 2601 576 2633 dies
610 2602 826 2634 advenisset.
854 2620 897 2624 —

162 2647 265 2689 olim]
296 2646 534 2691 „aliquanda
567 2650 667 2681 certo
695 2651 873 2692 tempore.
880 2648 896 2665 ⁰⁵

163 2713 206 2717 —
226 2695 347 2728 Vivet·
357 2694 579 2737 -improbusJ
603 2694 778 2728 Refertur
792 2705 900 2739 prae-

164 2741 293 2775 sertim
330 2742 377 2776 ad
414 2741 539 2775 litium
576 2742 816 2776 iniustarum.
841 2752 899 2776 ca-

949 1321 1254 1366 lumniarumque
1289 1321 1468 1356 studium.
1500 1339 1546 1345 --
1574 1319 1685 1364 puta}

951 1369 1134 1414 „exempli
1161 1369 1318 1412 causa“;
1344 1369 1409 1414 qui
1421 1368 1683 1414 Imperativus,

949 1417 1014 1450 ubi
1041 1416 1148 1462 quasi
1175 1416 1343 1451 adverbii
1368 1417 1470 1450 vices
1495 1416 1602 1461 gerit,
1626 1415 1686 1449 ul-

950 1464 1076 1498 timam
1126 1464 1308 1509 syllabam
1356 1463 1524 1508 corripit.
1576 1462 1686 1496 Anti-

951 1512 1174 1556 quissimum
1208 1512 1320 1545 huius
1354 1522 1447 1545 usus
1473 1510 1684 1555 exemplum

950 1559 989 1592 in
1031 1570 1146 1603 prosa
1193 1559 1364 1593 oratione
1405 1558 1554 1592 videtur
1601 1567 1687 1592 esso

948 1605 1057 1640 Rhet.
1092 1607 1139 1640 ad
1171 1606 1337 1640 Herenn.
1371 1607 1412 1648 2,
1450 1608 1511 1648 11,
1547 1607 1610 1639 16:
1646 1606 1686 1639 Si

950 1655 1160 1694 ambiquum
1187 1657 1236 1687 est
1261 1654 1454 1695 scriptum,
1486 1655 1546 1694 ut,
1577 1654 1684 1694 puta,

951 1703 1047 1742 quod
1070 1702 1110 1733 in
1134 1702 1227 1734 duas
1253 1703 1319 1733 aut
1332 1701 1461 1742 plures
1483 1700 1684 1732 sententias

950 1749 1050 1781 trahi
1070 1749 1199 1789 possit,
1227 1749 1292 1780 hoc
1317 1749 1422 1780 modo
1448 1748 1686 1780 tractandum

950 1798 1010 1828 est.
1059 1795 1209 1828 Pluries
1256 1794 1311 1828 sic
1352 1794 1543 1838 reperitur
1584 1793 1684 1838 apud

951 1842 1113 1876 Celsum.
1164 1841 1239 1875 cfr.
1266 1841 1411 1875 Colum.
1437 1843 1471 1883 5,
1497 1843 1530 1883 2,
1555 1843 1595 1874 4:
1619 1842 1686 1887 Sin

949 1892 1070 1923 autem
1111 1892 1285 1922 cuneatus
1327 1897 1415 1930 aver
1463 1890 1593 1930 suerit,
1643 1890 1685 1921 ut

945 1939 1050 1979 puta,
1080 1938 1206 1978 lonous
1229 1938 1319 1978 pede
1345 1938 1488 1969 centum
1509 1938 1591 1977 cet„
1617 1935 1683 1969 ubi

949 1985 1063 2029 paulo
1095 1986 1181 2018 ante
1208 1986 1265 2018 est
1299 1984 1456 2025 exempli
1488 1991 1611 2016 causa.
1638 2001 1684 2006 —

945 2031 1198 2074 praenomine]
1215 2031 1450 2065 Praenomen
1467 2029 1543 2064 civi
1559 2029 1684 2064 libero

946 2079 1142 2123 proprium
1169 2082 1206 2112 et
1229 2078 1330 2112 inter
1363 2080 1544 2123 cognatos
1577 2076 1686 2110 fami-

945 2127 1189 2171 miliaresque
1215 2126 1408 2160 usitatum.
1447 2124 1522 2159 Cfr.
1549 2124 1623 2158 Sat.
1649 2126 1685 2168 2,

947 2176 987 2217 6,
1027 2176 1082 2208 37.
1134 2173 1210 2207 cio.
1247 2173 1295 2207 ad
1330 2173 1430 2207 Fam.
1471 2175 1510 2215 1,
1547 2174 1588 2214 9,
1628 2173 1682 2206 19.

949 2221 991 2261 Q.
1006 2221 1139 2255 Cicero
1158 2221 1204 2255 de
1222 2221 1300 2254 Pet.
1320 2219 1432 2254 Cous.
1460 2221 1492 2262 7,
1519 2221 1583 2253 28;
1611 2220 1683 2261 Qui

946 2270 1099 2310 incipiat
1124 2269 1304 2301 Antonius
1338 2269 1538 2309 adiunoere
1572 2268 1681 2307 atque

946 2318 1101 2350 invitare
1126 2317 1174 2349 ad
1200 2316 1412 2357 amicitiam,
1441 2323 1530 2355 quos
1551 2322 1619 2355 per
1642 2322 1682 2346 se

946 2372 1013 2397 suo
1038 2364 1183 2397 nomine
1217 2363 1406 2403 adpellare
1439 2370 1512 2394 non
1542 2361 1683 2402 possit?

947 2411 1050 2444 Pers.
1089 2412 1129 2452 5,
1168 2412 1231 2443 79:
1281 2411 1431 2443 Marcus
1467 2410 1599 2442 Dama.
1636 2425 1680 2430 —

947 2457 1088 2500 molles]
1105 2467 1223 2501 „quae
1240 2456 1435 2490 blanditiis
1452 2454 1682 2500 permulceri

948 2508 1074 2539 amant
1113 2508 1169 2545 et,
1207 2504 1238 2538 si
1276 2514 1352 2537 non
1386 2503 1682 2548 permulcentur,

949 2552 1224 2586 offenduntur.“
1286 2550 1385 2584 Plin.
1435 2550 1573 2594 Paneg.
1616 2550 1681 2582 68:

947 2601 1063 2634 Scires
1112 2599 1332 2632 mollissimis
1392 2599 1469 2631 istis
1530 2597 1682 2630 auribus

945 2649 1062 2689 parci.
1113 2646 1284 2679 Variavit
1319 2644 1475 2679 Persius
1515 2644 1679 2686 1,107:

949 2699 1117 2728 teneras·
1129 2694 1355 2726 ·auriculae
1374 2711 1418 2716 —
1436 2693 1500 2725 Ius
1533 2689 1682 2732 anceps]

951 2742 1196 2786 „plerumque
1215 2743 1508 2775 controversum.
1515 2739 1531 2756 ‘⁴
1549 2738 1680 2771 Iuven.
