1774 2930
685 171 779 206 ΔΒΕ
802 169 1025 214 ΡΟΕΤῙΟΔ.
1526 168 1613 211 467

102 285 179 311 non
211 274 396 320 potuerit,
428 283 667 318 nequaquam
700 271 823 306 video.
870 269 1008 304 Minori
1032 272 1161 305 autem
1184 269 1262 304 filio
1287 269 1444 304 honoris
1469 272 1614 303 tantum

101 332 218 356 causa
247 322 452 356 memorato
485 322 687 365 praecepta
719 329 797 353 non
822 317 1023 352 traduntur
1048 317 1105 361 (v.
1131 317 1228 359 366.)
1277 315 1410 362 Neque
1434 316 1532 351 aliae
1557 316 1615 349 in-

102 371 192 403 sunt
214 367 473 410 difficultates,
499 378 595 412 quae
620 365 804 400 removeri
828 366 1031 410 nequeant.
1064 375 1150 399 nam
1175 375 1221 398 ex
1246 374 1308 406 eo,
1335 363 1437 408 quod
1460 362 1503 396 L.
1528 363 1615 397 Piso

101 417 190 461 post
220 415 456 450 consulatum
488 414 535 448 ab
558 413 660 448 Urbe
693 413 848 454 afuerit,
880 411 981 446 haud
1006 413 1109 446 recte
1134 423 1156 446 a
1188 410 1384 445 nonnullis
1410 409 1615 455 colligitur,

101 473 170 507 per
202 473 267 496 eos
291 472 411 496 annos
436 461 484 496 ad
515 461 693 495 maiorem
727 461 809 494 eius
834 458 973 500 filium,
998 458 1158 502 Romae,
1192 462 1234 492 ut
1257 461 1369 504 puto,
1402 458 1612 503 degentem,

102 510 200 544 hanc
233 509 430 554 epistolam
463 508 615 542 omnino
649 506 762 542 scribi
796 517 871 540 non
905 506 1104 553 potuisse,
1126 505 1192 540 sed
1218 505 1397 550 scriptam
1422 516 1503 540 esse
1525 509 1615 545 ,aute

102 557 340 591 consulatum
371 567 405 590 a.
430 566 468 589 u.
493 566 524 589 c.
549 556 630 589 739.
664 555 723 588 vel
751 554 822 588 hoc
856 553 938 597 ipso
973 564 1085 587 anno.
1134 552 1243 592 Quod
1268 563 1356 587 vero
1383 552 1524 587 nullam
1551 562 1615 596 pa-

103 604 172 638 tris
197 614 323 637 rerum
347 604 535 648 gestarum
560 600 789 636 mentionem
813 600 956 642 iniicit,
990 611 1036 634 ex
1060 611 1104 634 eo
1131 599 1379 644 explicamus,
1412 599 1515 644 quod
1539 599 1615 633 Ho-

102 650 223 684 ratius
255 661 278 684 a
309 649 537 695 panegyrico
571 659 708 694 genere
742 658 898 692 prorsus
931 647 1168 682 abhorrebat.
1218 646 1466 686 Quinctilium
1492 649 1615 680 autem

103 697 245 731 Varum
273 696 343 732 etsi
376 698 565 730 mortuum
598 696 671 729 iam
697 706 729 729 a.
755 706 792 729 u.
817 705 848 728 c.
874 696 956 729 730.
987 693 1069 728 XV.
1094 697 1180 739 post
1204 693 1315 728 annis
1339 697 1529 739 tamquam
1555 704 1616 728 ve-

103 755 188 779 rum
213 744 335 779 critici
361 743 551 789 specimen
576 741 724 776 laudari
748 753 782 776 v.
808 743 889 776 438.
923 752 1000 775 non
1030 741 1219 786 potuisse,
1250 742 1413 777 amicum
1444 752 1616 786 praeser-

103 791 170 825 tim
194 793 328 836 poetae
354 789 702 824 coniunctissimum
727 787 821 831 (Od.
848 791 885 831 1,
910 789 1003 831 24.)‚
1037 799 1145 823 nemo
1170 799 1238 833 pro
1266 791 1367 822 certo
1394 789 1617 830 contendet;

103 837 228 880 immo,
253 837 356 882 quod
380 837 518 871 mortui
543 836 654 870 amici
678 839 754 870 tam
778 835 983 870 honorifice
1006 835 1197 878 meminit,
1221 835 1380 880 gratiam
1405 846 1449 869 ao
1473 835 1617 869 festivi-

101 887 218 919 tatem
242 885 357 919 totius
381 884 455 918 loci
479 894 705 928 magnopere
730 885 859 928 auget,
892 893 995 924 cum,
1028 883 1060 916 si
1093 883 1265 916 criticum
1298 882 1464 927 aliquem
1489 882 1619 917 etiam—

106 934 199 966 tunc
220 931 465 976 superstitem
489 931 541 964 ita
566 930 767 971 laudasset,
791 929 1020 964 adulationis
1046 929 1189 963 crimen
1207 929 1268 963 vix
1284 929 1451 964 devitare
1476 930 1619 974 potuis-

103 981 173 1012 set.
221 978 351 1023 Neque
383 988 472 1012 vero
507 988 552 1010 ex
576 987 609 1010 V.
635 978 692 1010 55.
726 976 883 1021 colligas
916 977 1123 1010 etiamtunc
1154 976 1290 1011 vixisse
1316 976 1520 1022 Virgilium
1545 977 1620 1011 Va-

104 1025 299 1070 riumque,
333 1035 419 1059 oum
450 1023 565 1058 verba
589 1023 679 1058 satis
713 1023 903 1057 commode
938 1023 992 1057 sic
1024 1023 1207 1067 explicari
1239 1023 1408 1068 possint:
1451 1024 1618 1069 „Magnis

104 1072 244 1116 poetis,
276 1071 408 1117 quales
440 1073 571 1104 nostra
603 1072 722 1104 aetate
748 1070 806 1104 illi
839 1071 1026 1104 fuerunt.“
1077 1069 1239 1105 Maxima
1262 1070 1467 1105 difficultas
1493 1075 1619 1105 autem

101 1117 295 1163 plerisque
325 1117 407 1152 visa
438 1120 496 1152 est
526 1117 612 1159 illa,
645 1117 747 1162 quod
779 1117 824 1151 A.
855 1117 898 1151 P.
924 1115 1004 1151 387.
1054 1117 1116 1162 Sp.
1152 1116 1320 1152 Maecius
1346 1117 1470 1163 Tarpa
1501 1118 1618 1152 mani-

102 1165 197 1199 festo
232 1168 419 1210 tamquam
451 1164 559 1198 vivus
592 1167 836 1205 memoratur,
871 1164 933 1198 cui
967 1164 1041 1198 iam
1075 1175 1109 1198 a.
1142 1176 1179 1198 u.
1215 1176 1247 1199 c.
1274 1167 1355 1198 699.
1389 1177 1412 1199 a
1436 1165 1617 1210 Pompeio

102 1211 237 1258 Magno
263 1211 520 1246 demandatam
546 1222 628 1245 esse
654 1211 793 1246 scimus
819 1222 947 1245 curam
971 1211 1252 1256 probandarum
1268 1212 1494 1254 fabularum,
1520 1223 1618 1256 quae

103 1258 144 1292 in
177 1258 278 1294 ludis
311 1259 390 1293 suis
426 1260 555 1292 essent
587 1258 767 1292 edendae.
816 1258 893 1292 Cic.
926 1258 973 1292 ad
1005 1258 1106 1292 Fam.
1131 1261 1172 1298 7,
1199 1262 1239 1301 1,
1266 1262 1297 1293 1.
1346 1259 1485 1293 Verum
1518 1259 1619 1294 wei-

105 1304 210 1338 chert
232 1305 275 1339 P.
298 1305 341 1338 L.
374 1316 410 1350 p.
436 1307 515 1338 334.
549 1308 649 1338 recte
682 1306 828 1339 monuit
860 1307 1013 1350 propter
1047 1307 1118 1339 hoc
1152 1316 1229 1339 non
1262 1317 1344 1340 esse
1378 1306 1619 1352 cogitandum

105 1351 151 1385 de
177 1352 437 1386 aedilitate
461 1350 608 1385 Maecii.
632 1351 709 1385 Iam
736 1352 801 1386 ubi
827 1353 1069 1386 statuerimus
1095 1353 1197 1386 hunc
1221 1364 1255 1387 a.
1273 1364 1310 1386 u.
1336 1363 1368 1388 c.
1394 1356 1474 1388 699.
1500 1354 1619 1388 fuisse

105 1400 227 1433 aetate
253 1398 468 1443 quaestoria
494 1397 681 1440 (XXVIII.
707 1399 823 1441 ann.),
848 1403 959 1433 natus
986 1410 1072 1433 cum
1097 1399 1147 1434 sit
1171 1400 1322 1433 circiter
1348 1411 1381 1434 a.
1407 1412 1444 1434 u.
1469 1412 1500 1435 c.
1527 1403 1619 1443 672„

105 1447 271 1489 tempore
295 1445 412 1479 huius
439 1445 654 1490 scriptionis
681 1456 796 1480 senex
820 1446 892 1479 fuit
915 1456 1101 1480 annorum
1124 1445 1261 1489 LXX,
1288 1458 1364 1491 qua
1389 1451 1508 1482 aetate
1535 1459 1620 1492 per-

103 1492 214 1526 multi
248 1494 285 1526 et
315 1492 473 1526 fuerunt
504 1494 542 1526 et
573 1492 789 1526 etiamnunc
826 1496 914 1527 sunt
950 1493 1110 1537 perboni
1146 1495 1360 1538 poematum
1398 1495 1540 1538 critici3
1578 1499 1620 1528 ut

103 1541 247 1573 taceam
272 1539 432 1574 consilio
458 1539 545 1579 illo,
573 1539 671 1583 quod
695 1539 824 1573 Pisoni
850 1539 979 1583 datur,
1004 1541 1132 1585 potius
1158 1541 1289 1575 scitam
1312 1540 1446 1575 Maecii
1472 1542 1619 1576 laudem

103 1587 302 1629 contineri,
327 1597 439 1630 quam
463 1588 506 1619 ut
530 1586 733 1620 crediderit
757 1597 923 1630 uuquam
946 1587 1026 1621 fore
1044 1613 1053 1630 ‚
1077 1590 1121 1621 ut
1143 1587 1365 1622 adolescens
1390 1589 1618 1623 carminibus

104 1632 216 1667 nimis
248 1633 468 1677 frequenter
502 1643 587 1666 cum
620 1643 709 1667 sene
744 1635 1025 1668 communicatis
1058 1635 1148 1668 huic
1172 1634 1280 1668 valde
1312 1635 1619 1670 incommodaret.

103 1679 214 1719 Quod
245 1679 292 1714 ad
324 1679 367 1714 L.
398 1679 548 1714 Pisonis
580 1680 761 1723 praefecti
794 1680 891 1715 filios
924 1681 1075 1724 attinet,
1108 1682 1205 1715 nihil
1239 1693 1328 1716 sane
1362 1682 1408 1717 de
1441 1683 1499 1717 his
1532 1694 1621 1727 cou-

104 1728 196 1770 stat,
228 1727 304 1761 nisi
337 1727 439 1771 quod
462 1726 561 1760 Acro
585 1728 739 1760 Lucium
770 1731 878 1761 vocat
909 1730 1086 1762 maiorem
1116 1730 1287 1762 iuvenum
1321 1740 1353 1763 v.
1381 1732 1460 1764 366.
1486 1731 1528 1764 L.
1554 1742 1620 1764 aue

104 1775 178 1807 tem
209 1773 297 1808 Piso
330 1773 414 1816 ille,
448 1773 581 1807 consul
613 1773 679 1818 qui
712 1774 786 1807 fuit
816 1786 849 1808 a.
883 1786 920 1808 u.
954 1786 984 1809 c.
1011 1777 1092 1810 753.
1126 1776 1311 1821 cuiusque
1331 1778 1621 1822 ‘magnanimem

104 1820 317 1855 libertatem
349 1823 530 1854 memorat
554 1820 640 1854 Tae.
665 1820 764 1854 Ann.
790 1823 830 1863 2,
856 1823 933 1863 34„
965 1834 998 1857 a.
1031 1834 1069 1855 u.
1103 1833 1133 1856 c.
1169 1824 1248 1857 769.
1282 1825 1379 1868 (quo
1413 1835 1459 1858 ex
1492 1829 1622 1859 nostra

105 1867 324 1901 coniectura
347 1867 481 1900 XLIII.
506 1878 626 1902 annos
652 1870 764 1902 natus
790 1868 925 1902 fuisset
946 1868 990 1903 L.
1006 1869 1156 1904 Pisonis
1181 1870 1366 1914 praefecti
1392 1871 1478 1905 urbi
1503 1871 1620 1914 filius)

106 1916 143 1947 et
166 1916 323 1948 mortem
348 1917 617 1958 opportunam,
650 1925 726 1959 qua
750 1916 957 1950 exstinctus
991 1919 1048 1950 est
1073 1919 1159 1951 ante
1193 1929 1305 1962 quam
1331 1929 1419 1952 reus
1444 1922 1620 1962 peractus

107 1962 208 1993 esset
231 1971 265 1994 a.
289 1971 327 1993 n.
352 1970 384 1993 c.
409 1962 489 1994 777.
512 1960 612 1995 Anu.
637 1963 679 2004 4,
706 1963 782 2004 21.‚
808 1965 933 1996 utrum
957 1963 1067 1997 Lucii
1094 1975 1169 1998 cos.
1195 1966 1298 2007 739.,
1324 1976 1372 1998 an
1399 1965 1517 2000 Gnaei
1545 1976 1621 2001 cos.

107 2008 208 2047 731„
238 2015 286 2038 an
310 2006 468 2040 fortasse
493 2008 594 2040 tertii
626 2008 788 2042 alicuius
813 2009 962 2043 Pisonis
994 2010 1096 2044 filius
1122 2011 1255 2053 fuerit,
1287 2022 1357 2045 nos
1392 2012 1621 2057 ignoramus.

108 2051 267 2096 Propter
292 2052 469 2095 rationes,
494 2064 588 2097 quas
613 2054 743 2096 attuli,
769 2055 943 2098 equidem
968 2057 1124 2100 antiquo
1151 2056 1380 2092 Scholiastae
1406 2060 1623 2094 testimonio

79 2099 83 2101 '
108 2098 290 2143 refragari
315 2099 444 2132 nolim.
484 2100 533 2132 At
558 2100 624 2144 qui
649 2101 719 2134 rati
745 2104 834 2134 sunt
857 2101 986 2135 Artem
1011 2104 1194 2146 poeticam
1220 2105 1398 2148 scriptam
1424 2116 1506 2140 esse
1531 2110 1623 2140 tem-

108 2155 200 2189 pore
225 2146 415 2179 anteriore
438 2146 540 2179 intra
564 2157 683 2180 annos
702 2149 911 2189 'wo—735„
938 2160 1010 2192 quo
1029 2152 1195 2194 tempore
1213 2161 1345 2185 recens
1370 2152 1487 2186 fuerit
1505 2153 1623 2192 Quin-

110 2192 205 2225 ctilii
237 2193 434 2235 memoria,
471 2193 632 2226 vixerint
665 2194 868 2228 etiamtunc
899 2194 1084 2240 Virgilius
1119 2199 1156 2230 et
1188 2196 1347 2240 Varius,
1379 2198 1621 2244 Maeciusque

109 2238 231 2283 aptior
256 2250 368 2283 quam
401 2239 584 2273 decennio
610 2244 694 2284 post
717 2241 834 2275 fuerit
857 2241 905 2275 ad
931 2243 1096 2276 carmina
1125 2243 1383 2288 diiudicanda,
1416 2257 1540 2291 neque
1568 2250 1622 2281 ta-

109 2295 196 2320 men
221 2290 329 2330 aptus
363 2286 409 2320 ad
442 2286 531 2320 talia
564 2287 821 2331 componenda
844 2288 887 2322 L.
911 2288 1061 2323 Pisonis
1092 2290 1194 2324 filius
1218 2292 1356 2333 maior,
1389 2294 1529 2338 quippe
1556 2295 1622 2339 qui

110 2335 200 2366 tunc
232 2343 327 2377 puer
362 2333 513 2367 circiter
537 2333 758 2367 XII—XIV.
792 2346 976 2369 annorum
1009 2337 1163 2380 fuisset,
1196 2338 1313 2372 alium
1337 2339 1513 2374 Pisonem
1549 2342 1621 2375 cir-

110 2383 410 2423 cumspectantes
443 2384 693 2425 reppererunt
719 2381 786 2415 Cn.
811 2382 1005 2426 Pisonem,
1039 2395 1148 2428 quem
1174 2389 1356 2420 memorat
1381 2387 1497 2421 Tacit.
1523 2389 1622 2422 Ann.

110 2426 144 2466 2,
170 2427 238 2468 43„
263 2427 328 2460 ubi
355 2427 421 2460 Cn.
447 2427 633 2470 Pisonem,
660 2427 872 2463 Germanici
898 2430 1108 2474 inimicum,
1136 2432 1265 2477 Syriae
1290 2444 1313 2467 a
1338 2433 1489 2468 Tiberio
1514 2447 1623 2480 prae-

110 2471 251 2506 fectum
276 2473 407 2515 tradit,
439 2474 584 2515 ingenio
608 2476 805 2508 violentum
831 2478 863 2509 et
889 2478 1051 2519 obsequii
1072 2480 1263 2522 mnarum,
1296 2481 1409 2514 insila
1433 2484 1572 2523 ferocia
1599 2492 1622 2516 a

107 2521 239 2559 patre
266 2522 440 2563 Pisone,
474 2523 537 2561 qui
570 2523 669 2554 civili
701 2523 793 2555 bello
826 2527 1052 2565 resumentes
1075 2527 1114 2558 in
1138 2528 1265 2567 Africa
1287 2531 1410 2569 parles
1445 2530 1500 2570 (a.
1527 2541 1562 2562 u.
1590 2540 1622 2562 c.

111 2567 208 2607 708.)
243 2568 422 2600 acerrimo
454 2569 653 2601 ministerio
691 2571 865 2603 adversus
903 2572 1092 2605 Caesarem
1127 2575 1236 2614 iuvit,
1276 2583 1362 2608 mom
1394 2577 1551 2609 Brutum
1590 2580 1622 2609 el

114 2612 284 2646 Cassium·
297 2617 440 2648 secutus
475 2616 532 2657 (a.
559 2626 595 2648 u.
622 2626 653 2649 c.
679 2617 774 2658 712.)
810 2626 972 2651 concesso
996 2621 1117 2653 reditu
1140 2622 1312 2661 petitione
1338 2623 1516 2655 honorum
1542 2625 1622 2656 abs-

115 2659 234 2702 tinuit,
265 2662 378 2694 donee
403 2663 503 2695 ultro
528 2664 729 2696 ambiretur
754 2664 914 2696 delatum
938 2666 984 2698 ab
1008 2668 1168 2708 Auyuslo
1193 2669 1421 2701 comulatam
1447 2671 1622 2711 accipere.

116 2702 254 2739 Consul
278 2712 403 2742 autem
429 2709 607 2743 suffectus
632 2709 706 2743 fuit
730 2721 761 2744 a.
789 2722 825 2743 u.
852 2721 882 2744 c.
908 2713 988 2745 731.
1025 2712 1074 2747 At
1099 2724 1247 2756 vereor,
1274 2717 1315 2748 ut
1338 2715 1452 2749 huius
1479 2718 1624 2760 opinio·
