1774 2930
630 592 684 664 Q.
716 593 972 655 HORATII
1008 594 1223 656 FLACCI

270 750 1572 866 EPISTULARUM

674 945 880 988 LIBER
909 946 1169 990 PRIMUS.

713 1213 1050 1258 EPISTOLA
1081 1216 1122 1256 1.

277 1294 423 1336 Prima
455 1294 567 1337 dicte
598 1295 725 1349 mihi,
761 1310 928 1337 summa
959 1296 1137 1339 dicende
1170 1295 1378 1351 Camena,
1421 1299 1429 1323 ⁸

203 1400 232 1434 I.
252 1400 452 1444 Compacto
471 1412 560 1435 sane
578 1401 678 1435 inter
695 1402 895 1435 Horatium

155 1450 192 1481 et
256 1447 510 1482 Maecenatem
577 1449 670 1483 haec
736 1449 893 1493 epistola

156 1495 297 1539 scripta
322 1499 389 1538 est,
416 1496 730 1540 quemadmodum
757 1497 893 1539 omnia,

155 1553 252 1587 quae
295 1543 341 1576 ad
392 1554 521 1577 eorum
572 1544 893 1578 necessitudinem

153 1589 411 1634 pertinebant,
444 1593 645 1635 antequam
677 1591 893 1634 ederentur,

155 1647 240 1671 cum
265 1637 482 1672 Maecenate
509 1639 783 1672 communicata
810 1649 893 1673 esse

155 1687 455 1719 consentaneum
490 1688 556 1719 est.
607 1686 685 1720 Iam
719 1682 802 1720 cum
837 1697 893 1720 es-

155 1734 240 1766 sent
278 1743 354 1766 non
391 1733 521 1777 pauci,
561 1734 626 1777 qui
664 1734 893 1767 mirarentur

154 1781 266 1823 atque
292 1780 403 1814 etiam
430 1783 756 1825 conquererentur
786 1781 894 1814 nulla

153 1826 227 1860 iam
245 1830 310 1860 aut
336 1828 565 1871 paucissima
583 1827 751 1861 carmina
775 1827 894 1872 lyrica

154 1873 200 1907 ab
218 1873 375 1908 Horatio
395 1875 582 1919 componi,
607 1875 680 1917 hic,
704 1874 794 1908 dum
810 1875 893 1918 phi-

153 1921 348 1965 losophiae
383 1922 455 1956 sibi
493 1923 653 1966 placitae
687 1922 891 1966 praecipue

153 1979 292 2003 vacans
331 1980 398 2013 per
434 1970 502 2003 hos
536 1970 759 2003 maturiores
795 1969 892 2003 vitae

154 2027 274 2050 annos
301 2016 400 2060 (post
424 2027 456 2050 a.
485 2028 521 2050 u.
549 2027 579 2051 c.
607 2017 704 2059 730.)
744 2016 892 2060 Episto-

153 2063 276 2096 larum
313 2064 546 2108 pocticarum
585 2075 705 2109 genus
743 2075 893 2106 novum,

154 2121 176 2145 a
216 2110 445 2146 Mummiano
487 2112 553 2144 illo
599 2112 656 2154 (a.
683 2123 718 2145 u.
746 2122 777 2145 c.
812 2113 892 2145 608.

155 2157 231 2192 cic.
251 2158 299 2193 ad
318 2159 392 2192 Att.
420 2161 474 2202 13,
494 2161 526 2202 6,
545 2160 593 2201 4.)
621 2159 753 2203 utique
780 2159 892 2203 longe

154 2205 343 2239 diversum
363 2207 501 2249 condit,
527 2207 663 2251 partim
685 2207 768 2239 κατ’
786 2208 894 2252 εἰρω-

154 2254 270 2293 νείαν,
307 2255 443 2297 partim
481 2265 525 2287 ex
558 2254 674 2288 animi
706 2254 894 2288 sententia

154 2300 368 2335 hominibus
394 2301 471 2335 illis
497 2312 614 2346 prope
641 2301 752 2335 nimis
779 2301 893 2334 bene-

154 2347 249 2381 volis
292 2349 507 2392 respondet.
567 2348 727 2382 Simulat
767 2351 892 2382 autem

155 2404 237 2428 sese
264 2394 309 2429 de
336 2396 477 2430 talibus
503 2396 670 2440 querelis
697 2396 805 2440 quasi
832 2407 892 2429 ex-

153 2442 346 2486 postulare
365 2453 449 2476 cum
473 2446 624 2487 potente
644 2444 775 2485 amico,
801 2454 892 2486 quo-

155 2499 240 2522 cum
266 2490 427 2533 primum
455 2501 499 2524 ea
524 2490 570 2523 de
596 2502 636 2524 re
667 2491 891 2532 collocutus,

154 2535 291 2570 deinde
324 2537 482 2581 epistola
516 2538 598 2581 ipsa
632 2538 790 2571 recitata
822 2548 890 2581 pro

154 2594 262 2626 vera,
288 2595 363 2628 qua
387 2585 486 2617 inter
514 2595 552 2618 se
580 2585 804 2626 utebantur,
838 2585 891 2617 fa-

154 2631 370 2666 miliaritate
414 2632 563 2675 saepius
614 2631 758 2666 iocatus
802 2635 891 2674 erat,

154 2678 337 2722 imprimis
369 2679 415 2713 tle
447 2679 546 2712 salsa
572 2678 782 2712 Stoicorum
807 2679 892 2712 irri-

155 2725 280 2768 sione,
319 2737 395 2771 qua
430 2726 501 2760 hac
534 2725 616 2769 ipsa
649 2726 687 2758 in
723 2725 892 2770 Epistola

944 1404 1064 1435 totum
1111 1402 1243 1436 horum
1295 1402 1513 1448 disputandi
1561 1414 1683 1449 genus

943 1449 1032 1483 dum
1065 1450 1183 1484 facete
1217 1450 1387 1484 imitatur
1422 1450 1536 1485 simul
1572 1450 1680 1485 ludit.

941 1496 1059 1530 Nimis
1084 1498 1182 1531 serio
1205 1497 1375 1542 profecto
1399 1498 1544 1542 aliquot
1567 1498 1681 1533 huius

943 1545 1124 1588 epistolae
1165 1546 1362 1588 versiculi,
1410 1546 1516 1579 velut
1556 1545 1681 1580 statim

941 1592 1070 1635 primi,
1102 1594 1181 1625 tum
1208 1595 1253 1626 94
1279 1603 1384 1637 seqq.
1395 1618 1405 1635 ,
1436 1592 1575 1646 quibus
1599 1603 1682 1626 mu-

943 1642 1029 1672 tuae
1062 1639 1177 1673 huius
1211 1640 1398 1674 amicitiae
1431 1639 1557 1673 minus
1590 1650 1682 1685 gna-

942 1697 1003 1720 ros
1029 1687 1150 1720 illusit
1181 1689 1311 1730 poeta,
1345 1697 1367 1719 a
1398 1686 1594 1731 plerisque
1619 1686 1682 1720 In-

942 1734 1172 1777 terpretibus
1199 1736 1236 1767 et
1261 1734 1405 1777 accepti
1441 1736 1478 1767 et
1502 1734 1679 1777 explicati

943 1782 1042 1814 sunt.
1081 1780 1190 1819 Quod
1210 1780 1257 1815 ad
1275 1780 1491 1814 definienda
1509 1782 1680 1826 tempora

940 1827 1195 1871 Epistolarum
1227 1827 1331 1862 Libri
1356 1827 1384 1861 Ι.
1411 1828 1564 1871 attinet,
1599 1839 1680 1862 cer-

941 1874 1127 1908 tissimum
1145 1874 1410 1909 documentum
1421 1875 1578 1919 praebet
1590 1875 1679 1920 Epi-

943 1922 1038 1955 stola
1061 1921 1162 1965 XX„
1189 1933 1286 1967 quae
1311 1923 1510 1956 manifesto
1529 1933 1573 1956 eo
1592 1932 1682 1956 con-

943 1969 1027 2002 silio
1067 1970 1274 2014 composita
1311 1973 1387 2012 est,
1424 1972 1468 2003 ut
1505 1970 1680 2004 totius

942 2016 1081 2058 libri,
1108 2018 1257 2061 qualem
1281 2027 1383 2051 nunc
1400 2027 1470 2051 nos
1487 2016 1680 2060 habemus,

943 2064 1133 2109 epilogum
1171 2064 1428 2098 constitueret.
1478 2064 1557 2098 Iam
1595 2074 1680 2098 cum

941 2113 1034 2145 haec
1072 2122 1104 2145 a.
1130 2123 1166 2145 u.
1194 2122 1224 2145 c.
1261 2113 1341 2146 734.
1376 2111 1582 2155 composita
1619 2111 1680 2154 sit,

943 2162 1238 2193 consentaneum
1253 2162 1310 2193 est
1323 2169 1385 2193 eas
1401 2169 1566 2204 quoque,
1581 2169 1679 2203 quae

943 2207 1138 2240 nonnullis
1163 2209 1249 2251 post
1275 2217 1308 2240 a.
1335 2208 1414 2240 734.
1439 2206 1601 2250 scriptae
1624 2206 1679 2239 vi-

942 2253 1097 2296 dentur,
1135 2253 1181 2287 ad
1220 2264 1404 2288 summum
1441 2253 1487 2287 ad
1525 2264 1557 2287 a.
1599 2254 1680 2286 734.

942 2301 1077 2334 referri
1095 2301 1252 2335 debere·
1243 2326 1252 2343 ,
1272 2301 1402 2345 quod
1391 2311 1515 2344 Ipsum
1532 2302 1679 2344 tempus

941 2349 1030 2381 huic
1055 2348 1199 2392 primae
1219 2358 1303 2381 cum
1321 2346 1485 2381 Frankio
1512 2349 1680 2380 statuen-

943 2395 1031 2428 dum
1058 2406 1155 2429 reor.

991 2444 1076 2476 1-3.
1111 2443 1238 2475 Prima
1264 2441 1348 2484 cet]
1385 2441 1522 2483 „cuius
1547 2440 1679 2475 laudes

942 2492 984 2523 ut
1008 2489 1199 2534 prioribus
1226 2489 1299 2522 iam
1323 2489 1418 2523 meis
1445 2488 1677 2522 carminibus

941 2537 1069 2581 lyricis
1087 2536 1312 2580 praedicavi,
1337 2536 1390 2569 ita
1416 2535 1456 2568 in
1474 2538 1678 2580 posterum,

941 2584 1029 2617 dum
1056 2593 1234 2617 concessa
1258 2583 1351 2616 mihi
1375 2582 1448 2617 erit
1470 2583 1557 2622 vita,
1583 2592 1678 2615 sem-

940 2642 1008 2675 per
1025 2630 1284 2675 praedicabo.“
1313 2629 1378 2663 Est
1395 2630 1499 2663 velut
1525 2639 1679 2673 prover-

940 2678 1051 2712 bialis
1068 2678 1240 2711 formula.
1272 2677 1380 2711 Hom.
1397 2676 1534 2721 Hymn.
1550 2676 1677 2721 Apoll.

941 2728 1004 2768 21,
1039 2727 1082 2758 3:
1122 2725 1165 2758 σὲ
1198 2723 1229 2756 δ’
1256 2721 1389 2765 ἀοιδὸς
1413 2743 1432 2748 -
1456 2743 1474 2748 -
1497 2720 1679 2766 Ἡδυεπὴς
