1774 2930
676 141 771 176 LIB.
793 141 843 176 11.
889 141 1043 176 RPIST.
1066 141 1098 176 1.

1553 142 1643 184 403

243 243 452 287 Romulus
482 247 527 286 et
554 242 689 284 Liber
717 246 841 298 pater
870 246 914 284 et
945 255 1041 283 cum
1072 240 1252 284 Castore
1281 240 1464 294 Pollux,

243 314 351 356 Post
378 313 571 369 ingentia
599 312 713 355 facta
740 312 918 355 deorum
947 312 994 354 in
1023 311 1184 368 templa
1212 312 1394 368 recepti,

243 384 362 427 Dum
390 388 527 426 terras
558 383 862 439 hominumque
893 382 1037 425 colunt
1066 396 1224 438 genus,
1255 396 1410 439 aspera
1438 382 1555 425 bella

246 455 536 512 Componunt‚
568 468 694 510 agros
725 454 965 510 assignant,
996 453 1154 510 oppida
1183 453 1388 506 condunt,

244 525 474 568 Ploravere
503 525 592 566 suis
623 539 710 567 non
739 523 999 580 respondere
1029 523 1223 566 favorem

225 662 258 694 6.
282 662 365 702 sata
387 660 585 694 Bentleius
608 660 706 694 coni.
731 670 854 704 nuper
878 659 918 692 in
945 658 1123 693 Schmidii
1153 658 1243 693 Cod.
1269 659 1434 693 secundo
1460 658 1599 701 (Guel-

177 707 396 753 ferbytano)
422 710 583 751 reperta.
609 726 653 731 —
677 708 812 740 revecti
835 717 935 740 unus
958 706 1067 740 Feae.

130 822 192 853 oat
224 819 426 864 praecipue
460 818 756 852 emendationem
782 818 858 852 for-

130 877 213 900 mae
238 867 292 900 rei
325 866 501 911 publicae
534 865 649 899 totius
674 868 759 909 post
782 868 860 898 tur-

131 913 288 947 bulenta
304 913 372 946 illa
387 913 572 947 bellorum
586 912 751 946 civilium
768 914 860 945 tem·

130 971 235 1005 pora,
250 960 435 1004 imprimis
447 962 662 994 accuratam
679 962 717 992 et
728 958 860 992 Italiae

130 1009 171 1041 et
185 1007 466 1051 provinciarum
486 1005 860 1040 administrationem.

131 1053 378 1098 Splendidam
405 1053 567 1098 Augusti
601 1052 764 1097 elogium
797 1063 859 1086 ex-

130 1102 207 1135 stat
228 1100 331 1145 apud
353 1099 571 1142 Philonem,
590 1099 694 1155 Leg.
718 1099 767 1133 ad
792 1098 860 1133 Ca-

130 1146 210 1181 ium
249 1148 314 1181 21:
344 1143 517 1202 σύμπαν
558 1144 602 1180 τὸ
647 1143 861 1201 ἀνθρώπων

128 1194 243 1248 γένος
264 1193 313 1227 δι’
332 1188 406 1228 ἕνα
436 1191 556 1250 ἄνδρα
580 1195 646 1226 καὶ
675 1190 860 1237 ἡγεμόνα,

131 1238 200 1274 τὸν
218 1238 426 1282 Σεβαστόι,
448 1241 541 1285 ἡκεν
558 1241 620 1274 επὶ
637 1238 681 1274 τὸ
698 1240 860 1287 βέλτιοι.

131 1298 179 1320 ον
202 1283 313 1330 ἄξιον
329 1287 458 1322 καλεῖν
474 1287 714 1330 ἀλεξίκακον.
739 1279 862 1329 Οὑτός

131 1333 215 1367 ἐστι
236 1335 406 1381 Καῖσαρ,
435 1332 459 1368 ὁ
484 1333 573 1376 τοὺς
595 1331 861 1389 καταῤῥάξαν-

132 1390 202 1422 τας
245 1378 461 1420 πανταχόθι
505 1382 696 1424 χειμῶνας
735 1378 863 1414 εὐδιά-

132 1438 207 1470 σας
225 1447 247 1453 -
267 1447 289 1453 -
304 1423 452 1470 ,ουτος
511 1426 534 1461 ὁ
594 1424 861 1482 εἰρηνοφυλαξ

131 1471 158 1508 ὅ
205 1473 410 1518 διανομεὺς
457 1475 531 1508 τῶν
572 1472 862 1529 ἐπιβαλλόντων

251 1533 329 1564 οις,
364 1521 388 1556 ὁ
426 1510 501 1563 τὰς
528 1519 688 1568 χάριτας
723 1520 861 1565 ‹iram-

130 1565 267 1611 εὐτους
297 1570 351 1611 εἰς
378 1570 502 1612 μέσον
532 1569 703 1623 προθείς
713 1568 790 1602 κτλ.
815 1589 860 1594 ——

131 1617 174 1648 in
198 1624 236 1657 p.
260 1625 290 1650 c.
320 1625 464 1658 peccem
497 1616 637 1659 oetJ„
650 1616 706 1650 rei
738 1617 861 1660 publi-

130 1672 198 1696 cae
221 1663 378 1698 utilitati
402 1663 583 1705 officiam,
617 1664 649 1697 si
682 1663 729 1697 ab
754 1663 860 1697 illius

132 1718 227 1744 outa
249 1711 287 1744 te
312 1709 457 1744 diutius
482 1720 633 1744 avocem
661 1711 769 1751 lonae
784 1719 860 1743 ser-

59 1790 63 1793 .
129 1763 255 1799 mone,
288 1757 413 1801 qualis
436 1757 595 1791 fortasse
624 1757 693 1791 tibi
718 1757 859 1791 Videbi-

129 1804 194 1836 tur
223 1804 318 1838 haec
349 1804 433 1848 ipsa
464 1803 643 1848 epistola,
676 1814 771 1848 quae
803 1805 861 1837 in-

131 1851 210 1884 star
247 1852 305 1884 est
344 1851 540 1885 sermonis.
588 1850 729 1885 Verum
767 1854 860 1893 esto,

131 1896 279 1931 audebo
292 1898 451 1931 tamen.“
466 1917 510 1923 —
523 1898 661 1941 morer}
676 1898 752 1931 Cfr.
764 1898 859 1942 Epp.

133 1946 175 1985 1,
202 1945 266 1986 13,
292 1946 355 1978 17:
389 1946 580 1986 camina,
606 1954 700 1985 quae
723 1947 860 1986 possint

132 1991 256 2023 oeulos
291 1999 471 2030 auresque
506 1993 647 2024 morari
680 1993 858 2024 Caesaris.

134 2053 179 2060 —-
204 2038 269 2068 tua
292 2037 472 2079 tempora]
499 2048 617 2081 „quae
641 2038 682 2070 in
707 2039 860 2082 negotia

133 2082 286 2126 publica
297 2082 488 2116 insumere
501 2083 733 2117 decreVisti.“
750 2084 860 2117 Corn.

131 2127 226 2172 Nep.
257 2128 334 2163 Att.
364 2132 406 2162 4:
443 2138 524 2162 cum
557 2132 680 2163 omnia
715 2132 861 2171 reliqua

133 2177 303 2216 tempora
326 2179 392 2208 aut
427 2177 554 2209 titteris
579 2179 644 2209 aut
669 2178 861 2211 Athenien-

132 2223 228 2255 sium
251 2224 307 2256 rei
328 2223 498 2264 publicae
523 2224 697 2256 tribueret
723 2226 794 2257 cet.

181 2316 216 2348 5.
241 2317 275 2348 6.
299 2316 479 2349 Romulus
496 2316 582 2359 cet.]
610 2315 776 2358 „Heroes
802 2317 864 2351 illi

134 2362 283 2406 antiqui
315 2362 413 2396 bene
445 2362 491 2396 de
522 2373 660 2408 genere
697 2364 860 2398 humano

133 2409 259 2443 meriti
282 2412 370 2454 post
392 2412 548 2444 mortem
565 2410 714 2444 demum
731 2410 778 2444 ab
794 2411 862 2444 ho-

133 2456 318 2499 minibus,
343 2458 454 2490 antea
476 2456 632 2499 invidis,
661 2457 773 2491 iustis
796 2458 863 2491 ho-

133 2502 291 2537 noribus
327 2503 451 2537 affecti
487 2514 532 2538 ac
567 2514 637 2548 pro
675 2503 735 2538 dis
769 2504 862 2538 eulti

133 2552 242 2584 sunt:
276 2550 484 2594 sapientius
510 2550 661 2595 quidem
688 2553 742 2593 te,
765 2551 862 2584 invi-

133 2595 199 2630 dia
221 2596 417 2639 maiorem,
440 2597 515 2631 iam
539 2608 654 2640 nunc,
679 2601 720 2631 ut
744 2609 863 2632 mere·

134 2652 209 2684 ne,
236 2646 439 2678 veneratur
462 2645 625 2688 populus
645 2623 861 2687 ’Romanum

135 2689 202 2722 sed
224 2689 352 2724 idem
341 2701 382 2723 m
399 2693 595 2735 poetarum
612 2692 757 2726 meritis
773 2702 861 2725 Vere

908 817 1153 851 aestimandis
1192 818 1319 852 minus
1358 820 1463 852 recto
1498 817 1642 851 iudicio

908 865 965 898 uti
997 866 1228 898 consuevit.“
1280 864 1356 898 Cfr.
1382 864 1453 898 Od.
1478 866 1521 906 3,
1552 866 1594 905 3,
1620 867 1642 898 9

909 910 1151 1003 ξιπζὲῑπ
1172 911 1646 992 ”fi‘emsffiffbfflssz’gt

1154 982 1164 992 ·
1377 985 1386 1002 ι

908 1005 1043 1039 vianus
1067 1005 1164 1039 alter
1188 1006 1368 1039 Romulus
1392 1006 1483 1045 fuit,
1516 1009 1560 1039 ut
1584 1016 1643 1040 se-

909 1055 1061 1086 natores
1078 1052 1255 1086 nonnulli
1273 1063 1358 1086 eum
1375 1052 1642 1097 appellandum

909 1102 1156 1133 censuerant:
1182 1099 1393 1144 praevaluit
1416 1104 1542 1134 tamen
1567 1101 1644 1133 Διι-

909 1147 1004 1187 qum·
1044 1157 1195 1180 nomen.
1242 1146 1398 1181 Sueten.
1438 1146 1567 1181 OctaV.
1608 1148 1643 1180 7.

908 1193 980 1227 Dio
1007 1192 1109 1227 Cass.
1135 1195 1198 1235 53,
1226 1196 1288 1228 16:
1318 1191 1357 1227 Ὁ
1382 1193 1532 1248 Καῖσαρ
1556 1194 1643 1227 ἐπε-

908 1237 1023 1283 θύμει
1048 1240 1119 1282 ιιὲν
1144 1240 1310 1294 ἰσχυρῶς
1321 1237 1521 1283 ΣΡωμύὶος
1548 1238 1643 1274 ὀνο-

908 1287 1119 1330 μασθῆναι·
1144 1284 1382 1330 αἰσθόμενος
1405 1287 1445 1320 δὲ
1468 1284 1531 1321 ὅτι
1549 1285 1643 1321 ὑπο-

910 1331 1083 1367 πτεύεται
1108 1334 1151 1367 ἐκ
1184 1331 1322 1368 τούτου
1352 1334 1422 1378 τῆς
1443 1334 1644 1377 βασιλείας

910 1380 1121 1424 ἐπιθυμεῖν
1145 1379 1271 1415 οὐκέτ’
1295 1380 1415 1415 αὑτοῦ
1438 1379 1643 1437 ἀντεποιή-

911 1439 1026 1467 σατο,
1065 1425 1163 1461 αλλὰ
1203 1425 1442 1472 Αὔγουστος.
1484 1426 1537 1471 ὦς
1576 1431 1643 1463 καὶ

911 1473 1042 1507 πλεῒόι
1075 1486 1111 1508 τι
1135 1472 1162 1519 ἧ
1194 1474 1293 1509 κατὰ
1323 1472 1554 1522 ἀνθρώπους
1577 1472 1642 1517 ὤν,

909 1519 1115 1566 ἐπεκλήθη.
1126 1542 1170 1547 -
1181 1525 1263 1556 Post
1271 1525 1438 1564 inventia
1444 1525 1546 1564 sacta
1556 1524 1643 1568 cet]

911 1568 1031 1611 „Post
1061 1580 1123 1604 res
1156 1573 1280 1615 gestas
1318 1570 1455 1604 eximia
1491 1571 1642 1605 Virtutis

909 1616 1030 1660 gloria
1054 1616 1095 1649 in
1127 1621 1351 1661 perpetuum
1375 1617 1641 1652 memorabiles

908 1663 948 1696 in
966 1662 1122 1697 deorum
1140 1675 1339 1698 numerum
1357 1664 1502 1698 relati.“
1529 1664 1644 1699 Bent-

908 1709 974 1743 leii
1008 1710 1106 1744 coni.
1138 1712 1220 1752 sata
1253 1711 1425 1744 firmatur
1458 1721 1561 1745 nunc
1594 1712 1643 1746 ab

909 1767 987 1790 uno
1021 1756 1201 1790 Schmidii
1227 1757 1385 1799 Codice,
1417 1757 1485 1791 sed
1517 1769 1643 1803 neque

908 1806 1036 1847 aptum
1078 1807 1137 1838 est
1177 1804 1278 1849 apud
1313 1805 1510 1838 Horatium
1547 1806 1643 1846 sato-

908 1861 993 1883 rum
1018 1850 1195 1884 ἐπίθετον
1211 1853 1387 1893 inventia,
1413 1862 1485 1885 nec
1502 1852 1643 1886 Bacchi

907 1898 1132 1941 praesertim
1156 1901 1313 1932 mortem
1343 1909 1552 1933 memorare
1576 1911 1644 1944 po-

908 1947 1005 1978 terat
1028 1947 1152 1989 poEta.
1202 1945 1287 1979 Cfr:
1302 1945 1404 1979 Flor.
1428 1949 1470 1987 4,
1498 1948 1553 1988 12,
1577 1949 1643 1981 66:

910 1992 963 2024 Ob
996 1993 1083 2024 haec
1116 1995 1167 2025 tot
1197 1994 1323 2034 sacta
1355 1994 1563 2034 inventia
1589 1995 1645 2027 di-

910 2040 1026 2070 ctator
1056 2041 1255 2080 perpetuus
1288 2042 1321 2071 et
1353 2042 1464 2080 pater
1493 2042 1644 2081 patriae

909 2085 1026 2117 dictus
1064 2084 1318 2130 (Augustus).
1344 2104 1388 2109 --
1414 2088 1567 2119 deorum
1602 2090 1643 2120 in

910 2132 1047 2171 tempta
1080 2131 1238 2174 recepti]
1274 2132 1348 2174 „ab
1381 2132 1640 2176 hominibus‚“

911 2177 1187 2221 significatione
1228 2189 1262 2211 V.
1300 2180 1435 2220 tempta
1475 2181 1644 2224 propria,

912 2234 1013 2258 non:
1053 2224 1121 2266 „in
1161 2225 1341 2268 eaelum?
1379 2229 1423 2259 ut
1453 2229 1511 2260 est
1542 2228 1644 2272 apud

910 2269 1078 2304 Ennium
1104 2271 1241 2314 (Varro
1259 2271 1303 2305 L.
1318 2272 1361 2305 L.
1387 2274 1421 2315 7,
1447 2274 1517 2315 6.):
1545 2276 1643 2308 Unus

913 2318 993 2359 erit,
1019 2327 1125 2358 quem
1142 2322 1181 2352 tu
1198 2320 1301 2352 tolles
1324 2320 1366 2352 in
1381 2321 1533 2354 caerula
1549 2322 1646 2355 caeti

911 2365 1072 2406 Tempta.

958 2459 996 2492 7-
998 2460 1031 2492 9.
1056 2461 1181 2493 Dum-
1193 2462 1398 2504 -c,onaunt
1421 2462 1640 2504 Ptoravere]

911 2503 974 2538 Sic
998 2505 1231 2551 iungendum
1256 2510 1324 2550 est,
1349 2519 1427 2542 non
1453 2519 1537 2542 cum
1555 2508 1642 2542 aliis

909 2551 1021 2596 plene
1054 2553 1364 2598 distinguendum
1388 2558 1475 2599 post
1499 2565 1533 2588 V.
1559 2563 1643 2588 con·

909 2600 1010 2632 aunt.
1034 2599 1116 2634 Hoc
1142 2601 1243 2634 enim
1266 2601 1378 2634 dicit:
1406 2602 1527 2643 „Dum
1544 2601 1642 2636 bene

910 2649 1104 2680 merentur
1130 2647 1175 2680 de
1193 2626 1423 2690 hominibus:⁸
1445 2659 1556 2693 aegre
1581 2651 1644 2682 tu-

911 2692 990 2727 lere
1023 2703 1210 2739 saepeque
1249 2695 1447 2739 conquesti
1481 2698 1571 2730 sunt
1594 2695 1644 2729 de
