1786 2912
202 130 257 172 58

730 130 939 165 HORATH
964 131 1247 166 SATIRARUM

318 231 455 273 Multa
485 235 708 287 poetarum
739 231 885 273 venie't
915 245 1082 286 manus,
1115 232 1416 289 auxilio-quae

320 301 385 357 Sit
415 302 545 357 mihi3
577 317 675 344 nam
707 302 839 344 multo
870 302 1015 364 plures
1049 317 1194 345 sumus
1228 318 1277 346 ac
1307 304 1440 348 veluti
1470 308 1515 348 te

318 373 464 416 Iudaei
497 387 697 429 cogemus
730 373 774 414 in
805 372 916 415 hanc
947 373 1180 417 concedere
1211 375 1393 418 turbam.

783 598 1036 642 SA'HRA
1066 599 1130 641 V.

316 679 553 737 Egressum
584 695 741 736 magna
772 695 839 723 me
872 681 1041 737 excepit
1071 681 1219 724 Aricia
1247 681 1386 725 Roma

316 752 517 808 Hospitio
547 751 737 806 modico;
770 751 915 794 rhetor
948 766 1088 794 comes
1120 752 1399 807 Heliodorus,

318 822 578 865 Graecorum
611 823 738 879 longe
770 822 1065 878 doctissimus3
1098 823 1198 866 inde
1228 823 1388 866 Forum
1417 824 1553 882 Appi,

294 919 372 950 141.
411 919 536 951 venial
563 917 608 951 bc
635 920 672 950 et
697 928 826 951 omnes
851 917 1044 960 Pottierii,
1081 918 1170 952 item
1197 917 1343 953 Veneta
1369 920 1493 962 1481„

1528 918 1608 954 Lct
1632 922 1670 954 et

244 963 442 998 Kirchner.
471 984 512 987 —
550 963 651 998 SAT.
678 964 722 998 V.
764 968 794 998 1.
833 966 969 1006 accepit
1008 965 1051 1007 b,
1089 966 1260 1010 quinque
1297 966 1491 1009 Pottierii,
1531 965 1593 1000 Lo
1632 970 1670 1001 et

242 1011 450 1054 Bentleius,
477 1013 567 1053 cepit
594 1012 627 1045 d.
657 1012 809 1054 (excepit
836 1012 893 1054 Sc,
919 990 1066 1054 Aldus)

194 1095 292 1128 nius.
312 1114 354 1118 —
374 1094 518 1137 manus]
550 1094 696 1129 Festive
723 1094 831 1140 fingit
855 1106 931 1128 ma-

194 1153 310 1186 gnum
327 1141 467 1176 Romae
493 1153 576 1176 esse
601 1144 794 1186 poetarum
821 1142 928 1186 quasi

195 1189 417 1223 sodalicium
437 1193 473 1223 et
491 1190 805 1232 coniurationem,
833 1201 928 1234 quae

194 1237 252 1270 vel
270 1247 427 1270 numero
455 1248 521 1271 suo
547 1248 726 1281 superare
745 1237 930 1271 obtrecta-

193 1286 295 1318 tores
322 1284 459 1328 possit3
487 1295 561 1329 qua
585 1284 631 1318 de
659 1284 802 1318 Satiiae
829 1285 929 1318 clau-

194 1331 278 1365 sula
310 1342 417 1365 veros
451 1331 612 1374 amicos,
638 1331 814 1374 Varium,
842 1332 928 1365 Vir-

191 1378 337 1423 gilium,
362 1379 555 1422 Aristium,
572 1358 728 1413 ceteros
751 1390 795 1413 ex
812 1378 927 1413 animi

193 1426 381 1460 sententia
405 1427 552 1460 risuros
579 1437 661 1460 esse
687 1427 804 1470 probe
833 1427 928 1460 scie-

190 1473 264 1507 bat.
301 1473 419 1507 Simul
445 1475 546 1508 enim
573 1474 753 1518 sugillare
780 1474 928 1508 videtur

192 1520 359 1554 studium
399 1521 656 1563 versificandi,
712 1533 786 1565 quo
836 1524 927 1555 tunc

191 1579 303 1612 quam
320 1569 475 1613 plurimi
495 1568 605 1603 etiam
624 1568 743 1602 invita
759 1568 928 1602 Minerva

189 1615 269 1649 fere
320 1620 421 1650 ntur.
437 1636 479 1640 —-
494 1617 608 1650 veluti
634 1619 666 1648 le
684 1617 816 1649 Iudaei
842 1616 926 1658 cet]

189 1661 269 1696 Mul
325 1666 415 1706 tum,
441 1674 487 1697 ex
513 1674 586 1708 quo
612 1663 814 1707 Pompeius
839 1663 927 1696 Hie-

190 1711 376 1756 rosolyma
402 1715 569 1755 ceperat,
599 1710 730 1744 Iudaei
758 1710 798 1743 in
822 1710 926 1745 Urbe

190 1761 316 1799 crant,
354 1758 549 1792 turbidum
574 1758 768 1792 hominum
793 1769 926 1802 genus.

191 1803 266 1837 Cic.
284 1816 352 1849 pro
371 1805 504 1839 Flacco
525 1808 581 1848 28,
600 1808 664 1839 66:
690 1806 764 1839 Scis
787 1807 927 1846 quanta

188 1853 232 1884 sil
273 1861 407 1886 manus
451 1853 703 1895 (Iudaeorum
735 1853 926 1894 Romae),

190 1902 332 1939 quanta
357 1903 571 1942 concordia,
599 1903 779 1941 quantum
802 1901 925 1933 valeat

188 1947 228 1979 in
235 1948 469 1980 contionibus.
483 1947 678 1982 Sententia
686 1950 757 1981 est:
769 1973 785 1990 „
792 1946 930 1987 Quem-¹

189 1993 387 2027 admodum
413 1994 544 2029 Iudaei
573 1995 714 2029 multos
742 1994 789 2028 ad
819 2005 926 2028 suam

189 2041 495 2085 superstitionem
514 2043 735 2087 pertrahere
755 2042 925 2086 prosely-

188 2089 322 2132 tosque
340 2089 400 2122 vel
420 2090 588 2134 cogendo
613 2090 738 2123 facere
765 2089 922 2123 solent.“

189 2154 232 2160 —
260 2137 448 2179 coqemus]
486 2137 633 2170 Festive.
672 2136 924 2178 comminatio,

187 2186 229 2216 ut
275 2183 417 2217 similes
464 2184 538 2217 ioci
585 2185 685 2228 apud
727 2183 924 2218 Platonem

186 2229 333 2264 Phileb.
359 2241 395 2274 p.
426 2233 478 2264 16.
520 2231 565 2264 A.
590 2232 751 2265 Phaedr.
777 2243 814 2275 p.
841 2233 923 2265 236.

187 2276 227 2310 C.
253 2276 364 2310 Polit.
390 2277 417 2310 I.
452 2289 487 2322 p.
515 2280 594 2311 327.
622 2278 660 2312 G.
689 2298 731 2301 ——
760 2280 798 2311 in
830 2280 923 2312 hanc

186 2326 380 2357 concedere
399 2325 558 2367 turbam]
588 2329 645 2367 „te
664 2326 774 2360 nobis
792 2337 923 2370 aggre—

185 2381 274 2416 gare
308 2371 512 2415 eademque
548 2372 746 2406 nobiscum
781 2372 922 2407 sentire

185 2418 225 2451 in
263 2418 406 2452 iudicio
444 2420 664 2463 praesertim
712 2419 757 2453 de
797 2420 922 2454 satiris

184 2465 391 2500 faciendo.“

232 2512 277 2546 V.
295 2513 565 2558 Argumentum
581 2513 664 2546 vide
683 2513 722 2546 in
737 2513 921 2548 Excursu.

234 2562 307 2594 1-4.
333 2560 473 2602 Aricia]
500 2560 678 2604 oppidum
699 2560 796 2594 Latii
823 2572 921 2605 pone

184 2611 350 2641 montem
388 2607 576 2642 Albanum
609 2606 709 2640 XVI.
748 2607 796 2640 M.
825 2608 867 2641 P.
901 2619 922 2641 a

183 2654 303 2690 Roma
322 2654 480 2697 distans,
506 2657 637 2688 notum
660 2658 814 2698 propter
831 2654 921 2688 Dia-

185 2713 276 2736 nam>
297 2701 566 2736 'Nemorensem
599 2704 636 2736 et
661 2702 801 2735 fontem
827 2701 921 2746 Ege-

979 1094 1070 1128 riae.
1118 1095 1208 1128 Fuit
1236 1095 1282 1129 ad
1307 1096 1403 1130 viam
1429 1095 1608 1141 Appiam,
1641 1107 1717 1141 qua

978 1141 1158 1188 Horatius
1184 1142 1257 1177 iter
1282 1143 1372 1177 fecit
1393 1146 1495 1178 certe
1520 1154 1642 1189 usque
1668 1144 1716 1178 ad

978 1189 1248 1226 Beneventum.
1292 1190 1368 1224 cfr.
1399 1191 1447 1224 ad
1473 1202 1506 1225 v.
1533 1193 1590 1225 71.
1630 1191 1715 1225 Ari-

979 1236 1037 1270 cia
1069 1239 1193 1270 autem
1226 1237 1348 1282 prima
1380 1240 1459 1271 erat
1490 1238 1636 1272 mansio
1670 1249 1716 1272 ex

979 1283 1079 1318 Urbe
1113 1284 1312 1328 profectis,
1349 1285 1415 1319 ubi
1448 1286 1558 1319 multi
1589 1287 1714 1319 tamen

978 1331 1215 1375 prandebant
1232 1335 1397 1375 tantum,
1423 1343 1500 1366 non
1518 1335 1714 1377 pernocta-

979 1379 1080 1412 bant.
1133 1379 1193 1413 Sic
1230 1379 1427 1423 Epictetus
1473 1379 1573 1424 apud
1611 1379 1713 1414 Stob.

979 1426 1050 1459 Tit.
1077 1428 1108 1460 7.
1134 1426 1163 1460 Ι.
1196 1437 1232 1471 p.
1266 1429 1343 1460 166.
1383 1426 1553 1462 Tauchn.
1586 1429 1715 1461 narrat

976 1472 1251 1518 Agrippinum,
1306 1484 1391 1508 cum
1439 1485 1626 1519 pransuro
1678 1474 1713 1509 ei

977 1522 1219 1555 nuntiaretur
1255 1520 1415 1555 Neronis
1460 1522 1567 1555 iussu
1608 1521 1712 1556 illico

977 1567 1017 1600 in
1044 1568 1219 1602 exsilium
1245 1568 1411 1602 eundum
1437 1579 1532 1610 esse,
1557 1579 1714 1624 respon-

977 1615 1096 1649 disse:
1122 1613 1265 1648 οὖκοῦν
1290 1615 1330 1648 ἐν
1345 1613 1486 1662 Ἀρικίᾳ
1501 1613 1714 1662 ἀριστήσο-

975 1673 1023 1704 με
1006 1674 1058 1695 ειν
1083 1662 1127 1695 In
1139 1662 1289 1696 Ariciae
1308 1663 1487 1707 antiquae
1505 1673 1594 1697 area
1609 1673 1713 1697 nunc

977 1712 1034 1743 est
1062 1710 1167 1743 vicus
1193 1711 1352 1744 Laricia.
1373 1729 1416 1734 ——
1434 1706 1604 1752 Hospitio
1637 1719 1713 1744 mo-

976 1756 1076 1799 dico]
1111 1757 1297 1802 „exiguo‚
1326 1768 1453 1801 parvo.
1467 1758 1484 1775 “
1529 1756 1614 1800 (Sic
1637 1765 1713 1791 mo-

976 1805 1058 1837 dica
1080 1805 1225 1845 patella
1249 1804 1343 1851 Epp.
1372 1807 1412 1847 1,
1439 1805 1481 1847 5,
1507 1806 1540 1839 2.
1567 1807 1624 1839 est
1648 1815 1713 1849 pa·

977 1851 1067 1885 tella
1106 1849 1254 1895 parva.)
1315 1851 1569 1896 Opponuntur
1617 1851 1711 1886 haec

975 1907 1133 1939 maonae
1150 1901 1300 1933 Romae.
1314 1898 1608 1942 —HeliodormJ
1626 1899 1711 1933 rhe-

975 1947 1033 1979 tor
1051 1946 1215 1991 ignotus,
1242 1946 1317 1980 nisi
1341 1946 1443 1991 quod
1459 1945 1710 1980 Villoisonius

975 1993 1124 2038 Proleg.
1151 1993 1198 2027 ad
1229 1993 1354 2038 Apoll.
1389 1993 1480 2028 Lex.
1512 2004 1548 2037 p.
1572 1992 1709 2026 XXIV.

975 2043 1012 2074 et
1035 2040 1155 2074 Bothe
1182 2041 1424 2086 suspicantur
1449 2039 1611 2074 eundem
1635 2040 1710 2074 for-

974 2089 1074 2121 tasse
1093 2099 1175 2122 esse
1194 2090 1306 2132 atque
1324 2088 1444 2130 illum,
1471 2087 1580 2122 cuius
1599 2098 1709 2132 prae-

974 2137 1031 2168 ter
1056 2135 1300 2179 Apollonium
1331 2137 1368 2169 et
1390 2133 1709 2180 Hephaestionem

972 2181 1114 2216 Marius
1140 2182 1361 2217 Victorinus
1397 2194 1434 2228 p.
1464 2183 1542 2216 127.
1592 2181 1708 2216 Gaisf.

973 2229 1032 2263 his
1058 2230 1183 2264 verbis
1216 2230 1409 2263 meminit:
1446 2230 1492 2263 Ac
1519 2230 1613 2262 Iuba
1642 2237 1707 2262 no—

972 2279 1056 2320 ster,
1093 2279 1156 2318 qui
1188 2278 1284 2310 inter
1308 2278 1474 2310 metricos
1507 2277 1707 2310 auctorita-

973 2327 1044 2357 tem
1088 2326 1232 2367 primae
1281 2324 1495 2357 eruditionis
1543 2324 1707 2364 obtinuit,

971 2373 1137 2404 insistens
1177 2371 1371 2404 Heliodori
1415 2371 1595 2413 vestiam,
1645 2371 1709 2410 qm·

972 2420 1068 2451 inter
1086 2420 1245 2452 Graecos
1268 2418 1415 2451 huiusce
1442 2418 1533 2450 artis
1558 2418 1707 2451 antistes

972 2468 1036 2498 aul
1068 2467 1307 2509 primus-aut
1339 2465 1438 2498 solus
1473 2466 1627 2498 εει-σει.
1661 2483 1705 2488 -

973 2513 1198 2546 Graecorum
1234 2513 1337 2553 lonae
1369 2511 1609 2554 doctissimus]
1639 2510 1708 2545 Co-

971 2559 1040 2593 mis
1077 2562 1133 2594 est
1164 2559 1370 2605 hyperbole
1404 2558 1587 2592 sermonis
1614 2568 1707 2603 quo-

971 2606 1122 2649 tidiani,
1156 2618 1230 2651 qua
1255 2609 1298 2640 ut
1322 2606 1453 2640 bearet
1477 2605 1707 2639 Graeculum

971 2654 1160 2688 hominem
1187 2654 1297 2688 facile
1330 2653 1462 2698 utique
1493 2652 1540 2686 ab
1572 2662 1612 2686 se
1636 2652 1706 2685 im-

970 2704 1120 2744 petrare
1137 2703 1295 2745 poterat.
1318 2700 1449 2734 Altera
1460 2699 1587 2742 lectio,
1605 2709 1703 2744 quae
