1774 2930
640 166 737 203 Lm.
758 165 809 201 11.
856 163 1010 200 EPIST.
1034 163 1084 198 n.

1536 161 1626 204 453

217 271 278 315 Et
307 271 403 314 sine
431 269 621 327 pondere
651 271 777 312 erunt
806 270 852 310 et
879 266 1043 309 honore
1073 263 1253 320 indigns
1285 262 1498 316 ferentur,

220 342 366 385 Verba
395 354 568 384 movere
597 340 712 392 loco,
744 336 938 394 quamvis
969 335 1106 378 invita
1134 333 1338 378 recedant

220 412 280 456 Et
308 415 534 455 versentur
565 410 704 453 adhuc
733 409 848 451 intra
876 406 1116 464 penetralia
1144 405 1320 448 Vestae.

223 483 463 526 Obscurata
490 481 566 524 diu
595 480 753 537 populo
782 479 921 522 bonus
953 480 1075 521 eruet
1105 479 1235 532 atque
1263 524 1283 541 ,Ι

1542 473 1625 515 115

222 553 421 596 Proferet
448 553 496 595 in
524 553 665 594 lucem
694 550 891 607 speciosa
919 547 1128 591 vocabula
1157 560 1315 599 rerum,

225 625 347 674 Quae
375 624 528 681 priscis
559 625 795 664 memorata
825 619 1061 662 Catonibus
1092 621 1220 673 atque
1253 615 1458 671 Cethegis

223 695 348 738 Nunc
378 695 486 736 situs
517 693 710 735 informis
740 691 896 748 premit
926 693 970 732 et
1001 689 1172 732 deserta
1202 691 1419 740 vetustas,

107 859 244 894 parum
268 846 469 881 illustria.“
490 865 533 870 -—
553 844 747 886 habebunt]
772 843 845 877 Fu-

108 899 199 930 tura
233 897 387 939 propter
424 892 656 938 praecedens
698 891 846 924 audebit

110 942 236 988 posita
260 943 368 983 sunt,
401 941 471 975 hac
501 939 680 974 videlicet
703 937 846 983 signifi-

112 990 282 1024 catione:
315 998 435 1033 „quae
465 997 602 1031 parum
633 983 847 1030 splendoris

111 1036 188 1081 ipsi
227 1034 367 1069 habere
413 1033 665 1075 videbuntur,
713 1031 846 1066 eodem

112 1085 282 1127 temporo
313 1081 532 1116 amovebit.“
564 1098 613 1104 -
645 1080 724 1112 sine
754 1087 847 1120 pon-

110 1128 222 1172 dere]
256 1128 467 1174 „gravitate
500 1126 671 1162 carentia
705 1127 743 1160 et
767 1125 848 1159 ina-

114 1175 213 1210 nia-‘⁴
263 1175 307 1209 A.
330 1175 373 1209 P.
405 1176 494 1208 320:
535 1175 679 1208 Fabula
708 1173 848 1206 nultius

113 1223 274 1265 venen'S,
306 1224 384 1255 sine
413 1222 577 1263 pondere
612 1223 644 1254 et
677 1223 768 1253 arte.
804 1238 847 1243 —

117 1271 254 1303 honore
269 1269 442 1312 indiam]
469 1268 647 1313 „indigna
672 1267 849 1308 carmine,

117 1315 221 1361 quod
252 1315 428 1360 plausum
461 1315 534 1349 sibi
570 1314 769 1359 postulet.“
805 1332 850 1337 -

114 1362 300 1406 serentur]
315 1361 442 1407 Imago
465 1362 627 1406 repetita
651 1364 709 1395 est
733 1371 755 1394 a
772 1362 852 1393 tur-

118 1409 208 1445 bida
232 1409 413 1444 torrentis
438 1419 556 1453 aqua,
590 1418 686 1452 quae
720 1407 850 1451 rapido

116 1467 237 1491 cursu
261 1456 402 1498 fertur,
435 1457 515 1498 fluit
542 1456 722 1488 lutulenta
752 1454 852 1497 (Sat.

122 1505 155 1546 1,
179 1505 214 1545 4,
242 1503 323 1546 11).
346 1502 424 1536 Alii
451 1500 551 1546 (coll.
577 1502 681 1547 Virg.
706 1502 801 1535 Aen.
820 1503 853 1543 6,

121 1551 213 1585 823:
265 1551 449 1591 Utcunque
496 1551 615 1591 serent
663 1558 707 1582 ea
752 1549 854 1590 saeta

119 1598 297 1640 minores,
325 1599 445 1631 Vincet
462 1605 567 1630 amor
589 1595 765 1638 patriae.)
791 1606 854 1628 ex-

120 1644 288 1689 plicant:
343 1644 421 1686 „ab
469 1644 552 1687 ipso
601 1642 853 1682 habebuntur,

119 1690 427 1727 iudicabuntur.“
471 1709 515 1714 -
555 1698 701 1723 movere
752 1688 852 1731 loco]

121 1737 434 1783 quemadmodum
492 1747 627 1772 censor
675 1736 854 1781 indignos

121 1785 293 1819 homines
327 1788 461 1819 senatu
494 1785 553 1818 vel
587 1783 690 1817 tribu
719 1785 853 1817 movet.

123 1831 200 1866 Cfr.
225 1832 302 1866 Sat.
328 1834 346 1865 1
361 1857 371 1874 ,
397 1834 437 1874 6,
463 1833 520 1865 20.
547 1850 590 1854 -
616 1832 733 1864 invita
756 1838 854 1863 rece-

121 1878 227 1921 dant]
246 1879 377 1923 „quasi
390 1878 569 1923 negantia
586 1888 669 1912 sese
685 1887 855 1921 unquam

123 1925 213 1959 inde
251 1926 484 1959 excessura.“
536 1925 626 1958 Sine
666 1924 855 1969 imagine:

128 1971 327 2013 „Quamvis
376 1971 529 2006 difficile
571 1971 641 2004 tibi
681 1971 855 2004 videatur

126 2017 201 2051 alia
234 2017 381 2061 aptiora
411 2018 460 2051 iis
493 2017 724 2051 substituere
750 2027 793 2050 ac
819 2020 855 2051 te

75 2095 78 2097 .
126 2063 318 2097 interdum
342 2064 453 2098 tacite
478 2074 635 2097 excuses
651 2063 752 2106 apud
778 2064 858 2096 ani-

126 2121 231 2144 mum
254 2114 375 2152 tuum,
399 2121 444 2144 ea
460 2110 628 2144 nondum
647 2109 749 2143 edita
774 2120 857 2143 esse

129 2167 199 2191 nec
223 2157 365 2191 iudicio
388 2157 540 2201 publico
558 2156 738 2200 exposita,
764 2167 857 2200 quo-

125 2204 231 2238 circa
262 2204 516 2249 negligentiae
550 2204 697 2248 culpam
730 2214 858 2237 nemo-

126 2250 219 2284 dum
259 2251 300 2284 in
341 2253 379 2285 te
420 2250 592 2285 conferre
630 2250 777 2294 queat!
814 2269 857 2273 —

128 2297 223 2332 Cum
261 2298 514 2339 penetralibus
554 2299 679 2331 autem
719 2298 858 2339 Vestae,

128 2345 171 2378 in
197 2356 293 2389 quae
311 2344 454 2378 nemini
471 2344 630 2378 introire
656 2354 780 2388 neque
797 2354 859 2378 res

131 2401 257 2426 sacras
281 2391 336 2425 ibi
367 2393 576 2425 asservatas
601 2391 744 2425 intueri
769 2391 859 2424 lice-

130 2438 195 2472 bat
242 2438 317 2472 nisi
364 2438 588 2483 Virginibus
629 2437 858 2480 Vestalibus,

129 2487 323 2530 comparat
347 2486 552 2519 carminum
570 2485 719 2530 singula
735 2485 860 2527 verba,

130 2534 320 2576 tamquam
358 2532 389 2566 si
427 2543 487 2566 res
524 2535 651 2566 essent
688 2542 859 2575 arcanae,

128 2578 339 2625 custoditae
376 2580 495 2613 adhuc
532 2580 678 2623 (usque
711 2579 757 2613 ad
788 2579 860 2612 hoc

132 2626 310 2670 temporis
350 2628 552 2670 punctum,
593 2628 679 2660 ante
721 2626 859 2659 librum

133 2672 330 2715 emissum)
354 2674 395 2706 in
421 2673 530 2707 domo
555 2675 707 2717 poetae,
735 2672 861 2706 Musa-

133 2727 218 2751 rum
258 2719 476 2755 sacerdotis.
514 2739 557 2744 -
599 2719 744 2763 Vestae]
787 2719 860 2762 „Id

895 843 970 883 est,
996 841 1116 883 domi,
1141 851 1210 884 per
1235 849 1349 884 quam
1373 837 1629 883 metaphoram

895 888 1079 930 ostendit,
1122 897 1219 932 quae
1257 887 1298 921 in
1334 886 1462 920 animo
1500 887 1630 918 nostro

894 935 967 970 fixa
991 937 1211 977 versentur,
1244 936 1369 968 tamen
1393 929 1632 967 excludenda

895 983 1013 1018 esse.“
1039 981 1191 1015 Ponrn.

945 1031 1112 1063 115·119.
1148 1029 1356 1062 Obscurata
1379 1026 1465 1070 cet]
1492 1025 1632 1069 „Poeta

896 1078 1029 1119 bonus,
1062 1075 1103 1109 id
1129 1078 1206 1118 est,
1239 1075 1445 1109 benevolus
1469 1083 1515 1107 ac
1539 1073 1633 1107 libe-

895 1123 1000 1166 ralis,
1027 1123 1205 1164 obsoleta,
1231 1122 1297 1156 sed
1314 1121 1488 1167 speciosa
1503 1130 1634 1155 rernm

896 1170 1080 1205 vocabula
1101 1170 1242 1211 populo
1268 1170 1324 1212 (in
1341 1179 1454 1203 usum
1470 1167 1633 1212 populi),

899 1218 962 1251 cui
988 1217 1118 1251 eadem
1145 1216 1211 1250 diu
1236 1217 1433 1249 obscurata
1449 1214 1634 1257 (tenebris

899 1264 1091 1305 involuta)
1117 1266 1228 1305 sunt,
1260 1266 1368 1297 eruet
1392 1273 1438 1296 ex
1462 1261 1633 1306 antiquis

899 1311 1151 1355 scriptoribus
1183 1312 1297 1354 atque
1324 1309 1451 1344 denuo
1476 1319 1635 1343 consue-

898 1358 1024 1392 tudini
1061 1357 1227 1392 reddet.“
1279 1357 1399 1391 Simul
1435 1356 1635 1402 significat,

901 1416 1013 1450 quem
1039 1404 1087 1439 ad
1119 1415 1232 1438 usum
1264 1403 1470 1448 praecipue
1501 1403 1634 1437 crebro

901 1449 1052 1497 le'ge'ndi
1092 1451 1169 1485 sint
1208 1454 1355 1485 veteres
1392 1452 1527 1495 postae
1564 1449 1636 1484 La·

901 1499 984 1532 tini.
1006 1518 1047 1523 —
1065 1498 1242 1541 speciosa]
1269 1508 1389 1543 „quae
1415 1498 1635 1539 φαντασίαν

901 1547 954 1580 ita
977 1548 1147 1587 movent,
1179 1547 1223 1579 ut
1253 1548 1395 1580 certam
1425 1547 1463 1579 et
1494 1545 1637 1579 claram

900 1594 1073 1635 speciem,
1106 1593 1309 1637 imaginem
1334 1588 1411 1634 rei,
1445 1603 1558 1636 quam
1583 1591 1636 1626 si-

901 1639 1101 1686 gnificant,
1126 1640 1238 1674 nobis
1263 1639 1512 1684 proponant.“
1558 1638 1637 1672 Ofr.

901 1687 946 1721 A.
982 1687 1023 1720 P.
1057 1689 1137 1721 319.
1173 1705 1217 1710 -
1250 1686 1477 1729 memorata]
1516 1695 1636 1730 „quas

903 1734 993 1768 olim
1030 1744 1213 1778 usurpare
1246 1733 1420 1768 solebant
1451 1733 1635 1767 veteres-⁴⁶

903 1800 947 1805 —-
975 1781 1192 1824 Catonibus]
1218 1780 1363 1815 Lucan.
1389 1782 1428 1822 1,
1454 1782 1547 1814 313:
1571 1788 1638 1813 no-

902 1830 1005 1861 mina
1033 1837 1134 1862 vana
1166 1829 1335 1870 Catones,
1368 1826 1436 1861 ubi
1462 1826 1637 1861 Coi-tius:

905 1877 1079 1918 „Catones
1109 1877 1265 1919 propter
1297 1874 1555 1908 celebritatem
1580 1873 1638 1908 di-

902 1922 977 1965 xit,
1011 1924 1053 1955 ut
1085 1922 1178 1956 alibi
1202 1921 1400 1964 Camillos,
1434 1921 1570 1955 Cui-ios
1601 1923 1640 1955 et

904 1969 1047 2003 similes
1071 1968 1327 2003 multitudinis
1357 1968 1511 2002 nomine
1538 1968 1639 2002 citat.

906 2015 1014 2049 Conf.
1043 2016 1087 2048 A.
1112 2016 1154 2048 P.
1180 2017 1246 2048 56:
1282 2017 1360 2057 Bao
1394 2025 1478 2057 cur,
1512 2016 1640 2056 acqui-

904 2071 989 2096 rere
1022 2071 1148 2103 pauca
1183 2063 1222 2095 si
1255 2071 1421 2105 possum,
1462 2063 1639 2105 invideor,

906 2117 987 2141 cum
1022 2109 1151 2150 linqua
1184 2110 1330 2141 Catonis
1364 2111 1397 2142 et
1429 2110 1528 2142 Enni
1556 2110 1640 2143 Ser-

905 2163 1047 2188 monem
1068 2157 1235 2196 patrium
1258 2156 1443 2189 ditaverit.
1462 2175 1505 2179 —
1531 2156 1566 2189 A
1588 2155 1639 2190 M.

908 2201 1083 2236 Cornelio
1110 2202 1275 2247 Cethego
1300 2203 1459 2237 consule
1483 2213 1517 2236 a.
1543 2214 1581 2236 u.
1606 2213 1639 2237 c.

908 2250 989 2282 550.
1016 2249 1162 2291 (Ennio
1186 2250 1334 2283 suadae
1365 2250 1553 2292 medulla)
1581 2249 1640 2284 ci-

908 2306 995 2330 cero
1035 2296 1143 2330 Brut.
1192 2298 1236 2330 15
1251 2322 1261 2338 ,
1308 2298 1366 2330 5⁷.
1414 2297 1639 2331 Lafinorum

908 2345 1098 2377 oratorum
1139 2343 1277 2377 seriem
1318 2343 1486 2387 orditur;
1528 2355 1640 2388 quem

907 2390 1032 2424 statim
1079 2390 1220 2434 excipit
1258 2389 1307 2423 M.
1346 2390 1507 2425 Porcius
1548 2391 1640 2426 Cato

908 2436 1112 2471 Censorius
1149 2438 1226 2471 sive
1256 2439 1409 2479 priscus.
1459 2437 1642 2483 Cethego·

907 2494 992 2517 rum
1033 2487 1158 2518 autem
1198 2484 1342 2518 familia
1380 2485 1539 2519 humero
1578 2495 1641 2518 ex-

909 2534 1008 2565 serto
1042 2534 1080 2565 et
1113 2531 1239 2565 cinctu
1273 2532 1457 2577 singulari
1482 2531 1550 2564 diu
1573 2542 1641 2566 an-

907 2578 1093 2622 tiquitatis
1127 2578 1290 2623 speciem
1323 2578 1495 2612 retinuit.
1529 2578 1572 2611 A.
1597 2578 1640 2612 P.

908 2626 1151 2667 502'Finqere
1176 2626 1342 2658 cinctutis
1366 2634 1441 2658 non
1465 2626 1642 2658 exaudita

909 2673 1069 2714 Cetheqis
1088 2674 1287 2713 continuet.
1306 2691 1349 2695 -
1365 2671 1471 2714 situs]
1483 2673 1508 2707 S
1514 2673 1642 2705 chim-

907 2720 1008 2762 met,
1040 2721 1210 2758 Meden-
1245 2719 1332 2763 „qui
1366 2728 1428 2752 res
1453 2729 1476 2753 a
1508 2729 1549 2753 se
1575 2718 1641 2752 ob-
