1774 2930
704 738 1071 805 rnnnx.

556 929 590 965 L
636 927 894 964 CARMINUM
919 927 1206 965 LYRICORUM

140 1013 222 1048 Aeli
249 1014 396 1047 vetusto
421 1012 563 1046 nobilis
587 1011 634 1046 ab
660 1010 775 1046 Lamo
801 1010 871 1045 Od.
894 1009 961 1044 111.
988 1012 1043 1044 17.

139 1061 306 1105 Aequam
330 1062 515 1094 memento
541 1058 655 1093 rebus
680 1059 719 1093 in
744 1057 875 1093 arduis
901 1056 970 1091 Od.
995 1057 1043 1092 11.
1070 1061 1102 1092 3.

138 1106 239 1149 Albi,
262 1117 311 1141 ne
335 1106 466 1141 doleas
490 1106 578 1151 plus
603 1105 718 1140 nimio
743 1116 885 1140 memor
910 1103 978 1139 Od.
1003 1105 1032 1139 Ι.
1059 1108 1116 1139 33.

139 1153 267 1188 Altera
291 1154 367 1188 iam
390 1154 526 1188 teritur
550 1153 660 1187 bellis
687 1153 861 1187 civilibus
887 1155 990 1187 aetas
1014 1153 1134 1198 Epod.
1164 1155 1217 1188 16.

138 1200 345 1246 Angustam
370 1201 488 1235 amice
512 1201 732 1245 pauperiem
756 1201 834 1244 pati
861 1199 929 1233 Od.
955 1199 1021 1234 ΙΠ.
1047 1203 1080 1234 2.

136 1248 198 1291 At,
224 1259 245 1282 o
270 1247 426 1282 deorum
453 1247 636 1292 quidquid
661 1247 701 1281 in
727 1248 831 1282 08010
856 1246 955 1291 regit
978 1246 1095 1292 Epod.
1122 1250 1155 1281 5.

137 1295 337 1337 Audivere,
362 1294 474 1340 Lyce,
499 1294 538 1328 di
563 1305 646 1329 mea
669 1297 767 1340 sota,
793 1294 830 1328 di
856 1293 925 1328 Od.
950 1294 1015 1328 IV.
1045 1296 1099 1328 13.

137 1342 325 1377 Bacchum
348 1341 390 1375 in
415 1342 568 1376 remotis
593 1341 760 1376 carmina
784 1341 942 1387 rupibus
968 1341 1037 1375 od.
1060 1341 1108 1376 11.
1137 1345 1191 1376 19.

135 1389 275 1424 Beatus
298 1389 375 1431 ine,
400 1389 465 1434 qui
490 1389 624 1434 procul
650 1389 812 1434 negotiis
835 1388 953 1433 Epod.
981 1392 1013 1424 2.
1092 1392 1094 1396 ’

138 1436 251 1472 Caelo
277 1436 432 1480 supinas
457 1437 489 1470 si
518 1436 652 1470 tuleris
677 1447 811 1471 manus
835 1435 904 1470 Od.
929 1436 1001 1471 m:
1022 1438 1079 1471 23.

139 1483 252 1519 Caelo
277 1485 468 1518 tonantem
495 1483 724 1518 credidimus
747 1483 874 1518 Iovem
899 1483 967 1517 011.
992 1483 1060 1518 m.
1086 1486 1119 1519 5.

138 1531 232 1565 Cum
258 1533 311 1573 tu,
336 1530 467 1575 Lydia,
493 1531 650 1575 Telephi
676 1530 744 1564 od.
768 1530 798 1564 L
827 1532 881 1564 13.

138 1577 215 1612 Gur
237 1588 296 1612 me
322 1578 490 1622 querelis
515 1578 705 1612 exanimas
731 1577 808 1612 tm‘s
834 1577 903 1612 Od.
928 1576 975 1612 Π.
1003 1581 1059 1613 17.

136 1625 284 1659 Delicta
307 1624 492 1659 maiorum
516 1624 726 1659 immeritus
750 1625 834 1659 lues
860 1624 928 1659 Od.
953 1625 1019 1659 ΠΙ.
1046 1628 1079 1660 6.

135 1671 331 1706 Descende
358 1671 461 1706 eaelo
488 1674 525 1706 et
550 1672 611 1707 dic
635 1682 703 1716 age
727 1671 820 1706 tibia
845 1671 914 1706 Od.
938 1671 1005 1706 m.
1030 1676 1064 1707 4.

136 1718 294 1753 Dianam
318 1720 472 1754 tenerae
497 1719 616 1754 dicite.
634 1719 801 1764 virgines
826 1719 896 1753 Od.
921 1718 951 1753 1.
977 1722 1034 1754 21.

135 1766 327 1812 Diffugere
353 1766 472 1809 nives,
494 1766 656 1801 redeunt
680 1766 754 1800 iam
779 1766 951 1812 gramina
975 1768 1115 1814 campis
1142 1768 1211 1803 Od.
1237 1769 1301 1803 Π.
1328 1772 1362 1804 τ.

135 1813 241 1856 Dive,
266 1823 377 1858 quem
401 1813 528 1857 proles
552 1808 696 1848 Niobea
724 1824 880 1859 magnae
907 1813 976 1848 od.
1000 1815 1065 1849 IV.
1093 1819 1126 1850 6.

134 1860 242 1894 Divis
267 1863 348 1894 orte
373 1861 493 1903 bonis,
520 1861 658 1905 optime
683 1860 865 1896 Romulae
892 1860 961 1896 Od.
986 1861 1051 1897 IV.
1078 1864 1111 1897 5.

135 1907 324 1941 Donarem
347 1909 496 1951 pateras
521 1910 699 1953 grataque
725 1908 941 1943 commodus
967 1909 1035 1944 Od.
1060 1910 1125 1944 IV.
1154 1913 1186 1945 8.

134 1954 266 1989 Donec
289 1957 420 1999 gratus
446 1965 547 1989 eram
571 1955 641 1990 tibi
666 1954 735 1989 od.
760 1955 826 1989 111.
852 1959 885 1990 9.

137 2001 244 2035 Eheu
267 2000 434 2046 fugaces,
457 2002 646 2045 Postume,
671 2002 849 2037 Postume
876 2002 944 2036 Od.
969 2002 1017 2036 Π.
1044 2006 1099 2037 14.

135 2048 204 2082 Est
228 2047 321 2082 mihi
345 2059 488 2083 nonum
513 2050 728 2095 superantis
754 2060 895 2084 annum
922 2049 989 2084 Od.
1014 2050 1079 2083 IV.
1111 2054 1164 2084 11.

135 2095 184 2129 Et
206 2095 317 2130 thure
342 2098 380 2129 et
404 2095 540 2131 fidibus
565 2097 669 2131 iuvat
694 2097 816 2131 Od.·1.
844 2099 900 2131 36.

135 2143 251 2188 Exegi
275 2147 558 2177 monumentum
582 2155 669 2179 aere
694 2144 902 2188 perennius
928 2143 995 2178 Od.
1020 2144 1087 2178 ΠΙ.
1114 2148 1170 2179 30.

135 2190 351 2224 Extremum
377 2190 521 2225 Tanain
548 2191 580 2225 si
606 2191 769 2233 biberes,
794 2190 892 2236 Lyce
920 2190 988 2224 Od.
1013 2191 1080 2225 ΠΙ.
1108 2195 1163 2226 10.

135 2236 265 2271 Faune
288 2236 541 2281 Nympharum
566 2238 776 2284 fugientum
802 2240 943 2272 ametor
969 2237 1038 2272 Od.
1062 2238 1129 2274 111.
1158 2242 1212 2274 18.

135 2283 245 2318 Festo
271 2285 362 2329 quid
387 2285 510 2328 potius
536 2284 596 2319 die
623 2285 691 2318 Od.
716 2284 782 2318 [H.
809 2286 866 2318 28.

135 2330 310 2365 Herculis
334 2333 411 2366 ritu
435 2331 544 2365 modo
570 2331 701 2374 dictus,
728 2342 749 2365 ο
773 2331 880 2375 plebs
905 2331 974 2366 Od.
999 2331 1066 2367 m.
1094 2336 1147 2368 14.

135 2377 298 2412 Horrida
323 2382 525 2423 tempestas
550 2379 694 2413 caelum
720 2379 907 2413 contraxit
932 2382 970 2413 et
993 2380 1134 2416 imbres
1159 2381 1276 2427 Epod.
1305 2386 1358 2417 13.

135 2423 212 2459 Iam
236 2424 310 2459 iam
335 2425 478 2460 efficaci
503 2425 550 2459 do
575 2436 710 2460 manus
736 2426 914 2460 scientiae
939 2426 1057 2472 Epod.
1084 2431 1139 2463 17.

135 2471 212 2506 Iam
238 2482 359 2516 pauca
383 2474 507 2507 aratro
533 2472 665 2518 iugera
689 2473 815 2518 regiae
842 2472 911 2508 Od.
935 2473 982 2508 11.
1011 2476 1066 2508 15.

135 2518 212 2552 Iam
238 2519 329 2554 satis
354 2519 466 2554 terris
492 2518 589 2554 nivis
614 2523 727 2564 atque
752 2519 856 2554 dirae
884 2519 953 2555 Od.
978 2521 1007 2555 Ι.
1034 2524 1066 2556 2.

135 2564 213 2599 Iam
238 2567 336 2601 veris
362 2567 526 2608 comites,
552 2578 648 2612 quae
671 2577 774 2601 mare
801 2570 1012 2613 temperant
1036 2569 1103 2604 Od.
1130 2570 1193 2604 IV.
1222 2574 1276 2605 12.

136 2611 213 2646 Ibis
236 2612 417 2648 Liburnis
442 2614 541 2648 inter
566 2614 642 2648 alta
665 2614 816 2649 navium
840 2615 957 2660 Epod.
987 2619 1018 2650 1.

136 2657 224 2701 Ieei,
247 2659 366 2696 beatis
391 2671 494 2695 nune
517 2660 683 2696 Arabum
708 2661 854 2696 invides
880 2661 949 2697 od.
972 2661 1003 2697 Ι.
1029 2667 1085 2699 29.

136 2705 206 2740 Ille
231 2708 268 2740 et
291 2708 437 2743 nefasto
464 2711 501 2742 te
526 2709 655 2753 posuit
679 2709 739 2743 die
764 2707 833 2743 Od.
857 2709 905 2744 Π.
935 2712 988 2744 13.
