1774 2930
153 135 238 176 538

807 133 1018 169 HORATII

269 234 327 277 Et
358 235 520 277 faciunt
549 249 683 291 prope
714 236 838 291 plura
867 235 1110 278 dolentibus
1141 250 1198 279 ex
1227 238 1384 292 animo,
1416 238 1479 296 sic

269 306 448 349 Derisor
477 320 580 348 vero
611 307 707 362 plus
738 306 960 349 laudatore
991 311 1199 349 movetur.

267 377 412 432 Reges
445 376 643 418 dicuntur
673 377 820 418 multis
850 391 1004 433 urgere
1036 378 1205 420 culullis

266 447 324 489 Et
354 452 555 504 torquere
586 462 717 501 mero,
751 462 878 503 quem
909 449 1186 504 perspexisse
1215 449 1432 503 laborant,

1582 451 1668 492 435

266 518 336 560 An
369 519 424 560 sit
455 519 645 560 amicitia
675 518 852 574 dignus:
886 520 923 560 si
953 520 1142 562 carmina
1173 519 1344 574 condes,

263 588 493 645 Nunquam
526 593 569 632 te
601 589 750 632 fallant
782 590 913 631 animi
945 590 1025 632 sub
1055 591 1182 646 volpe
1211 591 1409 634 latentes.

267 659 473 707 Quintilio
506 661 541 701 si
573 660 676 716 quid
706 661 925 713 recitares,
959 661 1138 717 Corrige
1170 661 1295 704 sodes

263 730 372 784 Hoc,
405 731 560 784 aiebat,
593 735 636 773 et
667 731 770 786 hoc,
803 732 956 774 melius
987 735 1031 774 te
1062 746 1190 788 posse
1220 746 1416 788 negares,

261 801 338 842 Bis
371 807 520 858 terque
553 807 779 858 expertum
810 802 982 856 frustra,
1015 802 1158 845 delere
1189 803 1366 845 iubebat

1579 804 1666 845 440

262 871 319 913 Et
351 873 461 915 male
492 878 683 915 tornatos
717 873 860 915 incudi
890 873 1068 916 reddere
1101 887 1264 916 versus.

263 942 309 984 Si
340 943 569 986 defendere
601 944 802 986 delictum
834 959 960 1000 quam
991 948 1159 987 vertere
1190 944 1355 998 malles,

237 1074 316 1106 435.
340 1075 571 1114 prospexisse
597 1084 617 1108 e
645 1073 761 1108 Codd.
787 1074 827 1106 F.
850 1093 893 1097 —
914 1076 995 1108 441.
1023 1074 1206 1117 tornatos]
1231 1075 1408 1115 formatos
1436 1073 1617 1120 Guyetus,

188 1122 243 1152 ter
269 1122 375 1153 natos
400 1120 598 1155 Bentleius
625 1121 722 1155 coni.
749 1121 795 1155 ab
821 1121 903 1165 ipso
930 1123 1093 1165 recepta.

186 1239 266 1270 433.
293 1238 461 1281 Derisor]
495 1237 618 1285 εἴρων,
653 1239 772 1275 falsus
799 1239 878 1272 lau-

137 1284 256 1318 dator.
283 1284 360 1318 Cfr.
386 1285 479 1330 Epp.
507 1289 538 1328 1,
567 1288 621 1328 18,
649 1289 703 1321 11.
731 1305 773 1309 ——
799 1295 878 1319 mo-

136 1332 258 1375 vetur]
299 1333 540 1374 „simulatam
567 1334 681 1367 animi
718 1344 877 1369 commo-

136 1379 277 1413 tionem
311 1380 477 1414 externis
512 1381 630 1426 signis
665 1381 876 1427 exprimere

137 1427 333 1460 conatur.“

184 1475 384 1507 434—437.
410 1475 541 1517 Reqes]
576 1478 619 1509 ut
644 1487 766 1522 saepe,
794 1476 877 1518 „lo-

138 1521 342 1564 cupletes.“
383 1521 458 1555 Cfr.
478 1522 553 1556 Sat.
574 1526 605 1565 1,
625 1525 657 1566 2,
676 1526 731 1558 86.
752 1543 795 1547 —-
814 1532 877 1557 ur-

136 1576 220 1609 qere
246 1569 408 1611 culullis]
435 1568 519 1603 Vid.
539 1570 585 1603 ad
597 1549 672 1604 Od.
694 1574 725 1614 1,
745 1573 801 1612 31,
822 1573 875 1604 11.

138 1614 322 1649 Timocles
348 1616 388 1649 in
415 1615 537 1650 Grotii
563 1617 652 1651 Exc.
678 1630 761 1665 pag.
789 1621 874 1652 693:

137 1659 318 1718 Πατάξω
331 1662 360 1696 τ’
380 1661 467 1696 ι”σον
494 1663 564 1719 ἴσῳ
582 1668 782 1720 ποτηρίοις
798 1667 877 1698 Με-

135 1706 268 1753 γάλοις
292 1705 449 1744 ἅπασαν
474 1709 544 1755 τὴν
569 1710 757 1756 ἀλήθειαν
766 1711 876 1769 ’φρά-

136 1768 212 1790 σαι
240 1757 414 1792 Grotius:
440 1761 575 1793 potans
594 1769 668 1802 par
682 1763 772 1802 pari
796 1770 874 1794 ur-

136 1806 249 1845 oebo
267 1807 387 1838 virum
404 1807 553 1847 Maqnis
572 1809 792 1849 culultis,
815 1818 874 1841 ve-

134 1859 217 1884 rum
244 1855 282 1885 ut
307 1861 411 1886 omne
436 1855 607 1887 enuntiet.
627 1874 669 1878 —-
689 1854 873 1897 torquere]

135 1902 177 1931 ut
193 1898 425 1941 βασανίζειν,
449 1901 700 1944 „explorare.“
728 1901 821 1946 Epp.
841 1904 873 1944 1,

138 1947 199 1987 13,
226 1948 288 1979 38:
323 1950 356 1980 et
379 1948 464 1980 vino
491 1950 606 1981 tortus
633 1951 666 1982 et
691 1950 760 1982 ira.
804 1948 874 1983 Le-

134 1993 263 2036 pidum
294 1994 505 2038 exemplum
536 1996 692 2039 praebet
719 1995 872 2029 Sueten.

136 2040 259 2074 Tiber.
287 2043 350 2075 42:
387 2043 559 2083 Princeps
584 2044 624 2075 in
647 2044 728 2084 ipsa
750 2044 873 2085 publi-

135 2096 260 2121 corum
277 2097 420 2122 morum
437 2091 657 2123 correctione
671 2099 752 2124 eum
761 2093 869 2124 Pom-

130 2137 243 2176 ponio
277 2138 406 2169 Flacco
441 2140 474 2170 et
507 2138 545 2170 L.
570 2139 701 2171 Pisone
735 2141 873 2171 noctem

135 2184 416 2224 continuumque
440 2185 589 2218 biduum
611 2186 794 2226 epulando
809 2195 873 2226 po-

135 2231 318 2271 tandoque
352 2233 592 2273 consumpsit‚·
626 2241 782 2272 quorum
816 2234 872 2265 al-

135 2278 204 2309 teri
219 2279 365 2318 Syriam
379 2280 620 2321 provinciam,
639 2280 750 2312 alteri
763 2288 873 2320 prae-

134 2325 317 2364 fecturam
358 2327 458 2359 Urbis
503 2328 690 2367 confestim
731 2327 871 2368 detulit,

135 2373 309 2405 codicillis
346 2382 488 2413 quoque
524 2375 800 2407 iucundissimos
840 2377 873 2407 et

135 2420 298 2452 omnium
338 2421 515 2453 horarum
557 2422 692 2454 amieos
730 2422 872 2462 profes-

133 2474 205 2498 sus.
222 2485 264 2489 —
278 2469 505 2508 perspexisse
533 2468 716 2510 laborant]
745 2468 872 2512 „peni-

134 2516 196 2546 tus
238 2524 350 2548 nosse
391 2515 630 2549 vehementer
679 2515 870 2559 eupiunt.“

137 2559 221 2601 „Sic
247 2564 287 2595 tu
314 2562 499 2606 quoque,“
526 2562 663 2606 inquit,
691 2562 873 2608 „diligen-

134 2610 190 2641 ter
210 2609 376 2652 explora,
401 2611 529 2642 utrum
552 2619 636 2642 cum
655 2609 872 2643 simulatore

134 2654 202 2688 tibi
229 2666 290 2690 res
317 2657 382 2698 sit,
413 2667 461 2690 an
488 2666 571 2690 cum
598 2657 721 2690 animo
749 2657 871 2690 since-

135 2703 212 2735 ro.“
256 2703 311 2737 De
342 2703 509 2748 perfecto
534 2701 725 2750 ἀορίστως
748 2704 870 2748 posito

927 1238 1025 1272 conf.
1050 1249 1084 1272 v,
1110 1240 1167 1272 98.
1194 1258 1237 1262 -
1263 1238 1337 1282 An]
1362 1238 1440 1273 Cfr.
1465 1249 1499 1273 v.
1525 1241 1662 1273 462.—

925 1288 992 1319 sub
1015 1287 1121 1327 volpe
1149 1286 1367 1329 latentesJ„
1379 1286 1502 1320 dolosi
1527 1296 1572 1320 ac
1596 1286 1663 1320 du-

926 1333 1078 1377 plices.⁴⁴
1105 1332 1358 1367 Archilochus
1382 1345 1419 1378 p.
1439 1335 1518 1367 169.
1556 1333 1662 1369 Lieb.

926 1391 960 1424 p.
976 1383 1056 1414 485.
1070 1380 1219 1426 Bergk.
1247 1380 1308 1427 Τῷ
1333 1377 1518 1436 (πιθήκῳ)
1544 1379 1576 1412 δ’
1599 1379 1663 1428 ἀρ’

925 1425 1084 1484 ἀλῲπηξ
1119 1438 1186 1474 κερ
1187 1418 1304 1482 dal-§⁷⁶7
1341 1426 1551 1472 συνήντετο
1583 1428 1664 1461 Πυ-

925 1473 1018 1508 κνὸν
1035 1472 1182 1516 ἑχουσα
1194 1472 1300 1509 νόον.
1324 1475 1399 1510 cfr.
1409 1475 1514 1510 Pers.
1528 1477 1561 1518 5,
1578 1477 1662 1510 116:

924 1524 1044 1564 fronte
1064 1524 1214 1565 politus,
1238 1524 1406 1556 Astutam
1428 1524 1562 1564 vapido
1585 1531 1664 1556 ser-

924 1579 987 1603 vas
1012 1572 1080 1603 sub
1101 1573 1247 1612 pectore
1270 1571 1424 1612 volpem.
1457 1569 1662 1604 Ruhnken.

924 1617 972 1651 ad
999 1617 1142 1651 Timaei
1166 1615 1256 1651 Lex.
1273 1617 1370 1651 Plat.
1393 1628 1431 1662 p.
1449 1619 1528 1651 214.
1560 1616 1663 1661 Lips-

925 1665 976 1708 (p.
1006 1666 1107 1698 1004.
1133 1664 1191 1698 ed.
1217 1665 1350 1707 Bait.):
1378 1662 1489 1708 ῃΤὴν
1513 1661 1662 1697 ἀλωπε-

925 1711 1008 1755 κῆν·
1036 1709 1106 1755 τὴν
1132 1713 1402 1766 πανουργίαν
1415 1711 1662 1746 Notissimum

924 1762 982 1793 est
993 1759 1179 1803 Lysandri
1193 1759 1358 1792 dictum:
1375 1753 1402 1791 ὅ
1407 1767 1492 1791 που
1511 1755 1536 1801 ἡ
1553 1757 1663 1791 λεον-

923 1806 970 1848 τῆ
987 1805 1043 1849 μὴ
1061 1806 1282 1846 ἐφικνεῖται,
1300 1806 1566 1858 προσραπτέον
1583 1804 1666 1838 ἐκεῖ

923 1851 994 1895 τήν
1017 1851 1232 1895 ἀλωπεκῆν.
1265 1848 1431 1896 Ἀλώπηξ
1455 1854 1579 1886 autem
1606 1852 1661 1886 di-

923 1899 1022 1933 citur
1053 1910 1122 1944 pro
1156 1900 1256 1944 pelle
1287 1899 1460 1944 vulpina,
1491 1902 1535 1933 ut
1565 1898 1661 1932 λέων

922 1958 990 1991 pro
1017 1947 1117 1991 pelle
1143 1947 1318 1981 leoninefl·
1346 1949 1416 1980 cet.

969 1996 1168 2028 438—444.
1196 1993 1389 2037 Quintilio]
1421 1993 1660 2028 Assentatori

922 2052 1025 2075 nunc
1040 2041 1197 2086 opponit
1213 2041 1416 2086 imaginem
1434 2041 1573 2075 sinceri
1587 2041 1661 2074 eri-

922 2089 988 2122 tici
1015 2089 1086 2131 (w.
1113 2089 1286 2130 438-452)
1313 2090 1351 2122 et
1374 2091 1417 2122 ut
1440 2088 1553 2122 talem
1578 2088 1661 2121 lau-

922 2135 986 2170 dat
1011 2135 1238 2175 Quintilium
1262 2134 1404 2170 Varum
1430 2135 1659 2169 Cremonen-

923 2194 1018 2225 sem,
1057 2183 1166 2218 cuius
1199 2186 1355 2216 mortem
1389 2183 1495 2227 luget
1526 2181 1594 2216 Od.
1628 2184 1659 2225 1,

923 2232 978 2264 24.
1006 2231 1054 2273 (a.
1073 2242 1109 2264 u.
1128 2240 1159 2264 c.
1178 2230 1283 2272 730);
1308 2230 1370 2263 hic
1387 2232 1530 2275 gratam
1547 2229 1659 2263 amici

921 2278 1135 2312 memoriam
1153 2279 1319 2311 renovat.
1337 2295 1381 2300 —
1400 2276 1568 2319 neqares]
1586 2276 1659 2310 Hie

922 2335 1072 2369 quoque
1088 2324 1351 2358 coniunctivus
1365 2323 1506 2368 pendet
1518 2334 1538 2357 e
1550 2333 1660 2367 pree·

922 2372 1078 2406 cedente
1110 2372 1159 2413 si,
1200 2381 1427 2416 quamquam
1461 2373 1499 2405 et
1522 2381 1591 2414 per
1617 2379 1659 2404 se

922 2420 1067 2463 positus
1095 2418 1313 2463 saepissime
1340 2418 1452 2452 habet
1475 2417 1551 2450 vim
1570 2427 1658 2451 eon-

921 2467 1151 2500 ditionalem.
1178 2465 1285 2499 Conf.
1311 2464 1404 2509 Epp.
1425 2467 1456 2507 1,
1482 2467 1512 2507 1,
1536 2466 1593 2498 28.
1609 2481 1659 2488 -—-

921 2515 984 2548 Bis
1003 2513 1141 2556 terque]
1169 2512 1275 2546 Conf.
1294 2523 1326 2545 v.
1346 2513 1426 2545 358.
1443 2531 1483 2535 —
1499 2510 1657 2553 metra]

920 2561 1039 2606 Iunge
1067 2571 1151 2594 cum
1176 2570 1209 2593 v.
1236 2562 1444 2601 expertum,
1468 2558 1565 2592 male
1589 2557 1658 2591 alii

922 2618 1006 2642 cum
1032 2619 1064 2641 v.
1090 2616 1252 2649 neqares.
1274 2625 1315 2630 —
1339 2605 1475 2648 delere]
1503 2614 1656 2647 „versus

920 2655 1007 2689 illos
1032 2654 1223 2695 vitiosos‚“
1250 2663 1338 2694 non,
1364 2655 1406 2686 ut
1430 2652 1495 2686 alii
1513 2651 1657 2694 volunt,

922 2706 1063 2745 „totum
1089 2705 1196 2735 tuum
1221 2701 1387 2745 poema.“
1403 2717 1447 2724 —-
1463 2700 1557 2733 male
1583 2701 1656 2732 tor-
