1774 2930
646 149 740 183 Lm.
763 148 812 182 11.
861 123 966 182 SAJl'.
989 145 1092 180 vm.
1537 141 1624 184 245

231 253 296 296 'I'e
326 252 462 295 deus?
490 251 549 293 Ut
578 263 749 305 semper
778 247 940 304 gaudes
969 245 1147 288 illudere
1178 244 1307 287 rebus

231 322 467 366 Humanis!
500 321 657 363 Varius
688 333 846 375 mappa
874 330 1145 374 compescere
1174 316 1310 358 risum

229 395 317 437 Vix
345 396 525 450 poterat.
571 391 745 433 Balatro
778 388 1042 445 suspendens
1075 386 1219 430 omnia
1247 399 1372 438 naso,

228 465 350 508 Haec
379 467 445 507 est
476 462 666 505 condicio
697 459 888 514 vivendi,
919 459 1080 512 aiebat,
1112 471 1248 514 eoque

229 535 506 591 Responsura.
534 537 608 574 tuo
639 545 857 587 nunquam
888 535 954 573 est
984 543 1062 586 par
1092 529 1206 571 fama
1235 527 1384 570 labori.

231 606 371 659 Tene,
402 609 449 647 ut
481 618 560 660 ego
593 603 777 658 accipiar
806 602 942 654 laute,
975 599 1212 656 torquerier
1244 597 1358 640 omni

231 676 525 719 Sollicitudine
556 674 814 726 districtum,
845 686 900 714 ne
931 672 1054 728 panis
1087 669 1283 722 adustus,

178 752 180 754 ’
230 747 297 789 Ne
328 747 439 789 male
471 745 686 788 conditum
716 745 782 785 ius
813 747 1071 799 apponatur,
1103 745 1149 782 ut
1182 753 1330 782 omnes

230 817 470 860 Praecincti
500 820 616 858 recte
646 815 769 871 pueri
800 813 1042 869 comptique
1072 810 1338 853 ministrent!

229 887 352 930 Adde
382 887 460 929 hos
491 890 713 942 praeterea
743 898 886 937 casua,
920 883 1070 926 aulaea
1099 886 1225 924 ruant
1256 881 1312 934 si,

229 958 287 1000 Ut
316 957 465 1011 modo3
498 958 535 999 si
565 957 756 1013 patinam
786 954 896 1012 pede
926 955 1072 1010 lapsus
1104 952 1272 1007 frangat
1303 964 1446 1007 agaso.

230 1028 317 1071 Sed
347 1028 630 1071 convivatoris
663 1022 725 1068 uti
755 1026 875 1068 ducis
906 1024 1126 1080 ingenium
1156 1037 1225 1066 res

226 1099 446 1142 Advorsae
477 1097 638 1140 nudare
670 1098 826 1150 solent,
859 1096 997 1139 celare
1029 1093 1254 1138 secundae.

227 1169 484 1212 Nasidienus
515 1169 569 1211 ad
599 1168 727 1211 haec:
763 1167 862 1209 Tibi
893 1167 954 1219 di,
988 1178 1265 1222 quaecunque
1295 1163 1502 1220 preceris,

231 1240 462 1283 Commoda
493 1239 616 1282 dent!
648 1239 715 1287 Ita
743 1239 808 1279 vir
838 1238 975 1279 bonus
1008 1251 1053 1279 es
1086 1236 1348 1290 convivaque
1381 1234 1526 1276 comis.

1568 455 1622 495 65

1564 796 1623 849 ’το

1567 1162 1623 1202 75

209 1376 265 1408 75.
287 1376 450 1416 precaris
476 1384 496 1407 c
521 1376 558 1407 et
583 1385 628 1407 ex
652 1373 884 1407 Bentleianis
911 1372 1090 1416 quinque,
1118 1370 1205 1412 „sed
1231 1369 1495 1404 recentiores.“

116 1495 204 1530 que,
229 1487 271 1519 ut
287 1485 341 1519 ita
357 1485 488 1526 dicam,
513 1483 724 1528 transponit
749 1483 842 1517 scri-

116 1535 211 1576 ptor.
235 1551 281 1557 —
296 1532 448 1575 mappa]
474 1531 559 1565 vid.
585 1531 658 1565 Sat..
677 1533 709 1573 2,
736 1534 769 1573 4,
787 1532 843 1563 81.

118 1598 162 1603 -
179 1579 415 1622 compescere]
442 1579 663 1621 „retinere“,
689 1589 776 1619 non,
802 1581 844 1611 ut

117 1625 183 1660 alii
201 1626 343 1669 volunt,
369 1626 546 1668 „celare.“
561 1638 611 1652 ·——
626 1626 844 1666 suspendens

116 1673 241 1707 onnia
285 1673 397 1716 naso]
449 1673 603 1715 „omnia
643 1671 842 1706 irridens.“

118 1718 246 1754 00¹1.
278 1719 398 1758 Cimo.
447 1719 523 1753 Gfr.
549 1718 623 1753 Sat.
660 1722 698 1761 1,
732 1721 773 1761 6,
797 1720 842 1752 5:

116 1775 207 1800 naso
229 1768 415 1808 suspendis
441 1769 594 1800 adame.

165 1862 285 1894 66-76.
311 1861 395 1904 tuo]
430 1863 562 1903 „certa
586 1870 749 1904 persona
774 1870 843 1903 pro

118 1906 295 1941 incerta.“
329 1907 503 1941 Bixm.
538 1907 740 1950 „Putabam
766 1917 843 1940 ser-

121 1964 267 1988 monem
292 1954 475 1988 directum
500 1954 547 1988 ad
562 1954 841 1988 Nasidienum.“

120 1999 236 2034 GESR.
259 2000 356 2035 Sane
371 2002 442 2034 hoc
460 2001 666 2045 simplicius
683 2001 744 2034 vel
760 2011 846 2044 pro-

119 2050 203 2090 pter
220 2058 276 2080 vv.
295 2058 398 2091 seqq.
413 2067 455 2070 —
475 2049 613 2080 Tenen
625 2047 845 2089 torquerier]

118 2092 332 2127 Infinitivus
354 2094 634 2139 indignationis,
659 2097 702 2127 ut
720 2093 794 2127 Sat.
815 2096 846 2135 1,

123 2141 157 2182 9,
182 2141 245 2174 72:
271 2142 438 2173 Huncine
462 2141 572 2173 solem
590 2142 677 2173 Tam
701 2142 846 2181 myrum

121 2194 273 2220 surrexe
296 2188 402 2219 mihi!
430 2206 470 2210 -
496 2187 719 2229 districtum]
746 2187 841 2220 Plin.

119 2233 169 2266 Η.
193 2232 238 2266 Ν.
265 2235 320 2275 18,
345 2236 400 2276 26,
426 2236 489 2267 65;
514 2235 709 2267 innumera
732 2235 843 2266 rusti-

124 2288 182 2314 cos
218 2289 309 2313 cura
345 2282 549 2322 distrinqat.
585 2300 627 2303 —
660 2290 703 2314 ne
738 2282 845 2322 panis

124 2327 209 2370 eet]
233 2327 446 2361 Particulae
478 2336 522 2360 ne
548 2330 585 2360 et
617 2331 656 2360 ut
680 2327 847 2372 pendent

123 2384 146 2408 a
162 2385 195 2407 v.
219 2375 472 2408 sollictludine.
492 2393 534 2397 —
550 2377 657 2416 panis
681 2374 845 2417 adustus]

122 2420 308 2455 Videlicet
332 2422 372 2455 in
396 2422 455 2456 his
473 2422 646 2455 omnibus
672 2424 847 2476 peccarat

122 2466 358 2511 Nasidienus,
382 2479 478 2513 pane
496 2468 628 2503 adusto
646 2469 848 2515 (ηνθρακι-

125 2514 279 2560 σμένῳ),
303 2515 385 2549 iure
403 2526 516 2560 prave
534 2515 683 2549 condito
710 2516 847 2558 erucis,

122 2561 251 2605 imssis,
274 2563 394 2597 illutis
411 2563 565 2605 echinis,
589 2563 772 2597 ministris
797 2563 847 2596 ri-

125 2607 249 2653 dicule
274 2609 407 2644 cinctis
433 2613 470 2644 et
499 2611 671 2654 comptis,
706 2610 847 2644 aulaeis

125 2664 258 2698 parum
289 2656 394 2691 fultis
419 2660 487 2690 cet.
536 2657 593 2691 Ita
619 2658 648 2691 si
674 2657 847 2701 accipias,

126 2699 237 2746 longe
269 2703 400 2737 salsior
436 2704 627 2748 magisque
663 2704 848 2738 malitiosa

891 1482 955 1516 fiet
971 1482 1182 1516 Balatronis
1209 1481 1429 1523 consolatio,
1454 1491 1566 1524 quam
1592 1480 1623 1514 si

892 1530 931 1563 in
965 1529 1186 1563 universum
1211 1539 1297 1562 eum
1322 1527 1368 1561 de
1402 1527 1623 1561 calamitati-

891 1577 982 1619 bus,
1026 1576 1166 1621 quibus
1208 1574 1420 1609 convivium
1463 1573 1622 1618 quodvis

891 1624 987 1658 forte
1021 1623 1119 1657 affici
1144 1622 1283 1667 possit,
1316 1622 1378 1655 hic
1410 1621 1516 1666 loqui
1550 1625 1623 1655 sta-

891 1674 986 1705 tuas.
1014 1689 1056 1693 —-
1090 1669 1224 1712 aoaso]
1260 1679 1432 1711 „servus,
1468 1669 1533 1713 qui
1565 1668 1623 1701 iu-

891 1720 1017 1752 menta
1054 1717 1194 1750 curat.“
1245 1717 1339 1749 ACR.
1382 1715 1623 1758 Nasidienus,

892 1768 934 1799 ut
975 1775 1168 1799 servorum
1218 1774 1419 1796 numerum
1458 1766 1624 1807 augeret,

891 1813 1014 1856 ipsum
1054 1821 1203 1856 quoque
1245 1821 1465 1855 agasonem,
1505 1810 1623 1843 homi-

892 1870 978 1893 nem
1015 1859 1107 1893 adeo
1142 1869 1335 1899 scaevum,
1373 1860 1415 1891 ut
1447 1867 1622 1891 amovens

892 1907 1042 1948 aulaea,
1069 1916 1165 1951 quae
1192 1905 1425 1946 ceciderant,
1456 1904 1622 1948 patinam

892 1954 1102 1998 frangeret,
1127 1953 1205 1986 illis
1230 1954 1471 1997 aggregarat3
1505 1951 1620 1995 idque

895 1999 1076 2035 Servilius
1096 2000 1272 2033 odoratus
1289 2002 1381 2033 erat.
1401 2018 1443 2022 —
1462 1998 1621 2041 nudare]

896 2048 1148 2092 „patefacere‚
1175 2046 1385 2091 detegere.“
1415 2065 1457 2069 —
1484 2047 1562 2078 Tibi
1586 2047 1625 2078 di

894 2094 979 2136 cet.]
1005 2105 1050 2127 ex
1084 2093 1357 2127 consuetudine
1389 2092 1622 2136 quotidiana.

894 2140 1015 2174 Plaut.
1040 2140 1146 2174 Asin.
1172 2142 1204 2181 1,
1231 2142 1263 2180 1,
1289 2141 1345 2172 32.
1372 2142 1409 2173 et
1424 2139 1502 2172 Mil.
1528 2139 1622 2183 glor.

891 2189 923 2229 4,
950 2190 982 2228 2,
1008 2188 1071 2220 47;
1109 2188 1157 2219 Di
1191 2187 1256 2219 tibi
1288 2187 1390 2227 dent,
1429 2194 1623 2226 quaecum-

892 2243 960 2275 que
986 2236 1096 2274 optes.
1146 2233 1260 2266 Stich.
1286 2235 1325 2274 3,
1351 2235 1389 2274 2,
1418 2235 1479 2266 15:
1522 2234 1621 2266 Bene

893 2283 1002 2322 alque
1034 2281 1147 2313 amice
1179 2281 1278 2313 dicis.
1328 2280 1376 2313 Di
1410 2281 1493 2313 dent
1528 2289 1622 2321 quae

892 2329 992 2361 velis.
1021 2347 1063 2350 —
1086 2327 1262 2369 preceris]
1287 2326 1480 2360 Balatroni
1507 2329 1622 2371 optat,

894 2386 970 2409 non
997 2385 1094 2419 quae
1120 2384 1222 2407 nunc
1239 2374 1363 2418 ipsum
1390 2373 1480 2408 deos
1494 2383 1623 2416 preca-

895 2425 955 2455 tur
981 2421 1099 2464 (nihil
1123 2421 1224 2455 enim
1249 2421 1362 2455 certis
1388 2421 1513 2455 verbis
1538 2432 1622 2465 pre·

895 2469 1035 2511 catur),
1062 2468 1127 2502 sed
1154 2478 1404 2513 quaecunque
1430 2468 1504 2502 alio
1531 2479 1622 2512 quo·

894 2516 950 2550 vis
983 2519 1148 2559 tempore
1181 2515 1339 2550 forsitan
1370 2517 1518 2556 precari
1540 2524 1622 2556 pos-

893 2564 951 2596 sit.
975 2562 1075 2596 Hinc
1090 2564 1126 2596 h.
1145 2563 1181 2605 1.,
1207 2565 1249 2596 ut
1274 2565 1484 2596 monstrant
1511 2562 1622 2595 etiam

896 2610 968 2644 loci
999 2609 1184 2651 Plautini,
1218 2610 1481 2643 coniunctivus
1515 2618 1622 2652 prae-

895 2657 1071 2691 ferendus
1090 2660 1146 2691 est
1161 2657 1263 2690 haud
1279 2666 1486 2701 paucorum
1505 2654 1620 2688 Codd.

897 2704 1110 2738 indicativo.
