1774 2930
0 2695 33 2752 ᾧ,

666 125 759 160 LIB.
782 124 832 159 11.
880 123 983 158 SAT.
1005 122 1073 158 ΠΙ.

1542 120 1623 161 177

231 229 278 271 Si
309 229 404 285 quis
434 229 586 272 lectica
615 226 794 269 nitidam
824 229 994 281 gestare
1025 228 1138 266 amet
1168 236 1342 278 agnam,

231 299 346 342 Huic
363 303 549 351 vestem,
570 302 619 340 ut
639 300 814 353 gnatae,
835 300 958 352 paret
977 294 1173 347 ancillas,
1194 296 1317 349 paret
1336 305 1505 345 aurum,
1539 291 1624 332 215

231 369 389 412 Rufam
418 373 492 412 aut
520 368 730 410 Pusillam
761 367 949 423 appellet
977 365 1162 421 fortique
1191 364 1345 406 marito

231 440 432 483 Destinet
461 453 664 492 uxorem3
695 437 922 481 interdicto
953 437 1053 479 huic
1085 449 1210 478 omne
1239 434 1400 477 adimat
1430 434 1498 476 ius

231 510 412 553 Praetor
441 515 485 553 et
515 509 570 552 ad
600 523 727 552 sanos
758 509 885 552 abeat
913 507 1050 550 tutela
1077 506 1355 563 propinquos.

234 581 380 630 Quid?
409 582 447 623 si
478 582 574 637 quis
606 584 779 636 gnatam
809 593 886 636 pro
916 583 1036 620 muta
1065 577 1248 620 devovet
1277 589 1407 632 agna,
1476 597 1478 600 ·

233 651 406 708 Integer
436 656 503 695 est
532 651 693 694 animi?
726 650 793 693 Ne
823 649 997 692 dixeris.
1046 647 1183 704 Ergo,
1213 647 1288 689 ubi
1318 660 1451 703 prava

1540 645 1627 687 220

236 722 445 776 Stultitia,
476 722 561 764 hies
575 735 743 764 8111111118
772 724 839 764 est
866 719 1055 762 insania:
1094 718 1167 774 qui
1198 718 1450 771 sceleratus,

234 792 293 835 Et
322 792 507 836 furiosus
538 792 641 846 erit,
673 805 801 848 quem
830 791 944 847 cepit
972 790 1111 832 vitrea
1140 789 1272 842 fama,

235 863 363 906 Hunc
392 863 688 911 circumtonuit
718 861 909 918 gaudens
938 861 1121 904 Bellona
1150 859 1352 903 cruentis.

235 933 359 978 Nunc
388 947 469 990 age
498 934 712 976 luxuriam
743 937 787 976 et
815 932 1133 975 Nomentanum
1163 931 1305 987 arripe
1334 943 1522 972 mecum:

214 1065 294 1097 215.
325 1063 439 1096 nasae
461 1062 523 1107 bp.
547 1081 592 1087 -—
618 1064 698 1096 216.
731 1061 883 1105 Raram]
917 1063 1061 1103 Pupam
1085 1059 1127 1103 L,
1152 1062 1288 1094 Pusam
1313 1058 1369 1093 et.
1396 1077 1438 1082 —
1466 1059 1584 1091 Posit-

168 1111 242 1144 lam
273 1111 477 1155 (superscr.
499 1108 540 1155 ιι)
573 1109 748 1144 Blandin.
779 1109 1085 1154 antiquissimus,
1114 1108 1296 1150 pupillam
1321 1105 1371 1148 L,
1404 1106 1583 1148 Rufillam

165 1156 314 1199 Baxter,
339 1156 555 1192 Oberlinus.
581 1175 625 1181 —
651 1159 732 1191 219.
756 1158 789 1189 σι’
815 1158 877 1198 qai
899 1155 1106 1190 Bentleius.
1133 1173 1176 1178 —
1202 1157 1330 1187 natam
1354 1153 1415 1198 bp.

121 1268 182 1291 ται
205 1254 344 1303 κραδίη
376 1254 492 1303 χόλῳ.
520 1277 561 1281 -
588 1259 687 1290 Huic
718 1260 850 1290 vestem

123 1304 206 1347 cet]
224 1304 374 1338 Terent.
391 1304 525 1338 Heaut.
544 1307 578 1346 5,
598 1308 628 1346 1,
647 1306 711 1338 20:
737 1306 851 1345 Spon-

122 1360 183 1384 sae
207 1354 355 1394 vestem,
389 1360 541 1392 auram,
574 1352 730 1384 ancillas
763 1359 852 1392 opus

125 1406 210 1440 esse,
234 1399 431 1444 arquatum
452 1400 493 1431 ut
517 1399 636 1431 dares.
650 1417 693 1421 —
712 1399 852 1439 Rusam

124 1446 191 1478 aut
214 1444 408 1487 Pusillam]
442 1444 545 1478 Haec
574 1444 728 1478 1101111118
750 1444 852 1478 haud

123 1502 209 1525 raro
221 1491 263 1525 in
273 1487 465 1541 Jnscriptt.
478 1492 734 1536 reperiuntur.
758 1491 853 1525 Fur·

124 1538 256 1573 lanetti
292 1539 383 1572 Iscr.
418 1539 494 1572 Est.
528 1549 564 1582 p.
599 1540 685 1572 139:
724 1539 853 1573 0780-

124 1584 211 1620 MA
258 1586 310 1633 ᾙ.
358 1586 399 1619 F.
449 1584 664 1628 Posala,
721 1585 852 1620 eadem

124 1632 322 1678 scriptura,
347 1642 442 1677 quae
469 1635 561 1667 erat*
572 1632 613 1666 111
632 1632 722 1667 Cod.
738 1632 853 1667 Blan-

124 1678 201 1714 (1111.
215 1679 411 1726 antiquiss.
424 1691 447 1714 a
458 1690 515 1724 pr.
529 1690 576 1713 m.
590 1699 635 1703 —
647 1679 852 1723 imerdicto]

123 1725 208 1772 Ulp.
221 1725 283 1760 Fr.
302 1727 358 1769 12,
375 1728 415 1760 2:
439 1728 515 1760 Lex
530 1728 616 1760 ΧΠ.
639 1728 853 1760 tabularum

122 1774 304 1821 furiosum
319 1775 476 1814 itemque
490 1775 697 1816 proclivum,
715 1775 775 1807 cui
792 1776 853 1807 bo-

125 1822 182 1854 nis
206 1822 496 1854 interdictum
521 1824 583 1863 est,
608 1822 853 1855 incuratione

126 1869 211 1912 (pro
237 1877 313 1913 quo
337 1878 417 1902 voc.
438 1867 592 1912 proprio
610 1867 791 1902 Horatius
815 1869 853 1902 h.

125 1914 151 1948 l.
168 1925 203 1948 v.
220 1914 335 1948 tulela
359 1915 494 1958 utitur)
518 1915 615 1948 iubet
642 1924 714 1948 esse
738 1924 853 1956 aqna-

127 1963 257 1994 lorum.
296 1961 404 2006 OEpp.
425 1965 456 2002 1,
476 1965 507 2003 1,
525 1962 612 1995 102:
638 1963 712 1996 Nec
728 1963 858 1995 medici

129 2009 243 2041 credis
267 2016 331 2041 nec
355 2009 535 2041 curatoris
567 2018 671 2049 caere
696 2010 726 2041 A
748 2017 857 2050 prae-

129 2057 207 2087 tore
231 2054 335 2096 dati.)
361 2053 487 2088 Verba
510 2054 594 2099 ipsa
610 2055 703 2088 haec
730 2059 855 2089 erant:

127 2102 175 2135 Sl
236 2101 467 2135 FURIOSUS
521 2103 656 2135 ESCIT
712 2101 858 2144 (erit),

128 2148 348 2182 AGNATOR
356 2149 427 2182 ΠΜ
483 2149 541 2180 ΙΝ
601 2149 665 2181 ΕΟ
726 2150 859 2181 PECU-

129 2195 315 2236 NIAQUE
338 2195 448 2228 EIUS
479 2195 706 2229 POTESTAS
728 2196 857 2229 ESTO.

131 2240 308 2284 (Dirksen
332 2252 370 2286 p.
396 2241 492 2283 729.)

178 2313 345 2346 220-223.
369 2313 468 2353 Eroo
494 2311 578 2354 cet]
614 2311 761 2345 Festive
784 2311 860 2346 Ho-

130 2359 249 2393 ratius
273 2358 416 2403 triph'ci
434 2359 504 2393 hoc
529 2358 650 2392 inciso
668 2358 766 2392 ridet
789 2370 860 2403 pu-

130 2405 251 2440 tidum
269 2405 479 2440 Stoicorum
495 2416 637 2440 morem
661 2406 732 2440 hoc
751 2417 860 2440 suum

131 2449 367 2500 παράδοξον,
409 2452 511 2497 quod
551 2453 755 2497 praecipue
796 2453 860 2486 ad-

131 2502 356 2541 amaverant,
386 2495 447 2534 ὅτι
471 2499 545 2541 πᾶς
568 2496 704 2546 ἄφρων
728 2502 862 2542 μαίνε-

131 2557 211 2587 ται,
243 2546 449 2581 identidem
474 2547 664 2588 variandi,
696 2557 771 2591 quo
796 2558 862 2581 811-

133 2593 318 2628 ditoribus
343 2594 461 2639 magis
484 2594 754 2628 inculcaretur.
779 2594 861 2628 Hoc

132 2639 249 2686 igitur
274 2640 356 2675 loco
382 2641 453 2675 ita:
489 2641 635 2684 „quivis
661 2644 699 2674 et
724 2641 861 2675 stultus

135 2690 174 2721 et
197 2687 404 2722 sceleratus
421 2691 459 2722 et
479 2688 682 2722 ambitione
700 2688 862 2733 flagrans

204 2757 308 2782 Horat.
326 2757 390 2782 Vol.
409 2757 448 2782 11.
484 2757 537 2783 Ed.
554 2758 650 2782 minor
667 2758 701 2782 V.

899 1266 987 1289 vero
1013 1255 1164 1290 nomine
1195 1254 1364 1288 furiosus
1390 1254 1482 1286 est.“
1509 1271 1554 1276 —
1579 1253 1631 1284 vi-

899 1303 994 1345 trea]
1014 1302 1130 1344 „falso
1144 1300 1346 1345 splendore
1363 1300 1501 1340 nitens,
1518 1303 1633 1343 atque

900 1360 944 1383 eo
979 1359 1048 1383 nos
1082 1348 1310 1393 decipiens.“
1362 1346 1469 1380 Conf.
1503 1345 1572 1379 Od.
1601 1348 1633 1388 1,

902 1398 957 1438 17,
982 1398 1038 1430 20.
1058 1415 1101 1419 -
1119 1397 1229 1428 Hanc
1246 1393 1515 1436 circumonail]
1543 1392 1634 1437 Epi-

901 1452 984 1477 011111
1018 1443 1183 1477 colorem
1218 1441 1332 1476 habet
1367 1441 1431 1474 hic
1466 1440 1634 1474 versicu-

900 1490 971 1524 lus.
998 1489 1071 1530 Qui
1094 1489 1288 1530 attonitus,
1314 1483 1587 1534 ἐμβρόντητος,
1611 1497 1634 1522 8

900 1537 970 1571 (180
988 1537 1114 1581 aliquo
1134 1538 1243 1578 esset,
1270 1546 1356 1570 eum
1380 1535 1559 1569 insanum
1576 1534 1633 1568 fa-

900 1588 999 1618 ctum
1024 1583 1215 1618 interdum
1241 1582 1456 1616 credebant.
1481 1600 1524 1605 —
1549 1581 1635 1615 Bel-

903 1631 1003 1674 lona]
1030 1630 1272 1665 Sacerdotum
1300 1640 1419 1675 genus
1445 1628 1634 1674 significa-

900 1683 981 1721 tur,
1019 1678 1120 1723 quod
1154 1688 1199 1711 ex
1231 1677 1360 1710 infima
1390 1676 1501 1720 plebe
1535 1679 1633 1718 erat3

902 1726 963 1770 qui
982 1726 1210 1759 furiosorum
1227 1724 1266 1758 111
1286 1734 1428 1758 morem
1454 1723 1635 1757 saltantes

901 1773 1090 1807 destrictis
1108 1771 1243 1818 gladiis
1262 1782 1344 1806 sese
1371 1770 1633 1812 cruentabant,

901 1823 943 1853 ut
981 1819 1099 1861 Galli,
1147 1818 1305 1863 Magnae
1345 1817 1474 1851 Matris
1522 1817 1635 1851 deum

899 1866 1034 1901 Idaeae
1060 1866 1285 1900 sacerdotes.
1332 1865 1397 1899 Illi
1422 1867 1546 1898 autem
1571 1874 1635 1898 vo-

902 1914 1083 1948 cabantur
1104 1914 1261 1955 fanatici
1279 1922 1324 1947 σω
1341 1913 1429 1946 aede
1445 1913 1635 1946 Bellonae.

902 1961 1022 1995 Inscr.
1056 1972 1104 1994 111.
1140 1960 1222 1994 Lat.
1257 1959 1302 1993 N.
1336 1961 1440 1993 2317.
1489 1958 1634 1992 Lucan.

903 2008 1035 2042 Phars.
1063 2011 1103 2049 1,
1142 2009 1232 2041 560:
1274 2010 1370 2048 lum,
1408 2015 1496 2047 quos
1532 2006 1636 2039 seclis

905 2056 1062 2088 Bellona
1097 2056 1242 2087 lacertis
1266 2056 1383 2088 Saeva
1411 2056 1548 2094 movet,
1581 2061 1637 2085 ce-

906 2103 1026 2134 818818
1043 2103 1128 2134 deos
1145 2102 1351 2141 crinemque
1369 2102 1532 2132 rotantes
1545 2100 1638 2132 San-

906 2150 1078 2188 quineam
1110 2148 1256 2189 populis
1288 2148 1483 2180 ulularunt
1518 2146 1638 2179 tristia

908 2195 1019 2228 Galli.
1070 2194 1332 2238 Spectaculum
1368 2192 1465 2226 illud
1496 2193 1638 2237 populo

906 2241 1154 2285 praebebant,
1210 2241 1486 2285 posterioribus
1536 2242 1639 2274 certe

907 2289 1158 2333 temporibus,
1190 2299 1222 2322 a.
1248 2288 1284 2322 d.
1308 2287 1374 2321 IX.
1410 2287 1493 2321 Kal.
1517 2287 1639 2331 April.

908 2336 989 2377 (24.
1031 2335 1066 2369 (1.
1106 2335 1268 2378 Martii.)
1324 2334 1488 2368 Trebell.
1541 2334 1639 2368 Poll.

909 2382 1038 2417 Claud.
1064 2385 1096 2416 4.
1135 2402 1178 2406 —
1216 2381 1398 2424 cruentis]
1437 2381 1579 2423 „rebus
1610 2392 1639 2415 s.

909 2429 1145 2474 spectaculis,
1170 2430 1340 2463 cruore.“
1381 2429 1450 2463 Est
1473 2432 1555 2469 τοῖς
1578 2429 1640 2460 αἱ-

907 2481 1106 2524 ματηροῖς,
1130 2487 1174 2511 80
1198 2487 1357 2521 prorsus
1383 2476 1436 2510 sic
1463 2475 1580 2509 Silius
1608 2476 1640 2516 1,

910 2525 996 2558 170:
1021 2525 1136 2558 sams
1161 2533 1246 2566 qens
1273 2524 1383 2557 laeta.

957 2595 1125 2628 224-230.
1160 2592 1448 2635 Nomentanum]
1476 2591 1581 2625 Conf.
1607 2600 1639 2623 v.

912 2642 991 2674 175.
1002 2659 1045 2664 -
1055 2641 1194 2684 arripe]
1211 2644 1275 2684 „ut
1288 2651 1374 2674 eum
1386 2637 1643 2682 reprehendas

911 2698 1031 2733 aeque
1056 2689 1194 2722 acriter
1220 2692 1332 2731 atque
1360 2697 1428 2731 ego
1447 2696 1532 2720 eum
1558 2695 1641 2718 meo

1363 2757 1394 2780 12
