1774 2930
117 145 199 187 192

614 144 823 180 HORATII
849 144 1135 181 SATIRARUM

230 245 407 287 Mitulus
441 249 484 288 et
514 246 623 288 viles
655 246 818 302 pellent
849 246 1065 289 obstantia
1095 247 1282 290 conchae

229 315 289 358 Et
317 316 483 373 lapathi
512 317 656 359 brevis
688 317 842 371 herba,
875 317 953 360 sed
983 318 1080 360 albo
1110 332 1197 361 non
1229 319 1322 362 sine
1353 318 1456 362 Ooo-

230 388 418 430 Lubrica
446 392 674 431 nascentes
706 388 888 444 implent
917 389 1141 445 conchylia
1169 390 1322 445 lunae3

1578 392 1640 433 30

232 458 319 501 Sed
349 473 436 501 non
467 473 593 501 omne
623 472 742 501 mare
774 464 840 502 est
871 473 1106 515 generosae
1137 460 1278 504 fertile
1308 465 1460 505 testae.-

230 530 394 572 Murice
424 529 591 572 Baiano
621 530 773 573 melior
801 530 991 573 Lucrina
1021 531 1200 587 peloris,

233 600 390 643 Ostrea
421 601 622 655 Circeiis,
652 601 821 644 Miseno
853 602 1046 644 oriuntur
1077 602 1239 656 echini,

231 671 482 715 Pectinibus
513 673 672 728 patulis
705 673 835 715 iactat
867 687 914 715 se
944 673 1073 716 molle
1106 673 1354 717 Tarentum.

231 742 322 785 Nec
355 743 437 785 sibi
470 757 699 786 coenarum
727 744 868 799 quivis
899 747 1062 787 temere
1093 744 1272 800 adroget
1303 748 1458 799 artem,

1580 746 1638 788 35

231 813 328 855 Non
359 814 477 870 prius
510 819 663 858 exacta
691 815 812 857 tenui
842 815 1010 858 ratione
1042 829 1255 872 saporum.

231 884 322 927 Nec
355 886 459 927 satis
493 890 558 928 est
591 900 689 928 cara
719 886 859 942 pisces
892 891 1086 929 avertere
1117 901 1286 942 mensa,

210 1016 265 1048 36.
292 1017 341 1049 Ni
362 1017 466 1057 prius
493 1015 609 1050 Codd.
636 1015 737 1050 haud
763 1016 888 1060 pauci.
905 1035 954 1040 —
975 1017 1031 1050 37.
1058 1019 1226 1050 avertere
1250 1016 1458 1062 bScp,CtF¹:
1484 1026 1590 1051 aver-

161 1070 242 1096 rere
269 1066 412 1107 septem
438 1063 626 1106 Pottierii,
652 1074 698 1097 ex
724 1063 810 1097 aliis
836 1063 866 1096 L
893 1065 930 1097 et
954 1063 1161 1106 Bentleius,
1190 1064 1278 1098 item
1304 1063 1352 1097 M.

162 1163 458 1197 28-30.Mi1u1us
476 1163 564 1218 oet.]
580 1163 716 1197 Athen.
736 1165 769 1205 3,
787 1165 851 1197 31.
843 1174 851 1182 ·

112 1206 184 1253 τήν
210 1209 453 1250 tantumn,
480 1222 528 1254 ην
550 1208 730 1253 Ῥωμαῖοι
754 1212 853 1253 μίτ-

113 1256 193 1290 λον
211 1254 460 1303 ὀνομάζουσι.
473 1257 542 1292 Est
551 1258 737 1292 conchula
746 1267 853 1292 escu-

114 1304 227 1339 lenta.
254 1299 388 1339 Celsus
407 1307 440 1348 2,
459 1307 528 1339 29:
550 1306 684 1339 Alvum
707 1308 852 1339 movent

146 1353 404 1394 -lapathum-
420 1354 660 1386 --cochleae
678 1371 692 1378 -
718 1356 851 1395 ostrea,

109 1400 305 1442 pelorides,
333 1401 462 1442 echini,
488 1401 645 1433 musculi
670 1403 703 1434 et
730 1409 852 1434 omnes

113 1448 191 1488 sere
217 1448 417 1481 conchulae
451 1449 681 1488 maximeque
705 1449 764 1481 ius
791 1457 852 1481 ea-

112 1502 208 1527 rum.
236 1513 278 1518 -—
310 1495 466 1538 lapatht]
491 1495 659 1537 rumicis,
684 1497 852 1530 Sauer-

114 1543 309 1583 ampser.
361 1541 437 1576 Cfr.
477 1541 596 1587 Epod.
635 1545 675 1581 2,
714 1545 772 1577 57.
808 1561 851 1567 —

114 1589 230 1622 brevis
255 1590 382 1632 herba]
413 1589 602 1632 „humilis.
609 1590 625 1608 ‘⁴
676 1589 851 1624 Dioscor.

115 1636 148 1678 2,
175 1638 260 1669 140:
259 1638 415 1691 τρίτον
441 1636 480 1669 δὲ
507 1636 633 1681 (γένος
657 1634 851 1681 λαπάθου)

110 1679 217 1717 ἔστιν
242 1679 396 1739 ἄγριον,
421 1682 582 1732 μικρόν,
600 1704 652 1709 --
664 1682 852 1727 μαλακόν,

114 1729 306 1765 ταπεινόν.
334 1751 377 1755 -
405 1733 488 1765 albo
514 1750 530 1757 ·
555 1752 574 1756 -
601 1732 692 1775 Coo]
729 1732 851 1766 Etiam

115 1777 249 1813 Celsus
281 1779 306 1812 l.
340 1780 364 1812 l.
391 1779 438 1813 ad
471 1779 595 1813 alvum
629 1780 851 1814 movendam

114 1826 352 1860 commendat
363 1828 491 1860 vonum
505 1828 611 1860 dulce
624 1828 682 1860 vel
697 1828 851 1860 salsum.

112 1872 210 1906 Plin.
237 1873 283 1906 H.
308 1872 352 1907 N.
382 1876 443 1915 14,
479 1875 541 1907 10:
580 1875 642 1908 Coi
665 1875 851 1907 marinam

113 1928 251 1961 aquam
279 1921 477 1961 laraiorem
494 1922 642 1954 miscent
662 1921 850 1963 (vino):--

112 1969 220 2008 idque
247 1968 472 2001 translatum
491 1969 532 2001 in
548 1969 675 2001 album
691 1970 851 2001 mustum

115 2015 324 2048 leucocoum
357 2016 580 2056 appellatur.
609 2034 652 2038 —
678 2015 850 2058 Lubrica]

112 2061 291 2107 Intellige
306 2061 351 2096 de
367 2072 480 2096 succo
495 2065 533 2097 et
545 2062 663 2107 pulpa
676 2062 852 2104 (schlei-

113 2109 230 2152 mia).
250 2128 294 2133 —-
320 2110 693 2153 nascentes--lunae]
721 2109 852 2152 „Luna

114 2157 325 2191 crescens.“
352 2156 525 2191 Lucilius
551 2157 651 2202 apud
678 2157 774 2191 Gell.
794 2159 850 2200 20,

114 2206 155 2238 8:
181 2205 286 2238 Luna
311 2205 380 2237 alit
407 2207 530 2238 ostrea
556 2207 589 2238 et
614 2206 739 2246 implet
758 2206 851 2238 echi-

114 2259 190 2284 nos.
241 2251 339 2285 Plin.
373 2251 419 2285 H.
453 2251 496 2285 N.
532 2254 571 2293 2,
605 2255 671 2286 41:
709 2253 852 2285 Lunari

110 2301 291 2340 potestate
326 2302 529 2332 ostreorum
563 2300 851 2340 conchyliorum-

114 2354 183 2386 que
211 2348 243 2378 et
270 2348 492 2379 concharum
510 2348 673 2379 omnium
695 2355 851 2388 corpora

114 2394 245 2433 auvert
271 2401 314 2425 ac
338 2402 469 2426 rursus
495 2394 613 2426 minui
629 2411 644 2418 -
659 2413 674 2419 -
694 2395 851 2434 eoequisi-

112 2448 198 2474 vere
222 2440 484 2480 dilioentiores.

139 2486 850 2529 32-34.Murice]Stachelschnecke.

116 2533 323 2576 —petoris]
351 2535 675 2568 Gienmuschel.
703 2554 747 2559 ——-
776 2536 851 2569 Gir-

115 2581 212 2624 cet'is]
239 2580 378 2625 oppido
402 2582 440 2615 et
464 2582 724 2625 promontorio
741 2582 851 2616 Latii.

114 2628 212 2661 Plin.
232 2628 278 2660 H.
294 2627 338 2662 N.
358 2629 414 2670 32,
433 2629 496 2661 21:
523 2630 593 2661 His
608 2629 852 2671 (Circeiensi-

114 2675 186 2709 bus
213 2675 364 2718 ostreis)
398 2684 515 2716 neque
541 2677 709 2710 dulciora
734 2685 851 2717 neque

116 2724 303 2756 teneriora
329 2731 402 2756 esse
433 2723 515 2756 ulla
541 2727 762 2765 compertum
789 2727 850 2758 est.

900 1163 1032 1198 Iuven.
1058 1166 1099 1206 4,
1126 1165 1214 1198 140:
1249 1165 1380 1198 Circeis
1403 1166 1495 1198 nata
1518 1166 1639 1206 forent

902 1219 953 1244 an
969 1212 1167 1245 Lucrinum
1184 1213 1234 1245 ad
1254 1220 1388 1246 tamum
1403 1213 1638 1254 Rutupinove

902 1258 1000 1291 edita
1024 1260 1139 1300 [undo
1166 1259 1307 1302 Ostrea,
1333 1260 1492 1293 callebat
1518 1259 1640 1302 (Mon—

901 1306 1028 1348 tanus)
1051 1307 1173 1347 primo
1197 1307 1419 1348 deprendere
1442 1314 1578 1340 morsu.
1592 1322 1636 1331 -ι-

900 1353 1064 1396 Miseno]
1115 1353 1253 1398 oppido
1297 1356 1334 1387 et
1377 1354 1638 1398 promontorio

903 1399 1142 1444 Campaniae.
1159 1418 1208 1425 —
1227 1401 1447 1444 Peclim'lms]
1470 1402 1638 1434 Kamm-

901 1449 1141 1482 muscheln.
1162 1467 1204 1472 -—
1220 1448 1375 1491 patulis]
1400 1445 1638 1490 ἀναπτύχοις

902 1495 1638 1577 ἓῆἶᾟίἱέἳίιθιῖῗὲεῖῗΗέξέήῖῗὲἑῗ

902 1592 934 1631 4,
949 1592 990 1623 4·
1008 1590 1084 1623 τῶν
1101 1589 1132 1622 δ’
1150 1586 1274 1624 ἄλλων
1288 1588 1638 1646 (ὀστρακοδέρμων)

901 1635 948 1669 τὰ
972 1638 1044 1680 μέν
1075 1637 1157 1670 ἐστι
1189 1637 1346 1685 δίθυρα
1378 1636 1426 1671 τὰ
1451 1637 1492 1670 δὲ
1514 1634 1639 1680 μονό-

901 1684 1011 1740 θυρα·
1029 1704 1049 1709 -
1065 1703 1085 1709 -
1101 1684 1178 1718 τῶν
1210 1684 1251 1718 δὲ
1289 1681 1455 1737 ὄιθύρων
1486 1682 1534 1718 τὰ
1565 1685 1639 1728 μέν

900 1731 1006 1765 ἐστιν
1043 1728 1317 1772 ἀνάπτυχα,
1355 1743 1440 1765 οιον
1477 1733 1518 1765 οἱ
1551 1733 1638 1766 κτέ-

900 1789 963 1820 νες
995 1780 1062 1812 καὶ
1094 1780 1134 1812 οἱ
1165 1775 1269 1822 μύες·
1301 1774 1455 1812 ἅπαντα
1486 1776 1560 1826 γὰρ
1589 1777 1639 1813 τὰ

901 1826 1061 1859 τοιαῦτα
1102 1825 1149 1871 τῇ
1190 1826 1266 1882 μὲι)
1302 1828 1548 1870 συμπέφυκε,
1589 1825 1638 1872 τῇ

899 1871 939 1905 δὲ
963 1861 1198 1914 διαλέλυται,
1232 1869 1333 1907 ω’στε
1367 1873 1638 1918 συγκλείεσθαι

899 1921 966 1952 καὶ
982 1917 1279 1964 ἀνοίγεσθαιβ
1237 1922 1405 1955 —molle
1423 1921 1636 1965 Tarentum]

901 1967 975 2001 Cfr.
989 1967 1083 2012 Epp.
1097 1972 1128 2010 1,
1143 1969 1175 2011 7,
1189 1970 1254 2002 45:
1266 1969 1410 2002 imbelle
1424 1969 1634 2002 Tarentum.

948 2016 1018 2048 35-
1027 2017 1084 2050 39.
1119 1993 1216 2058 lVec]
1241 2018 1286 2049 ut
1308 2015 1498 2050 interdum
1524 2015 1637 2049 etiam

901 2061 940 2095 in
973 2073 1087 2107 prosa
1125 2063 1296 2097 oratione
1333 2074 1402 2108 pro
1435 2072 1501 2097 nec
1535 2071 1636 2104 vero,

900 2118 966 2143 nec
1004 2112 1147 2153 tamen3
1188 2110 1318 2155 itaque
1351 2109 1562 2145 Heindorfii
1600 2113 1638 2144 et

901 2158 1017 2191 unius
1045 2156 1134 2191 Cod.
1159 2157 1257 2192 Feae
1283 2159 1337 2192 Ne
1362 2159 1432 2191 sibi
1457 2167 1637 2202 superva-

901 2214 1060 2238 caneum
1078 2207 1146 2239 est.
1159 2224 1207 2228 —
1221 2205 1366 2248 exacta]
1385 2204 1635 2250 „explorata.“

899 2251 1004 2297 Virg.
1021 2252 1115 2286 Aen.
1145 2254 1176 2294 1,
1203 2253 1291 2286 305:
1317 2252 1365 2285 At
1385 2253 1470 2294 pius
1495 2252 1637 2285 Aeneas

901 2317 941 2323 --
956 2300 1057 2333 exire
1094 2300 1261 2340 locosque
1286 2300 1498 2341 Explorare
1525 2307 1636 2332 novos

901 2364 915 2370 -
925 2365 940 2372 -
950 2347 1133 2380 constituit
1145 2348 1322 2387 sociisque
1337 2348 1469 2380 exacta
1481 2347 1634 2387 referre.

902 2413 944 2417 —-
962 2393 1075 2437 tenui]
1088 2393 1194 2427 Pers.
1209 2395 1242 2436 6,
1261 2395 1324 2427 24:
1351 2395 1496 2426 tenuem
1510 2393 1637 2435 („sub-

900 2441 1018 2475 tiliter
1043 2443 1187 2474 tantum
1206 2450 1249 2474 ac
1267 2439 1471 2474 difficulter
1496 2439 1636 2474 diiudi-

901 2487 1097 2531 candam“)
1124 2489 1320 2521 turdarum
1342 2496 1445 2521 nosse
1468 2488 1635 2521 salivam.

900 2554 947 2559 -
972 2534 1157 2577 avertere]
1197 2533 1258 2569 Sic
1295 2535 1380 2580 lego
1419 2545 1504 2568 cum
1542 2533 1635 2568 meis

902 2582 1016 2616 Codd.
1059 2584 1096 2616 et
1135 2581 1374 2624 Heindorfio‚
1414 2583 1457 2615 ut
1503 2581 1637 2614 dicunt

896 2631 1094 2671 pecuniam
1126 2631 1293 2662 avertere
1324 2638 1394 2672 pro
1431 2627 1636 2670 „interver-

901 2679 994 2719 tere,
1011 2676 1274 2711 fraudulenter
1292 2675 1557 2719 intercipere“,
1575 2675 1636 2708 vel

902 2724 1015 2759 etiam
1042 2723 1135 2766 „vi“,
1159 2726 1202 2757 ut
1220 2722 1357 2757 Caesar
1373 2722 1415 2756 B.
1443 2721 1482 2756 O.
1510 2723 1543 2764 3,
1569 2723 1634 2755 59:
