1774 2930
631 166 725 201 Lm.
748 167 797 202 Π.
843 165 996 201 EPIST.
1019 166 1050 201 Ι.

1506 166 1593 208 419

200 267 299 312 Non
311 267 453 322 audet,
469 267 552 310 nisi
569 268 642 324 qui
657 267 817 321 didicit,
836 266 960 321 dare3
983 266 1097 323 quod
1111 266 1372 310 medicorum
1388 269 1466 320 est,
1507 267 1591 308 115

202 339 465 382 Promittunt
494 337 673 391 medici3
705 341 888 380 tractant
918 337 1087 380 fabrilia
1116 337 1255 380 fabri:

205 409 438 453 Scribimus
468 408 630 451 indocti
662 408 860 464 doctique
890 411 1090 465 poemata
1118 409 1292 464 passim.

203 481 288 523 Hic
318 494 434 523 error
463 483 607 522 tamen
638 483 681 522 et
709 480 817 522 levis
848 479 954 522 haec
983 480 1151 522 insania
1182 483 1361 535 quantas

203 551 395 594 Virtutes
426 550 602 603 habeat,
636 550 696 592 sic
728 550 903 605 collige:
935 550 1046 592 vatis
1078 564 1229 592 avarus

203 622 300 664 Non
315 625 477 664 temere
494 625 561 663 est
577 621 762 675 animus3
779 635 928 663 versus
942 625 1068 674 amat,
1086 620 1167 663 hoc
1179 620 1322 663 studet
1336 632 1486 674 unum3
1513 619 1595 661 120

202 692 487 745 Detrimenta,
520 691 644 747 fugas
676 705 913 745 servorum,
942 691 1142 734 incendia
1171 691 1304 745 ridet3

204 762 302 805 Non
332 761 526 804 fraudem
558 762 671 804 socio
702 776 889 818 puerove
919 762 1124 818 incogitat
1152 762 1282 804 ullam

204 833 398 890 Pupi1103
428 833 537 874 vivit
568 833 734 888 siliquis
767 837 809 875 et
839 847 949 888 pane
981 832 1191 886 secund03

204 903 384 946 Militiae
415 917 671 960 quamquam
700 903 824 959 piger
854 907 896 946 et
927 903 1085 956 malus,
1115 903 1234 944 utilis
1266 903 1381 957 urbi,

84 1089 137 1113 no
173 1079 279 1113 locus
317 1078 522 1114 communis
560 1080 598 1112 et
629 1089 651 1112 a
684 1078 816 1113 Socra-

84 1125 171 1160 ticis
211 1128 248 1160 et
293 1136 316 1160 a
355 1125 540 1171 Sophistis
586 1125 818 1160 decantatus.

79 1171 259 1217 Xenoph.
281 1171 389 1207 Mem.
414 1175 447 1215 3,
465 1175 498 1215 5,
516 1175 573 1207 21.
609 1172 706 1207 Max.
730 1173 818 1218 Tyr.

86 1222 130 1262 9,
164 1222 194 1253 1.
231 1238 276 1244 ——
312 1222 468 1261 ianam
503 1220 631 1262 navis]
683 1220 818 1261 „navis

85 1266 355 1311 gubernandae
388 1270 505 1301 artem
535 1277 612 1301 non
638 1267 817 1301 callens.“

90 1331 135 1336 —-
145 1313 374 1356 abrotonum]
392 1313 583 1347 artemisia
596 1314 818 1347 abrotonum

87 1359 149 1402 L„
172 1361 405 1394 Stubwurz.
430 1360 528 1393 Plin.
551 1360 597 1393 H.
619 1361 664 1394 N.
687 1363 744 1401 21,
762 1363 818 1402 21,

88 1407 154 1440 92:
182 1408 269 1440 Usus
290 1409 324 1440 et
344 1408 455 1448 soliis,
478 1409 541 1440 sed
556 1409 677 1440 maior
691 1409 821 1440 semini

87 1454 141 1486 aa
187 1454 523 1495 excalfaciendum‚·
570 1455 652 1487 ideo
700 1456 820 1487 nervis

85 1499 191 1542 utile,
216 1501 315 1542 tussi,
341 1499 677 1542 orthopnoeae-cot.
696 1520 739 1524 —
758 1503 821 1542 qui

89 1546 229 1589 didicit]
263 1543 442 1592 ,quando
468 1549 506 1581 et
529 1550 712 1592 quantum
737 1548 819 1582 eius

88 1595 241 1638 aegroto
257 1593 423 1628 dandum
441 1594 523 1628 sit.“
540 1613 583 1618 —
598 1597 695 1636 quod
709 1596 820 1628 medi-

91 1648 215 1674 corum
228 1641 313 1684 cet]
332 1640 552 1685 „Sapienter
567 1642 820 1686 relinquimus

87 1686 314 1721 medicinam
330 1688 486 1722 medicis
500 1691 537 1722 et
552 1688 670 1723 fabris
684 1689 819 1731 omnia,

86 1743 186 1778 quae
218 1734 265 1768 ad
297 1744 427 1768 eorum
458 1737 576 1769 artem
611 1737 819 1780 pertinent3

85 1783 222 1815 contra
257 1782 425 1816 carmina
461 1792 591 1816 omnes
629 1782 820 1827 componi-

86 1828 205 1862 mus.“
232 1847 276 1852 -
306 1830 459 1870 fabrilia
489 1830 608 1873 fabri]
650 1830 820 1874 Speciem

86 1874 204 1909 habet
239 1876 441 1920 proverbii.
504 1875 634 1921 Eurip.
673 1877 818 1922 Fragm.

86 1921 164 1955 inc.
196 1924 254 1955 94.
289 1922 428 1956 Dind.:
471 1924 620 1956 Τέκτων
657 1922 729 1971 γὰρ
766 1921 820 1957 ὦν

86 1963 278 2014 ἔπρασσες
317 1967 364 2001 οῦ
402 1966 643 2016 ξυλουργικά.
667 1990 713 1994 -
734 1980 820 2012 pas-

84 2014 172 2057 sim]
199 2025 349 2056 „omnes
365 2016 592 2058 promiscue,
617 2017 718 2051 docti
736 2027 819 2051 cum

70 2060 253 2094 *indoctis
277 2061 415 2094 mixti.“

140 2108 336 2141 118-125.
369 2109 440 2141 Hic
465 2117 571 2141 error
595 2110 678 2152 cet.]
712 2110 820 2144 Hanc

90 2155 215 2188 tamen
233 2155 398 2189 carmina
413 2155 603 2200 pangendi
626 2157 820 2199 insaniam,

94 2199 160 2234 sed
187 2201 298 2234 levem
321 2202 538 2246 neminique
555 2202 703 2236 noxiam
722 2214 821 2237 com-

90 2246 203 2281 moda
226 2247 336 2281 etiam
367 2249 550 2293 quaedam
580 2250 720 2284 habere
744 2251 822 2284 Au-

89 2295 200 2338 gusto
244 2294 402 2329 candide
451 2297 638 2341 simulque
687 2297 821 2332 callide

91 2340 274 2384 ostendit3
307 2342 459 2384 callide,
490 2346 675 2388 quatenus
708 2345 822 2378 simu-

91 2386 147 2421 lat
170 2398 211 2422 se
236 2388 283 2422 de
308 2391 385 2423 tota
408 2389 474 2423 illa
490 2392 686 2434 poetarum
712 2391 823 2426 turba

91 2434 207 2468 verba
229 2435 365 2478 facere,
391 2446 475 2470 cum
501 2448 556 2480 ea,
582 2448 679 2482 quae
704 2437 822 2481 affert,

88 2482 345 2516 tantummodo
382 2483 428 2517 de
460 2484 559 2518 veris
593 2485 823 2530 summisque

90 2528 212 2571 poetis
234 2530 382 2573 possint
402 2530 591 2565 affirmari.
612 2551 654 2555 —
673 2532 823 2575 avarus]

91 2572 200 2608 Ovid.
235 2576 279 2621 A,
319 2576 363 2610 A.
400 2579 432 2619 3,
471 2580 551 2612 541.
587 2579 634 2612 de
674 2580 823 2623 poetis:

94 2621 167 2654 Noc
200 2631 265 2656 nos
301 2625 469 2667 ambitio,
517 2634 583 2659 nec
620 2634 724 2659 amor
761 2635 824 2659 nos

93 2668 211 2708 tonuit
259 2671 424 2704 habendi.
463 2690 506 2696 --
547 2673 630 2706 Non
677 2673 824 2716 temere]

94 2711 286 2752 Quomodo
339 2718 431 2752 haec
488 2719 628 2754 locutio
685 2720 824 2755 sensim

865 1079 1080 1123 pervenerit
1105 1079 1151 1113 ad
1184 1078 1471 1125 significandum
1496 1078 1597 1113 idem

865 1137 982 1170 prope
1008 1136 1051 1160 ac
1084 1135 1158 1160 ποπ
1182 1127 1310 1169 facile,
1345 1126 1481 1171 optime
1513 1136 1598 1171 per-

867 1174 1025 1218 spicitur
1051 1184 1097 1207 ex
1121 1173 1245 1208 Plauti
1268 1173 1404 1208 Bacch.
1433 1176 1463 1216 1,
1483 1175 1514 1215 1,
1532 1174 1597 1207 52:

866 1222 1031 1262 Rapidus
1063 1222 1193 1262 fluvius
1227 1223 1276 1254 est
1314 1222 1392 1254 hic.-
1426 1229 1500 1254 non
1531 1221 1600 1254 hac

866 1270 997 1301 temere
1038 1269 1190 1300 transiri
1226 1269 1360 1310 potest,
1406 1267 1472 1302 ubi
1513 1277 1599 1301 cum

866 1314 1018 1358 proprie
1056 1314 1106 1348 sit
1144 1325 1249 1356 „non
1286 1314 1597 1356 inconsiderate,“

867 1361 979 1394 simul
1004 1361 1103 1395 inest
1128 1361 1361 1396 difficultatis
1382 1362 1497 1396 notio.
1523 1361 1599 1396 Cfr.

868 1407 942 1441 Sat.
968 1409 1005 1450 2,
1032 1411 1069 1450 2,
1096 1411 1174 1442 116.
1222 1408 1314 1454 Epp.
1340 1410 1380 1451 2,
1404 1411 1444 1451 2,
1473 1411 1526 1443 13.
1554 1427 1597 1433 --

867 1455 932 1488 hoc
955 1457 1071 1488 studet
1094 1456 1229 1498 unum]
1273 1455 1317 1490 V.
1341 1458 1487 1490 studere
1512 1466 1599 1490 cum

867 1502 1078 1536 accusativo
1125 1502 1316 1537 dumtaxat
1360 1503 1600 1547 pronomina·

867 1549 960 1582 lium
993 1560 1078 1594 gen.
1103 1552 1226 1584 neutr.
1252 1552 1507 1584 constructum
1540 1561 1599 1584 re-

867 1596 1025 1640 peritur,
1050 1599 1093 1630 ut
1117 1596 1194 1631 Cic.
1219 1597 1382 1641 Philipp.
1409 1599 1442 1636 6,
1467 1599 1501 1639 7,
1528 1599 1599 1631 18:

867 1651 981 1676 unum
1005 1644 1143 1677 sentitis
1169 1653 1307 1686 omnes,
1341 1653 1456 1677 unum
1479 1646 1600 1678 stude-

869 1691 931 1730 tis,
979 1693 1133 1735 excepto
1183 1694 1307 1725 tamen
1350 1691 1432 1725 loco
1473 1691 1599 1725 Plauti

854 1736 945 1770 Mil.
983 1738 1033 1782 gl.
1071 1739 1112 1780 5,
1150 1740 1206 1771 44.
1245 1737 1460 1782 antiquiore
1500 1749 1600 1772 usu:

867 1785 986 1817 minus
1020 1786 1085 1817 has
1119 1793 1178 1818 res
1212 1787 1394 1819 studeant.
1420 1804 1464 1808 —
1488 1785 1600 1829 socio]

866 1831 906 1864 in
932 1831 1186 1876 negotiatione
1211 1832 1340 1877 aliqua
1362 1831 1423 1866 vel
1455 1832 1495 1866 in
1529 1843 1600 1877 pu-

867 1878 1102 1912 blicanorum
1127 1879 1318 1914 societate.
1365 1878 1441 1913 Cic.
1465 1879 1600 1914 Aecus.

867 1923 975 1959 verr.
1014 1927 1054 1967 3,
1092 1928 1157 1968 20,
1195 1928 1267 1960 50:
1315 1927 1410 1961 socii
1442 1928 1602 1968 putandi

866 1975 968 2014 sunt,
1004 1982 1091 2012 quos
1122 1975 1219 2007 inter
1251 1982 1310 2007 res
1334 1975 1601 2007 communicata

869 2021 931 2052 est.
959 2037 1002 2042 —
1027 2020 1216 2062 incoaitat]
1253 2020 1462 2063 „intendit,
1495 2021 1602 2054 moli-

868 2066 979 2107 tur;“
1018 2066 1118 2110 quod
1151 2066 1306 2100 verbum
1342 2067 1442 2111 apud
1480 2068 1601 2101 solum

868 2111 1063 2145 Horatium
1111 2123 1214 2146 nunc
1262 2114 1463 2156 reperitur.
1534 2114 1605 2148 Est

868 2158 1028 2192 fortasse
1055 2169 1101 2192 ex
1123 2159 1212 2201 illis,
1235 2170 1331 2204 quae
1349 2161 1488 2194 Graeco
1503 2162 1603 2202 fonte

866 2213 978 2246 parce
1002 2206 1165 2248 detorsit,
1190 2206 1329 2246 ἐννοεῐ,
1354 2204 1602 2248 ἐπιβουλεύει.

870 2270 914 2274 -
939 2252 1094 2296 siliquis]
1144 2253 1428 2298 „leguminibus
1478 2255 1600 2289 omnis

869 2299 1032 2343 generis,
1056 2300 1162 2344 pisis,
1187 2300 1295 2343 fabis,
1311 2302 1419 2344 vicia,
1441 2301 1601 2337 fortasse

870 2345 1058 2380 interdum
1091 2347 1203 2381 etiam
1234 2348 1372 2392 siliqua
1398 2348 1541 2383 Graeca
1571 2360 1602 2384 s.

870 2392 1018 2427 silicula
1052 2395 1204 2438 proprie
1241 2394 1359 2438 dicta,
1399 2397 1600 2444 κερατὶοις,

869 2441 1261 2475 maurinum-od!
1288 2461 1331 2466 -
1355 2451 1452 2484 pane
1475 2451 1601 2476 secun-

870 2486 930 2529 do]
957 2498 1054 2530 „non
1073 2488 1260 2534 siligineo,
1285 2500 1361 2523 non
1386 2490 1507 2534 primo
1530 2500 1601 2524 nec

870 2535 1079 2578 postremo,
1150 2535 1217 2570 sed
1280 2536 1566 2581 dispensatorio.
1581 2536 1599 2555 “

872 2579 999 2615 comt.
1036 2581 1156 2621 Cano.
1204 2583 1352 2617 Dicitur
1393 2584 1504 2617 etiam
1545 2592 1602 2617 se-

871 2629 1085 2671 cundarius,
1135 2631 1305 2663 cibarius.
1342 2648 1390 2654 —
1428 2631 1599 2674 Militiae]

871 2674 1016 2710 dativus
1048 2686 1117 2720 pro
1145 2677 1277 2722 „piger
1302 2676 1348 2710 ad
1381 2676 1600 2721 militiam“;

872 2721 959 2756 Tac.
983 2722 1082 2757 Ann.
1109 2724 1147 2766 3,
1172 2725 1240 2757 48:
1272 2724 1427 2765 impiam·
1449 2725 1602 2758 militiae
