1786 2912
137 143 190 190 10

630 141 837 178 HonA'm
861 140 1148 178 SATIRABUM

252 243 366 293 Quid
396 243 528 287 facias
559 244 655 286 illi?
685 243 840 286 Iubeas
870 242 1076 286 miserum
1107 257 1224 298 esse,
1255 243 1442 287 libenter

252 314 472 364 Quatenus
502 314 547 356 id
578 315 703 368 facit3
735 319 783 356 ut
815 313 987 370 quidam
1017 318 1277 357 memoratur
1305 315 1490 359 Athenis

251 384 455 428 Sordidus
487 400 536 429 ac
567 385 686 428 dives
718 385 863 442 populi
896 389 1168 429 contemnere
1198 400 1326 429 voces

564 456 756 512 Populus
787 469 857 498 me
889 455 1057 510 sibilat3
1090 461 1135 499 at
1164 456 1272 498 mihi
1302 456 1461 514 plaudo

252 455 323 500 Sic
354 456 504 501 solitus
523 471 532 498 ε

1591 385 1650 428 65

250 527 349 585 Ipse
379 527 513 582 domi,
545 527 672 569 simul
704 540 753 569 ac
783 540 978 568 nummos
1011 527 1275 584 contemplor
1305 528 1351 570 in
1381 542 1492 571 arca.

253 598 459 642 Tantalus
492 613 517 640 a
546 598 677 641 labris
711 598 861 641 sitiens
893 597 1104 654 fugientia
1133 602 1276 655 captat

231 723 286 756 63.
311 724 482 756 miseram
498 721 660 757 Marcilii
687 724 723 756 et
740 720 903 756 Bentleii
923 722 1019 756 coni.
1046 721 1193 757 firmata
1215 733 1238 757 a
1255 721 1345 758 Old.
1362 722 1523 758 Valet-tii
1541 721 1601 766 (P).

119 782 123 785 ²
185 788 227 793 —
254 778 328 804 esse
355 771 517 812 libenter,
546 771 734 812 Quatenus
759 768 822 803 LO
847 772 885 804 et
909 769 1117 804 Bentleius.

135 869 274 926 Ery'xia
298 882 333 915 p.
353 872 433 906 396.
461 871 508 905 O:
533 882 582 904 αν
606 872 678 913 μέν
703 881 738 903 τι
761 866 866 916 ἔχῃς,

134 914 246 960 ἄξιός
271 929 338 952 του
364 916 415 957 εἶ,
449 915 516 952 εὰν
541 917 581 951 δὲ
605 915 673 961 μή,
699 906 867 959 οὐδενός.

135 965 235 1003 Plut.
275 967 359 1013 περὶ
396 965 674 1007 φιλοπλουτίας
707 975 737 999 c.
774 967 805 999 7.
831 977 867 1010 p.

135 1014 218 1047 526.
245 1012 291 1047 C:
333 1013 514 1067 Κέρδαιιε
546 1015 611 1046 καὶ
638 1025 685 1054 cpe
671 1012 773 1046 εἰδου
801 1014 869 1046 καὶ

136 1057 324 1094 τοσούτου
366 1057 495 1103 νόμιζε
545 1058 707 1094 σεαυτὸν
747 1055 773 1092 ἅ
776 1059 869 1102 ξ,ιωι

136 1103 234 1141 ὅσον
259 1119 308 1141 αν
331 1104 436 1154 ἔχῃς.
463 1107 605 1143 Seneca
621 1107 689 1152 Ep.
719 1109 797 1141 115.
824 1118 870 1142 ex

71 1168 75 1174 ·
138 1154 297 1200 Tragico
318 1155 479 1189 Graeco:
510 1157 642 1196 Ubique
659 1156 754 1188 tanti
773 1156 869 1196 quis-

137 1210 215 1245 que,
243 1206 421 1243 quantum
445 1204 589 1244 habuit,
615 1204 698 1245 suit.
750 1203 870 1245 (Con-

136 1249 193 1283 fer
244 1251 352 1284 etiam
402 1250 670 1284 Britannorum
719 1249 869 1284 hodier-

137 1307 272 1330 norum
299 1298 526 1332 locutionem
557 1297 869 1343 vulgatissimam:

138 1345 209 1378 The
233 1353 321 1378 man
343 1346 375 1378 is
402 1347 515 1378 worth
539 1354 579 1378 so
605 1347 679 1379 and
703 1354 742 1378 so
759 1353 871 1386 many

134 1393 309 1435 pounds.)
338 1411 380 1416 -—
409 1394 504 1434 Quid
535 1394 654 1434 saclas
688 1392 766 1436 itti]
793 1403 870 1426 non

139 1440 254 1472 bonae
269 1441 382 1481 parti,
408 1440 473 1474 sed
492 1440 656 1482 „homini
675 1439 871 1482 eiusmodi,

139 1486 204 1538 qui
222 1486 381 1530 loquens
405 1465 611 1521 indu”citur.
617 1489 633 1505 ⁴⁴
665 1489 709 1521 Τι’
733 1484 872 1533 χρήσει

138 1530 283 1578 τοὺτε-,ν
310 1534 385 1568 Cic.
410 1546 446 1579 p.
467 1534 574 1569 Caec.
603 1538 658 1577 11,
685 1537 749 1568 31.
777 1536 872 1576 Quid

140 1581 223 1614 huic
248 1584 287 1618 tu
312 1583 448 1615 homini
473 1584 619 1623 facias?
669 1581 809 1616 Contra
833 1593 869 1626 p.

138 1627 233 1662 Sest.
262 1630 317 1670 13,
345 1630 407 1662 29:
437 1631 531 1671 Quid
558 1631 622 1663 hoc
645 1631 788 1663 bomine
813 1630 871 1670 sa-

139 1676 239 1708 vias?
258 1694 300 1699 ——
319 1677 505 1719 miserum]
528 1673 762 1718 Ἀκολούθως
778 1677 871 1710 fuis-

139 1727 212 1756 set:
239 1724 427 1765 miseram3
464 1724 529 1758 sed
555 1726 666 1768 poeta
692 1724 805 1758 vertit
830 1725 870 1757 fi-

138 1769 216 1803 lum
244 1771 446 1811 orationis,
480 1775 522 1805 ut
548 1772 578 1805 si
612 1773 792 1805 hominem
817 1771 871 1805 di-

139 1816 265 1859 xisset,
284 1827 359 1850 non
376 1821 522 1858 partem
541 1820 737 1853 hominum.
764 1818 870 1852 Mss-

140 1870 215 1897 cu„
264 1865 438 1898 Miseram
472 1867 507 1899 h.
534 1866 558 1899 1.
583 1865 751 1900 Romano
787 1876 871 1900 sen-

141 1911 199 1944 sui
225 1922 436 1956 repugnare
455 1916 556 1946 recte
582 1913 677 1947 dixit
701 1912 871 1948 Wolfius.

142 1976 183 1981 -—
211 1957 308 1991 Male
336 1959 424 1992 olim
451 1959 533 1993 adV.
563 1961 713 1994 libenter
739 1961 873 2005 iunge-

140 2003 232 2039 bant
274 2015 357 2038 cum
400 2006 523 2040 verbis
565 2009 736 2041 miserum
778 2017 873 2051 esse3

141 2052 281 2086 rectius
338 2054 500 2087 trahitur
550 2054 597 2087 ad
647 2055 872 2099 sequentia:

143 2100 470 2144 „quandoquidem
504 2111 588 2134 eum
621 2101 781 2135 delectat
805 2102 873 2135 mi·

142 2157 267 2181 serum
294 2158 374 2181 esse
439 2167 480 2171 —
508 2147 563 2182 De
591 2159 662 2182 usu
688 2160 720 2182 v.
747 2153 873 2189 quate-

141 2187 215 2227 nus
244 2195 339 2228 conf.
374 2194 441 2228 Od.
477 2198 517 2237 3,
544 2197 606 2237 24,
641 2197 696 2229 30.
732 2194 805 2229 Sat.
843 2199 874 2239 l,

142 2242 175 2283 3,
202 2242 256 2274 76.
282 2241 364 2275 Non
391 2245 447 2276 est
473 2242 508 2276 h.
527 2242 551 2275 l.
572 2243 786 2287 „quamdiu,
812 2243 875 2277 do-

142 2290 234 2322 nec“
240 2313 249 2329 ,
275 2291 316 2321 ut
341 2289 417 2322 volt
434 2289 571 2330 Acron,
598 2289 663 2323 sed
684 2301 729 2324 ex
754 2291 875 2334 prima

143 2335 418 2380 significatione
455 2348 595 2380 „usque
622 2336 669 2370 ad
696 2348 806 2381 quem
833 2338 874 2371 fi-

143 2393 229 2416 nem
267 2385 304 2416 et
341 2382 412 2416 loci
452 2387 488 2416 et
525 2384 727 2427 temporis*
773 2385 874 2426 (Cic.

142 2429 240 2463 Phil.
267 2431 323 2470 14,
348 2431 381 2471 5,
410 2432 470 2462 14:
498 2434 677 2470 quatenus
705 2431 795 2465 istos
822 2431 874 2465 fa-

143 2487 225 2511 sces
260 2478 478 2518 habe1·em?)
514 2477 651 2520 accipit
684 2478 874 2512 notionem

143 2523 265 2558 nostri
297 2525 478 2565 sosern,
514 2525 561 2557 da
588 2526 644 2562 ja.
673 2543 715 2548 —
748 2526 786 2558 id
817 2527 875 2567 sa-

144 2570 214 2613 cit]
251 2571 386 2610 „miser
419 2571 507 2604 est.“
560 2569 661 2604 Haec
696 2582 726 2603 v.
753 2574 875 2612 facere

145 2617 369 2661 significatio
402 2617 592 2662 generalis
624 2617 719 2651 male
746 2618 877 2652 habuit

146 2664 308 2699 Critioos
334 2663 433 2708 apud
458 2663 667 2698 Munatium
695 2664 876 2699 Plancum

148 2711 243 2755 (cio.
269 2711 316 2745 ud
342 2711 441 2746 Fam.
470 2713 526 2754 10,
554 2713 607 2754 18,
633 2711 703 2754 2.):
730 2713 877 2745 cautius

895 1961 1010 2003 ¹1228:

915 871 1011 904 illud
1037 874 1117 904 erat
1142 871 1333 904 consilium
1360 868 1569 913 exspectare
1593 878 1653 904 me

917 919 966 951 ad
993 919 1158 961 Isaram,
1184 918 1270 951 dum
1296 919 1434 952 Brutus
1459 918 1648 951 traiiceret

917 966 1137 1007 exercitum,
1172 968 1205 999 el
1230 974 1312 1003 cum
1335 965 1477 1006 cotteaa
1502 973 1651 1006 comen-

917 1014 1045 1055 tienle,
1077 1014 1170 1046 sicut
1195 1013 1327 1047 milites
1358 1013 1555 1054 faciunt,
1589 1013 1651 1045 ho-

917 1061 1030 1094 stibus
1056 1061 1200 1094 obviam
1224 1061 1301 1101 iret,
1328 1059 1394 1093 ubi
1413 1059 1589 1093 nonnulli
1608 1060 1651 1092 ut

918 1106 1081 1142 absurda
1129 1106 1352 1142 deleverunt
1399 1106 1515 1140 verba
1559 1107 1652 1140 sicut

917 1156 1049 1188 milites
1074 1156 1233 1197 faciunt,
1269 1164 1355 1188 cum
1380 1153 1481 1188 clare
1507 1152 1651 1199 signifi·

919 1205 1028 1236 cent:
1073 1202 1195 1244 „sicut
1234 1202 1346 1236 etiam
1387 1201 1526 1236 milites
1563 1210 1654 1235 con—

919 1249 1120 1284 sentiunt.“

968 1298 1088 1331 64-67.
1131 1297 1279 1338 quidam
1303 1314 1319 1322 -
1344 1295 1516 1339 Athenis]
1557 1293 1652 1329 Mire

919 1343 1187 1379 Atheniensem
1200 1344 1302 1378 hunc
1310 1343 1521 1378 Romanum
1534 1342 1657 1377 fuisse

919 1393 1051 1426 volunt
1091 1391 1280 1433 nobilem,
1320 1401 1434 1435 quem
1470 1389 1658 1424 Horatius

919 1442 1072 1484 propter
1087 1439 1216 1473 nescio
1231 1449 1342 1483 quem
1360 1438 1532 1472 timorem
1545 1447 1657 1481 aper-

920 1486 997 1520 tius
1044 1486 1259 1520 describere
1306 1496 1420 1519 ausus
1467 1495 1544 1519 non
1593 1482 1654 1518 sit.

919 1533 1037 1567 Immo
1079 1533 1291 1577 exemplum
1332 1531 1437 1566 istud
1477 1530 1654 1566 sordidae

919 1581 1149 1615 indolentiae
1176 1579 1488 1623 (ἀναισθησίας),
1512 1579 1553 1612 in
1579 1588 1656 1623 qua

920 1628 1021 1672 ipsa,
1054 1628 1273 1673 praesertim
1300 1637 1385 1661 cum
1410 1625 1540 1680 populi
1566 1635 1656 1660 con-

921 1678 1064 1719 temptu
1091 1676 1242 1717 iuncta,
1273 1675 1372 1708 inest
1395 1673 1568 1715 miseria,
1599 1671 1661 1706 vi-

921 1722 1030 1757 detur
1057 1733 1102 1757 ex
1127 1722 1175 1756 iis
1198 1722 1330 1764 fuisse,
1356 1732 1453 1766 quae
1478 1721 1519 1754 in
1545 1719 1653 1755 scho-

921 1770 968 1804 lis
1011 1770 1321 1823 philosophorum
1359 1766 1556 1802 memorari
1595 1777 1656 1801 so·

921 1817 1055 1852 lerent.
1104 1816 1151 1850 Et
1188 1817 1242 1851 sic
1280 1826 1391 1860 saepe
1433 1816 1471 1849 οἱ
1508 1812 1658 1868 ἠθικοί.

920 1864 1021 1898 Plut.
1056 1863 1102 1898 de
1129 1863 1262 1908 Cupid.
1295 1863 1399 1897 divit.
1425 1864 1468 1896 5.
1508 1858 1657 1904 Βυζάν-

921 1909 1004 1945 τιόν
1031 1923 1115 1945 τινα.
1138 1911 1295 1956 λέγουσι
1319 1909 1398 1944 κτλ.
1438 1910 1534 1954 Epp.
1561 1911 1594 1952 2,
1619 1909 1659 1951 2

1035 1960 1119 1993 Fuit
1145 1959 1243 1992 haud
1267 1958 1434 2000 innobilis
1451 1958 1558 1999 Arqis
1583 1959 1654 1990 cet.

970 2009 1090 2041 68-72.
1124 2005 1326 2048 Tantalus}
1355 2004 1498 2039 Versus
1530 2002 1655 2038 heroi—

924 2064 1011 2096 cus,
1045 2055 1204 2088 fortasse
1231 2064 1276 2087 ex
1300 2053 1412 2097 possta
1435 2052 1565 2096 aliquo
1591 2050 1657 2085 de-

924 2105 1093 2146 sumptus
1120 2101 1178 2135 vel
1204 2100 1337 2135 leviter
1361 2100 1581 2134 immutatus
1607 2100 1657 2140 et,

923 2153 965 2182 ut
990 2149 1043 2183 ait
1065 2149 1212 2190 Acron,
1238 2146 1460 2191 παθητικῶς
1483 2155 1655 2191 pronun-

923 2196 1088 2230 tiandus.
1113 2195 1277 2240 Pergere
1295 2194 1451 2239 parabat
1476 2195 1663 2227 corrector

923 2243 1124 2278 Horatius:
1153 2243 1274 2284 „Huic
1301 2241 1458 2276 Tantalo
1485 2244 1526 2275 tu
1550 2249 1659 2294 pror-

925 2301 989 2324 sus
1029 2290 1164 2325 similis
1202 2290 1275 2324 es.“
1328 2288 1401 2323 Sed
1437 2287 1541 2322 avari
1573 2286 1656 2321 risu

923 2337 1202 2382 interpellatur,
1228 2336 1337 2381 quasi
1355 2335 1537 2370 dicentis:
1563 2332 1659 2376 „,Ah

923 2385 1041 2429 probe
1067 2384 1174 2426 novi,
1209 2394 1283 2428 quo
1309 2393 1388 2417 rem
1421 2381 1661 2416 deducturus

925 2432 989 2474 sis,
1016 2435 1057 2465 ut
1081 2431 1210 2466 fabula
1227 2430 1294 2464 illa
1309 2441 1332 2464 a
1357 2429 1564 2473 sapientiae
1582 2437 1658 2461 ma·

924 2479 1052 2522 gistris
1094 2479 1167 2512 iam
1209 2476 1419 2512 sexcenties
1460 2476 1662 2510 decantata

924 2537 982 2559 me
1001 2525 1276 2570 reprehendas,
1301 2535 1432 2559 verum
1449 2524 1575 2557 occidit
1591 2523 1658 2555 mi-

923 2582 1023 2606 seros
1062 2574 1204 2606 crambe
1237 2574 1394 2614 repetita
1427 2568 1655 2605 auditoresf‘

927 2619 995 2653 Cui
1020 2622 1156 2674 poeta:
1200 2618 1276 2661 „Re
1302 2629 1390 2653 vera
1419 2617 1516 2651 illud
1541 2614 1661 2658 volui,

926 2667 1104 2710 quoniam
1143 2666 1264 2711 aptior
1296 2666 1418 2711 imago
1451 2667 1537 2699 tuae
1570 2673 1657 2708 per-

926 2713 1114 2748 versitatis
1140 2713 1302 2758 reperiri
1319 2713 1380 2746 vix
1403 2714 1569 2757 poterat3
1594 2719 1660 2744 ve·
