1786 2912
131 184 188 224 82

635 183 843 218 HORATII
869 183 1155 219 SATIRARUM

247 284 347 341 Ipse
379 284 484 326 mihi
516 288 659 326 custos
691 285 1082 341 incorruptissimus
1115 300 1262 330 omnes

249 355 421 398 Circum
450 356 645 399 doctores
678 356 838 398 aderat.
886 355 1000 404 Quid
1029 357 1195 400 multa?
1224 358 1453 414 Pudicam,

250 427 334 475 Qui
364 427 527 483 primus
559 427 730 469 virtutis
762 427 919 480 honos,
953 429 1139 470 servavit
1169 429 1222 471 ab
1253 430 1367 472 omni

247 497 346 540 Non
377 498 516 540 solum
547 498 678 551 facto,
710 512 860 541 verum
891 499 1118 555 opprobrio
1150 514 1319 556 quoque
1350 502 1484 559 turpi,

247 569 339 612 Nec
370 570 531 624 timuit,
566 569 647 611 sibi
679 583 733 611 110
764 569 869 611 vitio
901 570 996 625 quis
1028 574 1234 624 verteret,
1267 571 1368 613 olim

1593 575 1648 616 85

251 640 298 681 Si
330 655 484 696 praeco
516 655 671 696 parvas
703 644 794 693 aut,
826 644 874 682 ut
905 641 987 682 fuit
1017 641 1131 696 ipsc,
1165 646 1333 684 coactor

248 711 468 754 Mercedes
487 725 707 768 sequerer3
730 726 870 768 neque
887 726 967 768 ego
990 726 1130 755 essem
1148 717 1344 768 questus:
1367 718 1412 757 at
1427 715 1508 758 hoc
1537 730 1649 760 nunc

246 782 363 824 Laus
396 783 458 824 illi
491 783 670 825 debetur
701 786 743 825 01
775 798 801 825 a
830 797 899 825 me
931 784 1069 838 gratia
1100 784 1247 826 maior.

246 853 318 896 Nil
349 868 418 896 me
450 854 670 910 paeniteat
701 868 851 896 sanum
882 855 1015 910 patris
1048 855 1194 909 huius,
1228 869 1363 912 eoque

247 925 364 979 Non,
397 929 446 967 ut
475 939 632 981 magna
663 924 758 967 dolo
791 925 950 967 factum
981 931 1110 982 negat
1142 941 1237 968 esse
1270 941 1348 969 suo
1379 942 1498 983 pars,

1593 929 1649 971 90

250 995 375 1044 Quod
405 1010 491 1038 non
523 997 733 1052 ingenuos
766 996 922 1038 habeat
954 997 1174 1053 clarosque
1206 1001 1425 1054 parentes,

250 1067 322 1110 Sic
352 1082 420 1110 me
453 1067 693 1110 defendam.
742 1067 894 1123 Longe
925 1082 1022 1110 mea
1054 1068 1267 1125 discrepat
1298 1069 1392 1111 istis

245 1138 305 1180 Et
334 1153 420 1181 vox
451 1143 493 1181 et
524 1139 655 1181 ratio:
689 1153 786 1180 nam
821 1139 856 1179 si
889 1143 1040 1180 natura
1070 1140 1238 1182 iuberet

247 1209 287 1252 A
319 1210 446 1252 certis
479 1210 602 1251 annis
635 1224 787 1253 aevum
820 1224 1011 1253 remeare
1044 1214 1264 1266 peractum

223 1335 280 1368 87.
313 1335 362 1367 ad
389 1335 455 1367 hoc
486 1333 602 1378 bcdp,
635 1335 684 1366 ad
710 1336 797 1367 haec
823 1345 842 1368 0
869 1333 984 1368 Oodd.
1010 1334 1228 1376 Βο111101110,
1261 1346 1374 1379 quam
1407 1335 1496 1370 1001.
1521 1346 1599 1369 1110-

175 1383 295 1415 morat
318 1381 391 1416 10111
417 1381 555 1424 Acron,
581 1382 624 1414 ob
649 1383 714 1414 hoc
740 1384 816 1415 tres
842 1381 1028 1424 Pottierii,
1053 1381 1188 1424 Aldus,
1213 1381 1302 1416 LOt.
1341 1381 1415 1425 (Ut
1439 1393 1521 1425 nos,
1548 1382 1600 1424 S.)

129 1493 239 1516 avum
265 1493 341 1516 non
368 1482 528 1516 habebat
546 1493 592 1516 ex
609 1483 862 1526 ingenuorum

130 1530 318 1573 opinione,
336 1529 419 1563 fieri
437 1530 590 1574 proprie
609 1540 686 1563 non
704 1532 861 1573 poterat.

128 1577 208 1610 Hoc
235 1579 359 1611 autem
386 1577 496 1610 dicit:
526 1576 687 1618 „Omnes
713 1587 772 1610 me
797 1577 863 1610 ho-

129 1624 241 1657 minis
267 1624 469 1668 locupletis
495 1624 615 1657 filium
641 1634 724 1657 0000
751 1624 862 1657 facile

129 1671 414 1706 credidissent.“
451 1691 494 1694 —
530 1670 714 1713 crederet]
754 1681 862 1713 „cum

130 1730 198 1753 11οο
224 1720 380 1761 vidisset,
407 1721 500 1752 tunc
523 1718 647 1762 ipsum
665 1718 861 1760 crederem

129 1777 197 1811 pro
225 1777 299 1810 quo
317 1769 485 1810 tempore
504 1776 572 1799 1100
591 1765 733 1799 utimur
758 1765 862 1809 plus

129 1814 423 1858 quamperfecto

126 1890 130 1894 ,
177 1863 238 1894 81-
240 1863 295 1894 84.
330 1861 434 1903 Ipse]
468 1871 544 1894 non
571 1870 701 1894 servus
727 1860 862 1903 paeda·

129 1919 259 1954 gogus.
309 1907 451 1942 Oderat
483 1908 582 1941 enim
615 1910 722 1951 pater
755 1907 861 1941 triste

129 1955 227 1989 illud
243 1955 545 2001 paedagogorum
563 1965 695 1999 genus,
721 1954 767 1988 de
786 1965 876 1999 quo.

129 2003 364 2048 Antiphanes
414 2003 452 2036 in
494 2001 673 2036 Meinekii
715 2002 860 2046 Fragm.

131 2050 232 2084 Com.
257 2050 323 2084 ΠΙ.
349 2061 384 2095 p.
412 2051 475 2083 85·
502 2051 540 2082 οἱ
565 2046 713 2082 Σκύθαι
733 2068 783 2074 —-
800 2060 862 2092 γε-

129 2100 351 2140 νομέιοισιν
392 2095 535 2138 εὐθέως
576 2100 656 2138 τοῖς
697 2095 863 2138 παιδίοις

131 2143 183 2178 Οὐ
220 2142 272 2177 1ιά
297 2144 369 2178 Δία
402 2141 534 2186 τιτθας
566 2141 763 2188 εισάγουσι
790 2143 862 2183 βα-

131 2190 317 2239 σκάνους
352 2193 428 2225 Καὶ
453 2189 718 2247 παιδαγωγοὺς
742 2184 866 2232 αὖθις,

130 2239 184 2273 ὠν
208 2243 338 2282 μεῖζον
356 2237 493 2283 [κακὸν
512 2237 590 2272 Οὐκ
607 2236 710 2273 ἐστιν
727 2238 866 2281 οὐδέν]

132 2307 173 2311 -—
202 2289 405 2320 Pudicum-
414 2289 486 2320 -ab
511 2289 608 2319 omni
640 2287 725 2329 cet]
754 2297 865 2330 „prae

131 2335 274 2379 pudore
307 2334 594 2368 abstinentem.“
623 2354 665 2357 —
695 2335 766 2375 Qui
788 2335 865 2375 pri-

130 2391 209 2415 mus
234 2391 268 2415 v.
294 2382 428 2425 honos]
464 2381 587 2425 „quod
613 2382 776 2426 primum
801 2381 865 2414 de-

131 2440 198 2463 cus
233 2431 289 2463 est
322 2429 637 2470 adolescentium,
677 2428 741 2472 qui
780 2428 864 2462 aliis

131 2476 332 2510 virtutibus
360 2476 436 2510 noti
464 2478 578 2520 atque
605 2476 779 2509 honorati
804 2476 866 2509 vix

131 2535 214 2558 0000
240 2525 400 2568 possunt
426 2533 538 2567 quam
563 2523 709 2567 pudore
735 2525 772 2557 et
796 2534 865 2567 pu-

132 2571 294 2605 dicitia.“
347 2570 422 2604 Cic.
449 2570 596 2604 Partitt.
624 2581 678 2603 01.
706 2572 768 2613 23,
795 2572 864 2603 79:

133 2621 254 2651 Custos
294 2619 469 2652 virtulum
511 2619 673 2649 omnium
714 2619 864 2650 dedecus

132 2667 273 2706 sumens
308 2666 528 2705 laudemque
559 2665 718 2698 maaeime
744 2673 863 2697 come-

134 2722 245 2752 quens
270 2713 488 2746 verecundia
506 2714 567 2744 est.
588 2730 631 2735 —
651 2711 861 2754 opprobrio]

134 2760 248 2802 ’.μιᾶς-0
276 2763 317 2792 ut
350 2759 475 2803 (quod
501 2761 590 2792 tunc
624 2759 861 2793 rarissimum

913 1483 1015 1524 erat)
1056 1493 1164 1516 nemo
1198 1493 1367 1527 unquam
1401 1494 1458 1517 1110
1492 1483 1648 1518 laesisse

912 1530 1131 1573 pudicitiam
1159 1531 1380 1565 criminatus
1409 1531 1491 1565 sit.“

960 1579 1080 1611 85-88.
1118 1580 1191 1612 Nec
1228 1579 1347 1611 timuit
1383 1577 1470 1620 001.]
1510 1580 1568 1620 „Il
1604 1587 1649 1612 ne

912 1626 1071 1665 craiqm‘t
1100 1627 1204 1666 point
1237 1626 1349 1664 qu'on
1377 1626 1429 1658 lui
1453 1625 1648 1666 repr-ochaz

911 1680 962 1703 un
981 1673 1072 1710 jour
1106 1673 1216 1712 qu’en
1247 1673 1387 1712 faisant
1413 1673 1491 1707 lam
1516 1673 1560 1705 de
1585 1671 1647 1706 αό-

909 1727 1019 1759 pense
1044 1720 1072 1751 il
1104 1719 1251 1752 ‘m'avoit
1284 1716 1405 1752 reduit
1432 1716 1456 1751 ὰ
1480 1727 1537 1752 me
1563 1721 1647 1752 bor-

911 1774 977 1798 ποτ·
1003 1763 1027 1798 ὰ
1052 1775 1124 1799 une
1150 1767 1282 1807 charae
1314 1766 1505 1799 d'huissier
1531 1775 1580 1799 ou
1604 1768 1648 1800 de

911 1814 1038 1854 simple
1062 1816 1206 1854 semem
1236 1821 1371 1846 comme
1399 1814 1462 1846 lui.
1514 1815 1648 1855 Quam}

913 1861 990 1893 cela
1017 1860 1077 1894 eut
1104 1859 1168 1902 ἑιὸ,
1189 1861 1229 1899 je
1255 1869 1300 1893 m·
1321 1861 1417 1893 m’en
1439 1863 1554 1894 servis
1576 1870 1648 1902 pas

908 1907 1065 1948 plaim.“
1095 1906 1282 1941 Sanadon.
1309 1927 1351 1931 —
1378 1907 1537 1950 coactor]
1565 1918 1649 1942 oxa-

913 1955 1080 1988 ctionum
1124 1955 1250 1998 (Suet.
1287 1954 1362 1988 Vit.
1401 1955 1493 1989 Hor.
1535 1955 1647 1998 init.),

912 2013 1006 2046 quas
1033 2013 1102 2046 pro
1120 2002 1411 2046 public-anorum
1436 2002 1566 2046 aliqua
1590 2013 1648 2036 οο-

913 2049 1047 2083 0101010
1067 2049 1235 2084 curabat.
1256 2069 1299 2072 —
1318 2051 1356 2082 at
1381 2051 1447 2083 hoc
1471 2049 1556 2092 cet]
1585 2053 1646 2091 „at

910 2099 1112 2141 propterea
1130 2099 1233 2131 tanto
1252 2097 1435 2130 maiorum
1452 2097 1510 2130 illi
1527 2096 1646 2131 debeo

911 2145 1090 2189 gratiam,
1123 2143 1224 2189 quod
1250 2154 1308 2177 me
1333 2143 1470 2178 melius
1494 2154 1539 2178 00
1565 2144 1646 2178 1011-

916 2193 991 2225 tius
1017 2203 1129 2236 quam
1155 2191 1370 2226 condicioni
1399 2201 1489 2225 01100
1515 2202 1648 2226 conve-

916 2239 1062 2282 niebat,
1095 2239 1330 2273 educandum
1355 2238 1533 2272 ouravit.“
1577 2237 1647 2273 Le-

916 2287 1060 2320 ctiones
1093 2288 1142 2320 ad
1174 2288 1258 2328 hoc,
1292 2287 1341 2319 ad
1364 2287 1472 2328 haec,
1505 2287 1550 2318 ob
1583 2287 1649 2319 hoc

916 2335 1022 2368 ortae
1049 2337 1139 2368 sunt
1164 2344 1211 2367 ex
1228 2344 1261 2366 v.
1280 2334 1345 2366 hoc
1370 2343 1447 2367 non
1474 2332 1565 2366 00110
1589 2333 1647 2366 in-

915 2381 1078 2415 tellecto.

963 2431 1105 2462 89-101.
1139 2429 1203 2462 Nil
1225 2436 1282 2460 me
1313 2426 1398 2469 cet]
1434 2425 1646 2469 „Quamdiu

915 2478 1017 2508 certe
1044 2485 1159 2510 sanus
1183 2485 1269 2516 010,
1294 2484 1489 2518 nunquam
1513 2484 1646 2518 parum

915 2523 1005 2555 mihi
1031 2523 1122 2556 felix
1145 2522 1266 2555 videri
1291 2523 1434 2564 potero,
1461 2521 1563 2565 quod
1580 2521 1647 2554 tali

915 2573 1026 2603 natus
1053 2571 1121 2604 sim
1138 2569 1280 2613 patre.“
1302 2587 1344 2591 —
1363 2568 1462 2611 dolo]
1481 2567 1530 2602 Ut
1547 2568 1646 2612 apud

913 2617 1033 2659 IGtos,
1061 2617 1228 2661 „culpa.“
1251 2634 1291 2638 —
1310 2617 1358 2648 Ει
1373 2624 1448 2649 vox
1473 2618 1506 2648 et
1531 2615 1646 2658 ratio]

914 2663 982 2706 „Et
1020 2664 1120 2698 dicta
1156 2674 1239 2697 11100
1277 2666 1314 2696 01
1355 2662 1489 2696 intima
1529 2662 1645 2696 animi

912 2711 1112 2753 sententia,
1137 2710 1214 2744 illis
1240 2710 1352 2755 plane
1376 2709 1646 2754 respondens.“

912 2778 955 2782 -
983 2767 1110 2792 aevum
1134 2766 1299 2791 remeare
1329 2756 1539 2799 peractum]
1567 2756 1646 2798 „vi-
