1774 2930
165 159 250 201 208

662 159 870 194 HORATII
895 159 1181 196 SATIRARUM

281 260 340 301 Ut
370 261 487 303 canis
519 275 546 303 a
576 261 690 303 corio
719 275 937 318 nunquam
968 262 1275 306 absterrebitur
1303 267 1446 307 uncto.

281 331 352 374 Me
374 346 497 385 sene,
520 332 634 388 quod
650 332 808 386 dicam,
829 332 988 374 factum
1010 337 1097 376 est:
1122 348 1229 376 anus
1250 335 1446 391 improba
1463 335 1624 379 Thebis

281 401 351 444 Ex
381 406 638 445 testamento
670 403 732 445 sic
764 407 829 445 est
861 404 996 446 elata:
1030 404 1210 448 cadaver

281 473 467 515 Unctum
499 474 592 516 oleo
623 474 743 530 largo
775 474 900 516 nudis
932 475 1123 518 humeris
1154 477 1252 518 tulit
1281 476 1430 531 heres,

283 543 455 587 Scilicet
486 545 599 587 elabi
631 546 667 586 si
699 550 846 602 posset
877 550 1069 588 mortua:
1104 547 1247 601 credo,

283 614 409 664 Quod
438 616 619 657 nimium
650 617 865 659 institerat
895 618 1072 660 viventi.
1134 617 1296 661 Cautus
1329 619 1465 662 adito:

280 686 377 729 Neu
408 686 521 729 desis
555 702 730 743 operae,
767 702 876 731 neve
906 689 1211 731 immoderatus
1243 689 1447 733 abundes.

280 758 512 800 Difficilem
544 763 587 801 et
617 773 834 801 morosum
865 759 1054 802 offendet
1084 761 1302 816 garrulus3
1334 761 1446 804 ultro

280 828 377 871 Non
410 830 539 872 etiam
571 830 714 872 sileas,
777 830 925 874 Davus
959 832 1018 873 sis
1050 833 1236 874 comicus
1268 836 1398 888 atque

1627 407 1687 448 85

1625 762 1687 803 90

259 961 315 993 90.
343 962 497 1001 offendet
522 959 734 1003 bSc,LCtF:
770 962 916 1001 offendit
942 972 986 1006 p,
1013 962 1088 996 duo
1114 962 1308 1005 Pottierii,
1341 964 1498 1004 offendes
1522 963 1637 997 Bent-

210 1007 307 1041 leius
335 1008 431 1042 coni.
459 1010 496 1041 et
520 1007 568 1042 M.
596 1027 639 1031 -—
666 1009 770 1041 ultra
796 1019 982 1052 superscr.
1010 1018 1030 1042 0
1057 1010 1099 1053 b,
1134 1011 1310 1051 ραν-ναίεις
1333 1012 1453 1054 ultra,
1486 1012 1570 1045 Non
1595 1010 1635 1054 C,

210 1056 383 1096 qarrulus
408 1056 519 1088 ultro.
569 1056 652 1090 Non
676 1055 886 1098 Bentleius,
911 1058 1105 1098 qarrulus3
1131 1059 1234 1090 ultra
1258 1059 1342 1092 Non
1363 1058 1406 1092 F.

161 1157 350 1189 municem.
372 1175 415 1179 —
437 1157 479 1188 Ut
503 1157 603 1189 canis
631 1156 715 1199 cet]
740 1155 898 1190 Prover-

161 1202 264 1236 bium
290 1206 372 1237 erat
396 1203 495 1247 apud
523 1202 698 1237 Graecos.
738 1203 897 1237 Theocr.

162 1252 226 1293 10,
255 1253 316 1284 11:
347 1248 516 1291 χαλεπὸν
543 1252 663 1298 χορὶω
688 1247 787 1284 κύνα
812 1250 899 1295 γεῦ-

161 1308 238 1332 σαι.
264 1297 422 1332 Lucian.
446 1298 527 1332 adv.
551 1298 696 1332 Indoct.
723 1299 785 1332 25:
812 1296 899 1331 οὐδὲ

160 1342 234 1392 γὰρ
258 1342 362 1379 κύων
385 1340 492 1388 ἅπαξ
527 1342 704 1379 παύσαιτ’
730 1341 779 1378 ἂν
806 1357 899 1379 σκυ-

160 1396 359 1438 τοτραγεῖν
392 1393 588 1437 μαθοῦσα.
628 1413 670 1417 -
710 1402 899 1434 nunquam

161 1441 438 1484 absterrebitur]
459 1440 695 1485 „Nunquam
722 1440 825 1483 dicit,
851 1441 898 1475 ab

161 1487 332 1532 impenso
368 1488 435 1522 illo
469 1489 720 1522 hereditatum
748 1491 899 1532 captan-

161 1535 294 1569 darum
328 1536 454 1570 studio
480 1535 616 1570 deduci
650 1535 825 1580 poterit.“
854 1555 897 1559 -—

159 1583 283 1626 uncto]
301 1582 412 1627 adipe
430 1583 618 1626 videlicet,
645 1594 721 1618 non
741 1583 836 1626 oleo,
857 1586 900 1617 ut

160 1630 227 1664 alii
254 1631 443 1675 supplent.

210 1703 347 1735 84-89.
381 1701 564 1744 improba]
602 1696 766 1745 „astuta,
801 1712 897 1746 quae

160 1749 376 1793 petulanter
402 1748 594 1782 ludificata
611 1752 669 1783 est
685 1749 895 1783 heredem.“

163 1816 205 1820 -—
233 1798 356 1829 Thebis
383 1796 466 1839 cet]
505 1796 664 1830 Videtur
691 1798 783 1830 haec
810 1807 896 1830 nar-

160 1844 378 1877 ratiuncula
403 1843 516 1877 ducta
543 1854 626 1878 esse
643 1845 703 1877 vel
721 1854 767 1877 ex
783 1843 896 1877 mimo

160 1891 290 1935 aliquo
316 1892 376 1924 vel
402 1902 447 1925 ex
471 1891 553 1924 ioco
587 1890 783 1935 populari3
822 1893 898 1924 ete-

160 1938 239 1972 nim
273 1939 394 1972 ullum
428 1949 594 1982 unquam
633 1940 898 1972 testamentum

160 1986 220 2019 vel
251 1986 412 2028 Thebis,
445 1988 487 2019 ut
520 1985 645 2030 lepide
679 1985 806 2030 fingit,
839 1985 900 2019 vel

159 2033 300 2067 Romae
327 2034 381 2067 sic
408 2035 633 2077 conceptum
659 2043 758 2076 esse,
789 2043 896 2077 pror-

161 2091 226 2115 sus
252 2081 478 2114 incredibile
505 2083 571 2114 est.
605 2080 702 2114 Sane
728 2080 895 2114 atrocius

161 2129 272 2163 etiam
315 2130 372 2163 est
412 2127 589 2172 Eumolpi
630 2130 896 2162 testamentum

160 2176 261 2221 apud
295 2176 448 2212 Petron.
477 2178 554 2209 141.
589 2186 670 2210 rem
703 2175 756 2209 ita
787 2186 896 2220 exag-

160 2226 373 2268 gerantem:
400 2225 531 2257 Omnes
549 2225 611 2264 qui
627 2225 667 2256 in
684 2225 895 2256 testamento

160 2279 238 2304 meo
266 2272 388 2312 teqata
406 2272 551 2313 habent,
575 2273 726 2312 praeter
751 2271 896 2304 libertos

160 2326 277 2361 meos,
321 2320 388 2352 hac
431 2319 640 2351 condicione
679 2319 895 2360 percipient,

162 2374 255 2406 quae
282 2367 372 2408 dedi,
397 2367 430 2398 si
455 2374 584 2406 corpus
602 2374 719 2398 meum
744 2366 785 2398 in
806 2374 895 2407 par-

161 2415 211 2446 tes
246 2414 466 2446 conciderint
493 2415 526 2446 et
561 2414 727 2446 adstante
757 2413 895 2454 populo

161 2461 392 2494 comederint.
440 2459 649 2493 Memorant
677 2459 895 2493 huiusmodi

160 2507 289 2551 inepta
322 2509 545 2541 testamenta
577 2506 668 2541 ICti.
716 2507 779 2540 Fr.
816 2508 895 2540 115.

161 2554 193 2598 §.
221 2556 254 2588 5.
301 2553 359 2588 De
385 2553 519 2598 legatis
543 2553 571 2587 Ι.
600 2554 711 2597 (30.):
746 2556 896 2596 Inepta-s·

159 2603 365 2635 voluntates
410 2603 664 2643 defunctorum
705 2603 802 2635 circa
843 2610 897 2635 se-

158 2650 352 2690 pulturam
387 2648 514 2691 (veluti
538 2651 651 2682 vestes
679 2652 743 2682 aut
767 2650 799 2682 si
823 2657 897 2689 qua

162 2698 239 2730 alia
256 2695 500 2740 supervacua)
518 2698 558 2728 ut
575 2697 616 2728 in
632 2698 744 2738 sunus
761 2697 896 2738 impen-

162 2745 300 2777 dantur
343 2743 438 2787 (non
476 2743 621 2786 valere)
663 2745 895 2785 Papinianus

946 1158 1022 1190 Lib.
1049 1159 1125 1190 III.
1151 1159 1423 1199 Responsorum
1446 1159 1579 1192 scribit.
1620 1158 1682 1192 Fr.

948 1206 1003 1238 27.
1029 1216 1086 1249 pr.
1112 1204 1157 1239 D.
1185 1204 1231 1238 de
1258 1205 1374 1239 Cond.
1401 1205 1489 1239 inst.
1517 1207 1596 1248 (28,
1624 1205 1681 1248 7):

946 1253 1171 1287 Modestinus
1204 1253 1281 1286 Lib.
1315 1254 1423 1286 XIII.
1460 1254 1680 1294 Responsor.

950 1300 1108 1341 Quidam
1123 1301 1165 1341 in
1187 1308 1253 1332 suo
1278 1301 1491 1333 testamento
1516 1301 1689 1334 heredem.

946 1348 1091 1388 scripsit
1116 1348 1182 1380 sub
1209 1348 1278 1380 tali
1303 1348 1523 1390 condicione,
1547 1349 1580 1380 si
1594 1347 1685 1380 reli-

949 1395 1054 1434 quias
1081 1395 1156 1427 eius
1180 1395 1220 1427 in
1246 1402 1346 1427 mare
1371 1395 1532 1428 abiiciat.
1564 1395 1684 1436 Quae-

948 1443 1112 1484 rebatur,
1137 1450 1218 1475 cum
1236 1442 1339 1475 heres
1355 1442 1542 1475 institutus
1560 1442 1685 1475 condi-

948 1490 1043 1522 cioni
1059 1497 1133 1522 non
1146 1490 1344 1532 paruisset,
1371 1497 1421 1522 an
1447 1489 1682 1531 expellendus

949 1538 999 1569 est
1025 1538 1071 1569 ab
1106 1537 1332 1570 hereditate?
1368 1537 1592 1571 Modestinus
1625 1544 1682 1569 re-

947 1585 1108 1625 spondit.-
1129 1585 1351 1617 Laudandus
1371 1586 1420 1617 est
1436 1585 1554 1624 mauis
1571 1591 1684 1624 quam·

948 1632 1176 1664 accusandus
1201 1632 1312 1673 heres,
1345 1632 1407 1671 qui
1430 1631 1606 1671 reliquias
1631 1633 1686 1664 te-

946 1680 1093 1711 statoris
1143 1686 1216 1711 non
1255 1679 1295 1710 in
1334 1686 1438 1710 mare
1484 1679 1683 1711 secundum

946 1726 1058 1766 ipsius
1075 1726 1302 1758 voluntatem
1316 1725 1454 1767 abiecit,
1471 1725 1534 1757 sed
1547 1733 1685 1758 memo-

946 1773 1043 1805 riam
1067 1773 1251 1805 humanae
1277 1772 1495 1805 condicionis
1519 1772 1682 1814 sepultu-

946 1827 1012 1852 rae
1038 1819 1203 1852 tradidit.
1230 1837 1274 1843 —
1299 1818 1456 1862 Scilicet]
1489 1816 1681 1863 δηλονότι,

949 1867 1042 1908 „hoc
1076 1869 1246 1908 tentans,
1280 1877 1328 1900 an
1360 1866 1520 1900 fortasse
1551 1868 1688 1911 posset*

947 1913 1066 1955 elabi,
1105 1924 1179 1958 quo
1216 1913 1316 1947 facto
1353 1914 1464 1947 heres
1497 1913 1679 1948 molestus

948 1961 1150 1995 excidisset
1173 1960 1418 1995 hereditate.“
1439 1979 1482 1984 -—
1508 1962 1680 1994 immode-

946 2009 1066 2052 ratus]
1091 2008 1184 2053 Epp.
1200 2010 1232 2051 1,
1247 2010 1303 2051 13,
1317 2010 1356 2042 5:
1381 2009 1680 2050 sedulus-opera

945 2057 1149 2089 vehemente
1197 2057 1375 2089 minister.
1418 2074 1462 2080 —
1504 2054 1683 2099 abundes]

947 2114 1086 2148 „prope
1113 2103 1231 2137 nimia
1255 2102 1406 2138 facias.“

994 2176 1131 2209 90-92.
1179 2174 1377 2216 Difficilem
1411 2176 1444 2208 et
1481 2173 1686 2216 morosum}

944 2222 1067 2255 Etiam
1094 2221 1170 2256 Cic.
1203 2221 1306 2256 Orat.
1340 2223 1403 2264 29,
1444 2223 1522 2255 104.
1554 2220 1686 2277 iungit

944 2270 1038 2304 haec
1063 2269 1138 2303 duo
1162 2268 1357 2313 Epitheta3
1390 2269 1548 2310 difficilis
1574 2267 1685 2311 (dva-

945 2316 1073 2360 κολος)
1101 2318 1168 2359 est,
1194 2316 1255 2351 cui
1281 2316 1342 2350 vix
1367 2316 1571 2360 quidquam
1596 2315 1678 2359 pla-

945 2366 1006 2398 cet
1031 2363 1228 2408 omnisque
1255 2362 1410 2397 comitas
1445 2362 1568 2405 deest;
1601 2370 1683 2395 mo-

945 2420 1059 2454 rosus,
1086 2411 1153 2455 qui
1178 2421 1246 2455 pro
1272 2410 1396 2444 lubitu
1421 2420 1464 2444 ac
1481 2408 1677 2444 fastidiose

945 2458 1055 2493 modo
1080 2458 1163 2501 hoc,
1189 2457 1298 2492 modo
1325 2456 1422 2491 illud
1447 2456 1535 2500 volt,
1561 2456 1676 2499 iubet,

946 2508 1056 2541 vetat.
1082 2524 1126 2529 —-
1151 2506 1251 2539 ultro
1284 2506 1368 2539 Non
1401 2505 1510 2538 etiam
1540 2503 1682 2546 sileas}

947 2554 1009 2588 Sic
1044 2553 1181 2598 iunge:
1222 2562 1370 2596 „neque
1403 2562 1492 2586 vero
1525 2553 1567 2585 tu
1600 2550 1677 2585 alio

945 2604 1134 2644 tempore,
1160 2609 1246 2634 cum
1271 2599 1336 2633 ille
1362 2601 1487 2634 tecum
1511 2597 1678 2642 colloqui

945 2649 1064 2690 volet,
1097 2647 1179 2681 sine
1213 2647 1293 2681 ulla
1318 2657 1432 2681 causa
1463 2645 1679 2679 taciturnus

945 2696 1017 2738 sis,
1051 2694 1171 2740 quasi
1191 2694 1314 2728 taedio
1348 2693 1504 2728 affectus
1530 2694 1596 2726 aut
1618 2692 1682 2726 ira

944 2741 1146 2788 percitus.“
1167 2761 1210 2766 —
1238 2739 1462 2783 Non-sileas]
1486 2739 1543 2774 De
1569 2739 1678 2782 locis,
