1786 2912
121 14 147 30 f
160 0 295 27 “ij'eJ-JJV?
305 6 315 15 s,
330 11 333 13 .

139 800 285 844 (supra)
311 799 477 854 ostendi,
514 797 711 832 Horatium
741 797 869 838 pulsus

138 849 209 889 [wil
234 857 279 881 ea
428 845 575 893 cationae,²
601 844 767 878 scribere
792 853 867 876 non

91 927 94 929 .
138 894 318 939 potuisse,
333 895 484 927 utemur
500 902 589 926 vera.
601 893 639 925 et
655 893 760 924 certa
775 889 869 923 scri·

138 944 251 985 ptura
273 939 322 976 ad
341 940 454 975 aliam
478 939 582 973 litem
608 937 869 972 dirimendam.

137 987 246 1022 Patet
262 987 363 1022 enim
374 986 571 1021 Horatium
589 985 746 1020 liberius
762 994 871 1028 prae-

138 1035 236 1068 senti
266 1033 448 1068 historico
473 1034 549 1075 uti,
583 1043 658 1066 non
685 1032 725 1065 in
752 1031 870 1065 couti-

138 1092 217 1116 nua
239 1085 279 1116 et
300 1081 458 1115 incitata
482 1080 711 1120 narratione,
737 1078 803 1112 sed
829 1078 869 1111 in

137 1127 244 1162 brevi
269 1129 325 1162 rei
350 1128 575 1172 praeteritae
596 1125 869 1171 significatione

138 1184 206 1220 per
222 1185 430 1220 pronomen
448 1175 645 1208 relativum
659 1174 869 1207 interiecta.

137 1221 277 1257 Imitati
317 1222 382 1256 alii
431 1224 585 1266 poetae,
633 1224 676 1254 ut
715 1220 870 1253 Persius

141 1269 215 1304 Sat.
247 1272 289 1311 4,
325 1272 364 1303 1:
412 1270 618 1303 Barbatum
660 1269 725 1301 hoc
766 1269 870 1300 crede

138 1318 353 1358 ”canistrum
391 1318 539 1356 Dicere,
585 1316 734 1348 sorbitio
775 1315 870 1347 tollit

140 1371 247 1403 quem
270 1364 357 1396 dira
382 1365 532 1396 ciendae.
575 1361 659 1396 Non
685 1360 871 1395 dubitabi-

142 1420 225 1443 mus
261 1410 398 1454 igitur,
434 1409 526 1453 quin
561 1409 659 1442 idem
691 1408 871 1441 Horatius

142 1466 255 1490 ausus
280 1457 330 1490 sit
353 1459 439 1501 post
455 1456 761 1490 coniunctionem
779 1463 870 1495 cum,

140 1503 427 1548 praesentisque
460 1504 509 1537 sit
544 1503 723 1547 temporis
760 1503 871 1535 domn

139 1549 182 1583 in
199 1549 273 1584 Sat.
292 1553 324 1592 1,
346 1553 381 1592 2,
405 1552 463 1584 56.
489 1552 527 1583 et
551 1551 704 1583 edormil
729 1549 769 1582 in
795 1548 870 1582 Sat.

140 1598 175 1638 2,
191 1599 226 1639 3,
242 1599 313 1639 61„
338 1597 476 1641 quibus
500 1596 594 1630 locis
621 1596 742 1630 utitur
760 1595 870 1628 Zum-

137 1643 242 1688 ptius
278 1643 311 1687 ἓ.
350 1646 428 1678 160.
466 1647 544 1677 not.
581 1643 628 1677 ad
669 1653 871 1688 syncopam

137 1690 334 1736 praeteriti
359 1689 667 1725 defendendam.“
694 1709 736 1713 -
762 1691 872 1722 unius

139 1739 230 1771 mis
255 1739 341 1782 cet]
367 1749 466 1780 „non
491 1738 647 1771 licuisse
664 1737 870 1771 Laevinum

15 1795 21 1805 ‘
66 1818 81 1826 ‚
138 1794 217 1819 uno
241 1795 324 1819 asse
346 1785 468 1829 pluris
493 1785 569 1827 (um
591 1786 649 1817 ein
664 1786 731 1817 Ass
755 1784 870 1826 mehr)

141 1832 189 1865 ob
205 1831 256 1872 id,
273 1832 374 1876 quod
391 1833 497 1866 ort'us
510 1836 610 1866 esset
627 1831 740 1865 claris
757 1832 871 1865 maio-

141 1878 258 1912 ribus.
284 1878 359 1913 Sat.
386 1882 426 1921 2,
453 1882 494 1920 3,
520 1881 583 1912 92:
619 1880 652 1911 si
675 1880 781 1911 Forte
807 1880 871 1910 mi-

140 1933 210 1959 nus
235 1927 392 1968 locuples
417 1935 491 1960 uno
524 1928 729 1966 quadrante
755 1927 870 1966 peris-

139 1973 227 2006 set!
255 1992 299 1996 —
323 1973 492 2015 notante]
532 1973 799 2018 „ignominiose
826 1972 871 2005 de

142 2029 186 2052 eo
226 2020 417 2054 iudicante
427 2022 459 2062 “,
499 2023 542 2053 ut
582 2030 717 2054 censor
757 2022 871 2059 nolae,

142 2076 253 2110 quem
278 2070 411 2100 senatu
430 2070 562 2100 movet.
582 2086 624 2090 —
644 2068 773 2109 iudice,
800 2076 871 2120 quo

142 2113 250 2156 nosti]
272 2114 457 2147 Attraetio
483 2114 594 2147 etiam
617 2113 771 2147 Graecis
796 2114 873 2146 usi-

144 2161 239 2200 tata,
275 2163 318 2194 nt
348 2160 499 2194 Terent.
532 2160 734 2194 Heautont.
763 2163 799 2196 1,
840 2164 872 2198 1,

144 2207 208 2239 35:
245 2208 314 2239 Ιιαο
346 2208 491 2247 quidem
522 2216 654 2248 causa,
691 2215 763 2246 qua
794 2207 875 2240 dixi

143 2253 217 2286 tibi.
264 2252 345 2287 Liv.
381 2258 421 2295 1,
458 2255 522 2287 29:
572 2255 707 2295 raptim
745 2255 872 2294 quibus

144 2301 295 2341 nuncque
316 2303 460 2342 poterat
484 2302 601 2334 elatis.
622 2319 668 2324 —-
691 2303 809 2341 stu-pet
835 2302 873 2332 in

143 2347 236 2390 cet]
261 2346 411 2382 Eadem
450 2348 730 2382 constructione
769 2346 871 2392 Virg.

142 2393 237 2427 Aen.
264 2397 327 2436 10,
351 2398 439 2429 445:
479 2396 621 2428 iuvenis
646 2397 740 2435 lum,
772 2395 873 2427 iussa

141 2443 300 2482 superba
331 2443 511 2483 Miratus,
547 2445 664 2483 stupet
688 2443 728 2473 in
752 2442 873 2474 Turno

143 2496 345 2529 corpusque
374 2497 440 2531 per
470 2491 595 2530 invem
621 2490 775 2521 Lumina
796 2489 874 2521 vol·

142 2535 204 2568 m'l.
225 2554 266 2558 -—
284 2535 414 2578 titulis]
442 2535 777 2580 „inscriptionibus
802 2539 875 2569 sta-

144 2582 293 2615 tuarum
323 2593 367 2616 ac
399 2586 724 2616 monumentorum
758 2583 875 2616 hono-

144 2629 333 2662 rariorum
366 2630 722 2674 sepulcraliumque.
746 2648 794 2653 --
818 2629 874 2662 De

143 2676 360 2716 minibus
393 2677 512 2710 cereis
548 2678 717 2710 virorum
750 2677 873 2710 curuli

145 2722 364 2766 magistratu
411 2724 648 2765 functorum,
698 2734 793 2766 quae
834 2724 873 2756 in

639 160 842 201 ‘LmL
891 156 1083 199 sA'erl.

1591 159 1649 201 '15

251 270 352 314 Non
378 283 566 326 unquam
597 267 735 325 pretio
764 265 898 323 pluris
929 264 1125 316 licuisse,
1157 266 1332 305 notante

253 341 418 395 Iudice,
449 354 533 397 quo
563 339 696 392 nosti,
728 337 906 394 populo,
938 335 1012 392 qui
1042 334 1198 376 stultus
1228 333 1412 375 honores

255 412 395 469 Saepe
425 411 498 454 dat
526 409 712 466 indignis
745 412 788 451 et
818 407 958 449 famae
989 405 1121 448 servit
1149 404 1342 460 ineptus,

255 482 339 532 Qui
369 485 513 538 stupet
542 481 587 522 in
619 479 755 521 titulis
787 482 831 521 et
861 476 1133 533 imaginibus.

253 553 343 595 Nos
374 552 515 595 facere
547 565 573 594 a
601 551 727 606 volgo
758 550 886 604 longe
913 548 1128 603 longeque
1157 545 1374 588 remotos?

1595 331 1648 372 15

1195 473 1309 523 Quid
1339 477 1507 529 oportet

233 672 288 705 15.
315 679 421 711 quem
446 671 541 703 nosti
563 668 622 711 Lt,
648 676 732 709 quc,
756 667 872 700 nosti?
898 665 938 699 G.
964 684 1006 688 -
1038 666 1091 698 18.
1122 665 1186 697 Vos
1211 651 1407 697 Bentleius
1433 662 1530 695 coni.
1558 679 1600 684 —

186 720 290 759 lonae
317 719 460 759 lateque
485 719 563 750 tres
588 714 772 755 Pottierii,
796 712 928 754 Aldus,
952 711 1011 745 Lt.

918 794 1101 829 atriorum
1141 793 1311 826 armariis
1356 789 1651 832 collocabantur,

918 841 1003 875 vide
1028 840 1211 885 imprimis
1229 839 1358 884 Polyb.
1380 841 1414 879 6
1439 840 1495 877 53,
1521 840 1542 870 4
1568 848 1650 882 sqq.

967 890 1029 922 17-
1032 890 1088 922 23.
1132 888 1228 929 Quid
1260 889 1401 928 oportet
1435 884 1519 927 cet]
1563 883 1650 925 „Tu

919 935 1096 980 quidem,
1145 934 1364 975 Maecenas,
1422 941 1650 976 quamquam

919 993 1062 1017 summo
1097 982 1180 1015 loco
1214 985 1325 1014 natus
1358 991 1415 1021 es,
1453 989 1528 1013 non
1562 989 1652 1012 con·

919 1030 1054 1064 temnis
1097 1033 1221 1062 tamen
1258 1027 1438 1062 obscuros
1479 1026 1651 1060 homines

918 1087 1082 1121 vereque
1116 1076 1183 1109 tibi
1216 1074 1423 1119 persuades
1456 1074 1529 1107 iam
1563 1076 1651 1107 ante

920 1123 1090 1158 Servium
1133 1123 1299 1156 Tullium
1342 1122 1481 1155 multos
1522 1120 1663 1162 fuisse,

920 1172 985 1216 qui
1013 1171 1131 1204 nullis
1157 1169 1361 1203 maioribus
1380 1169 1451 1202 orti
1478 1167 1560 1202 sola
1576 1167 1652 1200 vir-

918 1222 997 1252 tute
1030 1220 1074 1251 ad
1116 1227 1282 1251 summos
1319 1217 1482 1250 honores
1519 1225 1651 1248 ascen-

919 1266 1070 1307 derent·
1107 1265 1271 1308 populus
1296 1274 1397 1299 vcro
1422 1263 1548 1296 minus
1573 1272 1651 1295 mo-

919 1323 1002 1346 rum
1026 1312 1251 1356 probitatem
1278 1321 1388 1354 quam
1418 1309 1652 1343 nobilitatem

919 1360 1069 1404 generis
1089 1358 1266 1392 admirari
1294 1357 1439 1398 solitus,
1466 1365 1578 1400 saepe
1595 1356 1654 1388 in-

919 1406 1045 1460 dignis
1078 1406 1240 1439 honores
1273 1404 1397 1437 defert
1428 1403 1653 1448 dignosque,

919 1453 994 1486 nisi
1020 1453 1133 1486 iidem
1152 1452 1243 1486 sint
1239 1451 1413 1485 honestis
1430 1450 1653 1494 parentibus

919 1500 1018 1538 nati
1061 1500 1219 1544 negligit
1258 1509 1302 1532 ae
1345 1498 1501 1542 spernit.
1551 1496 1652 1536 Quid

920 1551 1068 1591 oportet
1099 1557 1172 1580 nos
1202 1546 1348 1586 facere,
1386 1545 1453 1589 qui
1488 1555 1510 1578 a
1542 1544 1652 1588 volgo

919 1594 1138 1639 longissime
1151 1593 1418 1627 dissentientes
1431 1602 1508 1625 non
1526 1596 1654 1635 stupe-

919 1652 1001 1675 mus
1018 1642 1057 1674 in
1077 1640 1199 1674 titulis
1217 1651 1253 1673 et
1278 1639 1530 1684 imaginibus?
1556 1638 1652 1671 Num

920 1689 990 1722 etsi
1015 1687 1175 1732 ignobili
1202 1698 1329 1720 sumus
1359 1687 1442 1720 loco
1468 1685 1568 1727 nati,
1600 1688 1655 1719 ta-

918 1747 1006 1769 men
1042 1737 1207 1769 honores
1242 1734 1439 1778 petemus‘?
1487 1732 1653 1766 Minime.

919 1783 1011 1816 Nam
1038 1782 1150 1816 facile
1175 1781 1258 1815 fieri
1282 1784 1415 1825 potest,
1441 1783 1483 1813 ut
1498 1780 1653 1824 petitori

920 1841 996 1863 non
1013 1830 1101 1868 vita,
1126 1832 1165 1862 at
1180 1839 1319 1874 genere
1336 1827 1482 1861 meliori
1503 1827 1654 1871 postha-

920 1879 1086 1918 beamur,
1111 1880 1176 1910 aut
1201 1876 1311 1909 etiam
1329 1886 1349 1908 e
1368 1878 1501 1909 senatu
1527 1874 1655 1907 eiicia-

920 1936 1003 1957 mur
1020 1934 1042 1957 a
1060 1934 1215 1957 censore
1241 1924 1280 1956 in
1307 1925 1484 1966 parentes
1506 1924 1654 1955 nostros

919 1972 1138 2015 inquirente
1170 1969 1402 2014 diligentius.
1440 1968 1541 2002 Haec
1568 1979 1653 2001 cum

921 2019 973 2052 ita
997 2018 1078 2051 fieri
1103 2028 1180 2050 nou
1206 2017 1439 2062 ignoremus,
1471 2016 1503 2049 si
1530 2019 1652 2048 tamen

920 2065 1124 2099 audeamus
1149 2067 1297 2108 petere.
1330 2064 1391 2096 vel
1415 2063 1568 2103 merito,
1594 2073 1654 2096 re-

921 2113 1066 2156 pulsam
1093 2113 1124 2145 si
1150 2112 1325 2152 feramus,
1351 2111 1389 2143 id
1416 2109 1525 2143 nobis
1550 2088 1654 2143 dixe-

921 2159 992 2192 rim
1019 2159 1180 2192 evenire.
1223 2157 1357 2191 Melius
1384 2157 1530 2191 scilieet
1555 2156 1654 2190 vive-

920 2217 1002 2239 mus
1035 2216 1079 2239 ac
1111 2205 1278 2245 beatius,
1318 2205 1357 2237 in
1392 2215 1467 2249 qua
1502 2203 1655 2237 fortuna

921 2255 1034 2296 atque
1066 2252 1289 2285 condicione
1322 2252 1399 2285 uati
1434 2262 1579 2292 sumus,
1613 2250 1655 2283 in

922 2310 966 2333 ea
990 2301 1021 2333 si
1047 2299 1346 2343 acquiescemus.
1380 2297 1453 2332 Sed
1478 2299 1550 2332 hoc
1575 2308 1653 2331 non

922 2347 1141 2391 intelligunt
1187 2346 1276 2380 boni
1325 2346 1519 2387 homines3
1568 2355 1653 2379 nam

923 2394 1093 2438 quamvis
1119 2393 1278 2426 obscuro
1305 2393 1387 2426 loco
1413 2393 1505 2434 orti,
1531 2395 1654 2426 tamen

923 2440 1157 2475 contendunt
1181 2441 1336 2474 honoris
1361 2442 1399 2473 et
1423 2440 1567 2484 gloriae
1592 2449 1656 2471 cu-

922 2487 1077 2532 piditate
1093 2498 1177 2521 cum
1195 2487 1407 2532 generosis;
1425 2486 1525 2530 quod
1544 2495 1655 2529 quam

923 2535 1037 2568 stulte
1067 2534 1151 2576 fiat,
1184 2534 1288 2567 'rillii
1315 2534 1486 2578 exemplo
1519 2532 1655 2576 proba-

923 2583 1019 2615 tur.“
1056 2601 1106 2605 -—
1141 2583 1213 2615 Nos
1250 2584 1372 2622 facere
1410 2579 1503 2621 cet]
1541 2579 1655 2612 Bent-

923 2629 1039 2669 leius‚
1077 2639 1125 2662 ne
1162 2630 1274 2672 poeta
1310 2627 1514 2671 superbum
1546 2637 1587 2660 se
1618 2628 1657 2659 et

922 2675 1127 2721 gloriosum
1151 2678 1396 2714 monstraret,
1432 2673 1655 2717 pronomine

923 2731 987 2755 nos
1012 2723 1052 2755 in
1075 2732 1136 2756 vos
1153 2725 1307 2763 mutato,
1335 2699 1498 2763 „Quodsi
1523 2720 1655 2764 volgus
