1774 2930
159 146 246 187 420

278 245 325 288 Si
356 246 432 289 das
463 246 564 301 hoc,
596 247 739 304 parvis
773 262 941 304 quoque
971 248 1099 290 rebus
1130 262 1286 305 magna
1315 249 1466 292 iuvari.

623 146 830 181 HORATII
853 146 1199 181 EPISTOLARUM

1590 251 1673 292 125

277 316 338 359 Os
369 322 566 360 tenerum
596 319 721 374 pueri
751 318 1011 375 balbumque
1039 322 1169 375 poeta
1197 320 1371 376 figurat,

276 388 466 445 Torquet
496 389 549 431 ab
581 389 777 432 obscenis
807 390 893 432 iam
921 404 1034 432 nunc
1065 391 1333 433 sermonibus
1363 405 1522 445 aurem,

275 459 378 501 Mox
408 460 539 502 etiam
568 464 719 516 pectus
751 461 992 517 praeceptis
1024 461 1178 503 format
1209 462 1371 515 amicis,

274 529 532 587 Asperitatis
565 535 608 573 et
638 531 825 574 invidiae
857 535 1068 574 corrector
1099 536 1142 574 et
1173 533 1286 586 irae3

272 600 408 644 Recte
439 601 552 644 facta
580 602 732 656 refert,
765 603 948 645 orientia
978 607 1172 659 tempora
1200 604 1313 646 notis

1584 605 1667 646 130

271 671 450 714 Instruit
486 674 710 730 exemplis,
740 674 912 730 inopem
943 674 1104 716 solatur
1135 678 1178 716 et
1210 689 1398 730 aegrum.

278 743 420 786 Castis
452 758 547 787 cum
577 745 722 801 pueris
754 745 903 800 ignara
931 745 1076 801 puella
1106 745 1247 787 mariti

271 813 471 858 Disceret
499 815 613 858 unde
643 830 808 872 preces,
838 820 981 858 vatem
1010 816 1055 857 ni
1084 816 1208 858 Musa
1239 816 1464 860 dedisset?

271 885 417 928 Poscit
447 901 571 943 opem
601 886 754 929 chorus
787 891 830 929 et
859 887 1105 944 praesentia
1134 888 1312 930 numina
1342 889 1491 943 sentit,

154 1017 186 1048 et
212 1017 358 1049 acribus
382 1017 602 1059 ministeriis,
628 1018 739 1050 bonus
762 1019 886 1050 autem

153 1063 267 1096 alicui
289 1065 346 1097 rei
379 1074 463 1097 cum
493 1064 703 1098 rectissime
729 1064 887 1107 dicatur,

153 1109 288 1155 quidni
314 1111 413 1155 apud
445 1113 592 1155 poetam
619 1111 730 1146 etiam
754 1112 886 1153 malus,

151 1168 284 1202 parum
325 1158 511 1193 idoneus?
546 1178 589 1182 —
622 1160 661 1192 Si
701 1160 767 1192 das
809 1159 887 1202 noc]

153 1204 223 1247 „Si
258 1205 435 1240 concedis
467 1206 527 1240 his
561 1206 699 1250 quietis
737 1217 887 1251 quoque

151 1251 368 1296 virtutibus,
383 1252 457 1287 fide
471 1263 514 1287 ac
533 1253 790 1297 temperantia,
808 1264 887 1287 rem

151 1299 343 1344 publicam
360 1300 538 1346 legesque
556 1300 751 1335 stabiliri.“
781 1300 886 1335 Conf.

152 1346 228 1381 Sat.
256 1350 287 1391 1,
304 1350 338 1391 4,
355 1350 412 1382 39.
440 1350 471 1391 1,
490 1350 545 1391 10,
563 1350 596 1381 5.
622 1349 655 1391 2,
673 1350 706 1391 2,
723 1350 780 1381 94.

200 1443 366 1476 126-131.
391 1442 542 1485 murat]
571 1442 728 1486 „format
751 1453 888 1487 puero-

150 1500 233 1522 rum
268 1489 383 1533 ora,“
422 1491 479 1524 ut>
497 1490 548 1524 ait
579 1489 738 1529 Quintil.
767 1492 829 1532 11,
855 1491 887 1532 3,

151 1538 209 1570 31.
249 1539 286 1571 et
323 1534 366 1570 τὸ
404 1533 532 1580 στόμα
569 1533 744 1570 πλάττειν
779 1537 886 1571 Plato

152 1583 291 1629 Oratyl.
316 1595 352 1628 p.
371 1587 450 1618 414.
467 1584 521 1628 D;
548 1584 761 1619 ediscendis
787 1585 887 1619 enim

150 1633 345 1675 poetarum
380 1631 476 1666 locis
512 1634 549 1666 et
582 1635 757 1667 accurate
791 1632 886 1666 reci-

149 1678 275 1712 tandis
292 1681 577 1726 γραμματισταὶ
599 1679 639 1713 id
657 1676 889 1724 spectabant,

149 1727 193 1759 ut
217 1726 257 1759 in
283 1728 414 1761 tenera
445 1727 518 1760 iam
543 1729 663 1760 aetate
689 1730 789 1761 esset
822 1728 885 1760 ab·

148 1773 304 1806 solutius
346 1782 384 1807 os
426 1776 460 1807 et
510 1775 715 1815 expressior
755 1782 883 1815 sermo,

151 1819 310 1859 Quintil.
340 1823 371 1863 1,
398 1823 430 1863 1,
455 1822 531 1863 37„
556 1821 595 1854 id
621 1823 695 1863 est,
733 1823 805 1865 „qt
830 1820 885 1853 di-

150 1867 286 1901 stincta
317 1870 431 1911 atque
466 1867 629 1912 eleganti
664 1867 885 1911 pronuntia-

149 1913 252 1948 tione
278 1916 451 1949 accurate
478 1915 626 1948 efferret
650 1914 776 1948 Latini
807 1924 884 1948 ser-

148 1961 273 1996 monis
309 1961 459 2007 singula
482 1961 630 1996 verba.“
658 1981 703 1985 —-
730 1963 884 2002 Torquet

151 2008 240 2051 cet.]
285 2009 363 2052 „Et
388 2019 471 2043 cum
496 2011 640 2043 mature
666 2011 885 2043 assuescant

149 2056 259 2099 pueri
292 2056 338 2090 ad
373 2058 569 2101 poetarum
607 2056 773 2090 nobilem
810 2056 885 2090 ele-

149 2106 373 2148 gantemque
400 2114 631 2146 sermonem,
666 2114 708 2137 eo
733 2103 884 2138 facilius

149 2150 339 2185 abstinere
373 2162 412 2185 se
445 2162 468 2185 a
499 2151 623 2186 verbis
656 2150 815 2195 plebeiis
847 2154 885 2184 et

149 2196 311 2232 inficetis
336 2198 514 2243 omnique
545 2199 805 2243 aeschrologia
830 2198 884 2231 di-

150 2246 294 2279 scunt.“
322 2265 365 2269 —
392 2247 466 2279 iam
491 2246 601 2289 nunc]
638 2246 756 2288 „inde
782 2257 805 2279 a
829 2249 883 2279 te-

149 2301 241 2326 nera
266 2294 419 2327 aetate.“
448 2292 523 2326 Ofr.
550 2292 618 2326 Od.
645 2295 678 2335 3,
705 2295 737 2333 6,
763 2295 819 2327 23.
839 2312 882 2316 —

148 2340 239 2374 Mooe
264 2340 387 2383 etiam]
423 2340 594 2382 „Deinde
622 2351 706 2374 cum
731 2351 884 2385 progre—

149 2385 276 2420 diente
325 2389 445 2421 aetate
494 2387 753 2421 adolescentes
809 2388 883 2421 iam

149 2432 275 2467 idonei
308 2433 404 2468 fiunt
434 2434 480 2469 ad
510 2437 710 2479 praecepta
734 2435 884 2468 virtutis

149 2482 187 2514 et
219 2480 427 2525 sapientiae
459 2482 707 2527 intelligenda
744 2492 787 2516 ac
824 2493 883 2516 re-

89 2540 94 2543 ·
149 2527 315 2570 tinenda,
345 2529 435 2562 talia
459 2528 506 2562 iis
531 2529 714 2573 praebent
738 2531 883 2573 politae,

150 2577 187 2608 et
211 2578 322 2616 arata
347 2575 518 2620 quidem,
552 2576 670 2610 amica
702 2579 738 2610 et
770 2577 883 2618 bene-

149 2622 252 2664 vola,
295 2623 421 2657 minus
459 2623 553 2657 dura
589 2626 700 2668 atque
738 2634 882 2668 aspera,

150 2679 263 2713 quam
301 2673 390 2704 sunt
426 2670 608 2715 pleraque
641 2670 882 2715 philosopho-

150 2717 274 2750 rum.“
301 2736 346 2741 —
371 2718 528 2751 orientia
569 2718 755 2761 tempora]
804 2729 880 2752 non

936 1019 1009 1050 tam
1037 1017 1352 1059 „adolescentes“
1387 1029 1500 1062 quam
1527 1029 1671 1061 „unam

935 1064 1128 1097 hominum
1170 1067 1327 1099 aetatem
1370 1068 1456 1109 post
1501 1066 1673 1109 alteram,

935 1114 977 1144 ut
1000 1112 1120 1155 prima
1138 1122 1309 1156 quaeque
1328 1113 1457 1153 oritur,
1483 1112 1522 1145 in
1548 1113 1670 1146 lucem

936 1159 1060 1193 editur
1085 1169 1129 1193 ac
1152 1159 1270 1204 priori
1297 1159 1483 1202 succedjt3
1508 1161 1565 1193 die
1582 1169 1673 1192 wer-

935 1207 1076 1239 denden
1094 1207 1380 1241 Geschlecmer.“
1392 1226 1438 1231 —
1449 1207 1559 1250 notis]
1585 1217 1671 1249 „ve-

935 1253 1093 1295 teribus,
1111 1263 1208 1298 quae
1226 1253 1272 1288 ab
1287 1253 1460 1288 omnibus
1479 1254 1675 1287 celebran-

934 1300 1031 1334 tur.“
1060 1320 1103 1323 —
1130 1300 1299 1343 aeorum]
1334 1300 1480 1343 „animi
1505 1310 1673 1346 aegrum,
1710 1344 1714 1347 .

937 1348 1175 1382 sollicitum.“

986 1444 1151 1476 132-138.
1179 1443 1294 1476 castis
1319 1443 1404 1486 cet.]
1431 1442 1510 1476 Iam
1534 1442 1674 1477 transit

936 1489 982 1523 ad
1023 1489 1150 1534 poe'Ssis
1190 1489 1265 1523 vim
1312 1490 1589 1534 utilitatemque
1629 1490 1670 1523 in

937 1538 1056 1571 sacris
1088 1547 1131 1570 ac
1161 1537 1423 1582 religionibus.
1446 1555 1495 1562 ω-
1519 1539 1673 1579 ianam-

936 1584 1075 1627 mariti]
1103 1583 1220 1619 Silius
1247 1587 1286 1627 2,
1312 1586 1381 1618 68:
1407 1586 1510 1618 Haec
1533 1585 1675 1625 ianam

936 1633 1008 1664 viri
1046 1641 1235 1672 vacuoque
1276 1633 1431 1666 adsueta
1469 1633 1590 1665 cubili.
1625 1650 1668 1655 —

936 1679 1046 1722 unde]
1073 1690 1125 1721 „a
1151 1679 1266 1723 quo‚“
1294 1681 1336 1712 ut
1362 1678 1431 1712 od.
1458 1680 1496 1721 1,
1523 1680 1585 1720 12,
1614 1679 1670 1711 17.

936 1745 979 1750 -—
1003 1726 1149 1768 preces]
1187 1737 1210 1760 a
1241 1726 1365 1760 choris
1394 1726 1606 1770 puellarum
1633 1727 1672 1758 et

933 1784 1140 1817 puerorum
1178 1773 1423 1817 patrimorum
1461 1782 1506 1806 ac
1541 1772 1672 1805 matri-

933 1830 1080 1853 morum
1117 1820 1313 1859 recitatas,
1350 1830 1510 1864 quarum
1547 1829 1670 1853 exem-

933 1867 1037 1911 plum
1061 1866 1177 1900 habes
1204 1866 1364 1901 Carmen
1389 1867 1580 1908 seculare,
1613 1870 1669 1900 at-

934 1925 1007 1958 que
1040 1914 1114 1948 iam
1147 1914 1358 1958 antiquitus
1390 1914 1490 1947 Livii
1521 1913 1670 1947 Andro-

933 1961 1011 1994 nici
1045 1971 1216 2003 carmen,
1250 1960 1352 2006 quod
1383 1963 1539 2006 propter
1564 1960 1671 1994 varia

932 2008 1105 2053 prodigia
1128 2008 1294 2054 virgines
1325 2011 1383 2042 ter
1407 2018 1576 2042 novenae
1599 2018 1669 2052 per

933 2055 1066 2089 urbem
1105 2058 1239 2090 euntes
1271 2055 1416 2090 Dianae
1450 2056 1671 2090 cecinerunt

933 2114 1032 2137 anno
1058 2114 1095 2136 u.
1122 2114 1154 2137 c
1179 2105 1260 2137 545.
1286 2102 1381 2146 (Liv.
1407 2104 1464 2145 27,
1489 2103 1586 2145 3⁷.‚)
1623 2113 1669 2137 ex

932 2151 1058 2194 prisco
1098 2150 1249 2195 quidem
1286 2161 1390 2184 more
1422 2150 1576 2192 Italico;
1614 2150 1672 2184 sic

934 2197 1045 2231 etiam
1093 2198 1252 2254 Faleriis
1307 2198 1421 2244 χοροὶ
1459 2197 1668 2252 παρθένων

933 2242 1139 2287 ὑμνουσῶν
1179 2243 1249 2288 τὴν
1277 2241 1399 2292 Ἡραν
1440 2242 1556 2290 ᾠδαῖς
1596 2255 1672 2277 πα-

934 2294 1062 2339 τοίοις.
1111 2292 1267 2338 Dionys.
1300 2292 1423 2326 Halic.
1459 2294 1498 2335 1,
1531 2294 1588 2326 21.
1622 2310 1666 2316 —

929 2340 1152 2383 praesentia]
1179 2364 1196 2382 „
1209 2340 1383 2384 propitia,
1408 2338 1644 2384 opitulantia.
1649 2338 1667 2357 ‘¹'

933 2387 1009 2420 Cfr.
1048 2387 1115 2420 Od.
1157 2389 1194 2430 1,
1232 2389 1298 2430 35,
1336 2389 1368 2421 2.
1396 2406 1440 2410 —
1474 2387 1670 2420 Caelestes-

934 2435 1066 2477 aquas]
1093 2434 1322 2478 „pluviam.“
1355 2434 1431 2468 Ofr.
1457 2433 1526 2468 Od.
1552 2436 1585 2476 3,
1612 2435 1668 2475 10,

935 2483 1001 2515 19:
1039 2490 1160 2522 aquae
1194 2483 1376 2515 Caelestis.
1424 2481 1505 2515 Liv.
1530 2483 1570 2523 4,
1598 2482 1667 2513 30:

933 2530 1315 2569 caelestes-defueram
1332 2537 1464 2570 aquae.
1491 2527 1529 2561 Si
1549 2537 1669 2571 quan-

932 2576 979 2610 do
1003 2576 1143 2610 Romae
1169 2586 1290 2620 aquae
1322 2575 1454 2619 inopia
1477 2577 1572 2616 erat,
1609 2584 1666 2607 sa-

932 2633 995 2657 cra
1047 2623 1345 2657 instituebantur
1392 2622 1472 2656 Iovi
1519 2621 1668 2663 Pluvio,

931 2670 1111 2715 aquilicia
1159 2670 1285 2712 dicta,
1338 2669 1477 2714 quippe
1527 2668 1669 2713 quibus

930 2718 1068 2752 imbres
1111 2718 1213 2752 caelo
1256 2695 1506 2760 elicerentur3
1554 2715 1666 2749 nudi-
