1774 2930
123 127 205 170 184

237 228 427 272 Auribus
458 234 586 287 atque
618 232 775 286 oculis3
808 236 1016 286 mentem,
1048 235 1134 276 nisi
1163 235 1398 291 litigiosae,

621 129 830 165 HORATII
854 130 1140 167 SATLRARUM

1551 236 1636 277 285

236 299 471 357 Exciperet
492 301 707 355 dominus,
732 317 827 344 cum
848 303 1067 347 venderet.
1108 305 1204 348 Hoc
1225 320 1394 363 quoque
1414 307 1566 363 volgus

239 371 505 428 Chrysippus
538 373 658 429 ponit
689 373 872 416 fecunda
902 375 947 416 in
977 380 1105 431 gente
1135 376 1320 420 Meneni.
1385 422 1388 424 Α

236 442 448 499 Iuppiter,
481 444 679 499 ingentes
710 445 784 501 qui
815 445 891 488 das
923 446 1160 503 adimisque
1192 448 1379 502 dolores,

236 513 375 556 Mater
405 515 465 556 ait
495 516 618 571 pueri
648 530 819 558 menses
849 517 935 559 iam
966 517 1152 574 quinque
1185 519 1398 574 cubantis,

236 583 415 641 Frigida
445 587 482 627 si
512 600 694 642 puerum
726 592 935 644 quartana
964 589 1204 645 reliquerit,
1236 590 1310 634 illo

1550 591 1636 632 290

238 655 364 699 Mane
397 656 485 711 die,
519 671 602 713 quo
633 662 681 700 tu
711 659 862 701 indicis
893 660 1072 714 ieiunia,
1104 661 1243 704 nudus

236 726 287 768 In
319 727 466 770 Tiberi
497 729 642 771 stabit.

705 730 841 772 Casus
873 730 1118 774 medicusve
1147 732 1302 775 levarit

236 798 428 854 Aegrum
461 814 515 842 ex
545 801 788 857 praecipiti,
820 806 957 844 mater
987 802 1122 845 delira
1151 803 1322 846 necabit

236 869 286 911 In
316 870 459 926 gelida
487 871 620 913 fixum
651 872 744 928 ripa
774 872 1012 929 febrimque
1042 873 1235 928 reducet,

237 940 388 989 Quone
420 943 532 985 malo
563 947 750 986 mentem
781 945 1018 987 concussa?
1051 945 1225 988 Timore
1255 945 1458 989 deorum..

1551 946 1636 988 295

214 1084 294 1117 295.
317 1093 490 1125 percussa
516 1095 705 1129 superscr.
733 1094 797 1119 con
816 1085 851 1128 S,
874 1095 1049 1128 percussa
1067 1087 1090 1120 b
1109 1089 1146 1121 et
1162 1087 1321 1132 Franeq.
1348 1087 1412 1131 (Ut
1434 1098 1515 1126 nos,
1542 1087 1589 1130 c.)

117 1196 290 1251 χομένῳ
302 1207 371 1237 μοι
405 1195 535 1237 κλῦθι,
570 1195 694 1239 κακὰς
719 1197 750 1230 δ’
775 1195 854 1232 ἀπὸ

116 1242 241 1297 κῆρας
264 1238 416 1276 ἄλαλκε.
443 1245 512 1277 Σοὶ
529 1245 600 1287 μὲν
617 1245 744 1286 τοῦτο,
770 1242 853 1282 θεά

116 1287 276 1337 μικρόν,
314 1291 403 1334 ἐμοὶ
427 1290 466 1324 δὲ
499 1294 609 1336 μέγα.
637 1312 680 1316 —
708 1293 853 1336 orabat]

115 1337 224 1382 Ipsae
251 1338 321 1372 hae
347 1349 502 1383 preces,
535 1339 582 1374 ad
610 1351 702 1385 quas
736 1341 855 1374 homi-

116 1395 202 1419 nem
227 1386 475 1420 immoderata
499 1387 597 1422 vitae
624 1388 761 1432 cupido
787 1388 855 1422 im-

116 1433 293 1476 pellebat,
319 1433 495 1468 festivum
518 1434 645 1469 fatuae
672 1435 854 1480 supersti-

117 1479 234 1514 tionis
261 1482 472 1525 exemplum
499 1482 632 1527 utique
657 1483 854 1527 praebent.

116 1530 364 1561 —menlem-
375 1530 660 1572 -Eoeciperet]„
667 1530 742 1564 nisi
767 1531 853 1564 lites

116 1577 273 1618 amaret,
298 1576 424 1610 statim
443 1577 586 1611 diceret
609 1578 853 1622 empturienti

115 1622 305 1657 hominem
362 1624 475 1658 istum
531 1628 654 1659 mente
705 1628 853 1669 captum

117 1670 235 1703 esse.“
299 1670 395 1713 „Qui
436 1671 608 1706 vendunt
656 1672 854 1717 mancipia,

117 1717 242 1751 solent
262 1718 334 1752 hoc
360 1718 545 1754 adiicere:
570 1720 719 1754 SANUS
745 1722 854 1754 COR-

117 1766 246 1798 PORE
270 1767 336 1799 ET
354 1768 551 1801 ΑΝΙΜο.“
598 1767 748 1801 ΡΟΒΡΗ.
789 1767 855 1800 Di-

117 1816 208 1856 gest.
242 1813 283 1845 L.
319 1816 375 1847 21.
415 1814 456 1847 Τ.
493 1817 530 1848 1:
575 1816 645 1856 Qui
669 1816 854 1856 mancipia

115 1862 288 1902 vendunt,
315 1862 485 1895 certiores
502 1863 644 1903 faciam
664 1865 853 1905 emptores,

117 1908 206 1947 quid
229 1909 348 1941 morbi
372 1910 522 1949 vitiique
546 1911 611 1951 sit,
647 1911 725 1949 quis
758 1911 853 1951 suai-

117 1955 211 1987 tivus
230 1963 357 1988 errove
381 1958 429 1989 sit
453 1965 596 1990 nooeave
620 1957 762 1989 solutus
779 1965 853 1990 non

117 2002 174 2043 sit,
203 2004 400 2044 eademque
427 2005 561 2045 omnia,
587 2012 668 2036 cum
687 2013 731 2037 ea
747 2012 852 2037 man-

119 2049 213 2090 cipia
250 2052 439 2092 venibunt,
475 2052 604 2092 palam
636 2054 732 2084 recte
767 2060 853 2092 pro·

120 2098 324 2132 nuncianto.
375 2097 481 2132 Cous.
514 2099 608 2143 Epp.
639 2100 679 2140 2,
714 2100 754 2140 2,
792 2101 851 2132 16:

117 2146 188 2177 Des
214 2153 398 2188 nummos,
426 2149 620 2187 eoecepta
646 2147 739 2178 nihil
764 2148 798 2179 te
822 2147 854 2178 si

118 2193 209 2232 fuya
229 2193 361 2226 laedat.
378 2213 420 2216 —
440 2195 520 2227 Hoc
545 2203 687 2235 quoque
710 2193 852 2236 volvus]

119 2240 494 2282 „superstitiosorum
535 2240 851 2274 multitudinem.“

118 2304 162 2308 -—
183 2287 413 2331 Chrysippus]
442 2288 548 2322 Conf.
573 2287 647 2322 Sat.
668 2291 699 2330 1,
726 2290 758 2330 3,
786 2290 852 2321 126

118 2342 173 2376 sq.
202 2352 244 2356 —
271 2336 430 2375 secunda
455 2337 495 2368 in
524 2336 642 2378 yeme]
678 2337 853 2377 frucht-

119 2381 229 2414 bare
254 2383 539 2424 Sippschast.
584 2384 677 2416 Voss.
707 2402 749 2406 —
775 2383 853 2416 Me-

117 2427 214 2471 nem]
232 2429 396 2463 hominis
416 2430 554 2472 insani,
572 2433 663 2463 tunc
678 2430 852 2464 omnibus

117 2474 215 2508 bene
241 2476 333 2509 noti.

166 2524 333 2557 288-295.
372 2524 552 2567 Iuppiter]
591 2524 763 2558 Alterum
789 2535 852 2558 su·

116 2570 352 2613 perstitionis
377 2571 533 2605 insanae
560 2572 772 2615 exemplum
798 2572 852 2605 af-

117 2617 202 2652 fert.
242 2637 285 2642 —-
325 2618 511 2661 cubantis]
564 2619 850 2663 „aegrotantis.“

118 2664 204 2699 Vid.
230 2666 276 2700 ad
305 2665 378 2700 Sat.
407 2668 438 2708 1,
465 2668 497 2707 9,
525 2668 580 2698 18.
597 2684 639 2689 —
658 2667 723 2698 illo
742 2668 852 2700 Mane

118 2713 194 2754 die,
230 2723 300 2754 quo
327 2717 366 2747 tu
392 2713 483 2756 cet]
511 2712 571 2747 die
599 2713 714 2758 igitur
740 2713 851 2756 Iovis,

903 1209 977 1243 quo
1021 1199 1191 1234 homines
1232 1199 1453 1242 orientales,
1494 1199 1637 1243 Iudaei,

901 1246 1076 1291 Aegyptii
1114 1247 1300 1281 ieiunium
1338 1257 1490 1282 servare
1523 1250 1560 1281 et
1595 1246 1637 1280 in

902 1293 1122 1328 fluminibus
1141 1294 1318 1339 expiandi
1336 1305 1376 1329 se
1394 1297 1432 1328 et
1447 1293 1637 1339 purgandi

904 1351 1018 1375 causa
1043 1341 1160 1376 lavari
1187 1342 1370 1376 solebant.
1403 1341 1530 1386 (Hunc
1554 1341 1637 1376 dies

903 1399 926 1422 a
956 1391 1098 1433 septem
1137 1389 1196 1423 dis
1234 1389 1459 1435 designandi
1495 1399 1638 1423 morem

903 1435 1104 1470 admodum
1130 1447 1366 1471 communem
1389 1437 1530 1471 factum
1555 1446 1638 1471 esse

904 1483 1004 1528 apud
1028 1484 1216 1518 Romanos
1242 1484 1502 1519 demonstrant
1526 1484 1639 1518 etiam

904 1530 1042 1564 Tibull.
1063 1533 1094 1573 1,
1120 1534 1152 1574 3,
1180 1533 1236 1564 18.
1269 1531 1341 1565 Dio
1368 1531 1470 1565 Cass.
1496 1532 1554 1573 37,
1582 1533 1637 1565 18.

904 1581 941 1612 et
957 1578 1039 1611 VII.
1065 1578 1216 1612 dierum
1240 1578 1390 1623 pictura
1410 1578 1639 1623 Pompeiana

903 1625 943 1659 in
968 1627 1096 1661 Museo
1126 1627 1331 1660 Borbonico
1355 1625 1420 1659 XI.
1447 1625 1489 1659 T.
1516 1626 1564 1668 3.)
1592 1643 1636 1649 -

902 1672 1058 1715 ieiunia]
1083 1672 1230 1717 Magnis
1255 1672 1296 1706 in
1323 1672 1599 1707 calamitatibus
1616 1683 1638 1706 a

904 1720 1180 1764 superstitiosis
1207 1721 1319 1754 etiam
1344 1720 1443 1754 inter
1472 1720 1636 1765 gentiles

903 1767 1047 1801 ieiunia
1073 1769 1221 1801 servata
1245 1778 1328 1802 esse
1362 1770 1522 1802 testatur
1547 1767 1637 1801 Ter-

904 1814 1088 1848 tullianus
1113 1814 1160 1849 de
1185 1814 1333 1849 Ieiunio
1361 1817 1424 1849 15:
1451 1817 1539 1849 Cum
1562 1818 1643 1848 stu-⁴

900 1865 962 1903 pet
988 1863 1132 1895 caelum
1157 1865 1191 1895 et
1216 1866 1296 1896 aret
1321 1871 1460 1904 annus,
1486 1863 1638 1903 nudipe-

902 1910 1004 1942 dalia
1052 1910 1338 1948 denuntiantur5
1363 1927 1379 1934 -
1403 1927 1419 1935 -
1443 1910 1639 1943 Iudaicum

902 1958 996 1989 certe
1032 1957 1211 1989 ieiunium
1246 1958 1380 1996 ubique
1416 1957 1635 1990 celebratur.

903 2022 946 2026 —
966 2005 1076 2037 Casus
1095 2003 1180 2045 cet.]
1209 2003 1311 2046 „Etsi
1336 2003 1497 2038 fortasse
1523 2012 1633 2036 casus

901 2050 1118 2084 medicusve
1150 2061 1312 2095 puerum
1343 2061 1390 2085 ex
1421 2051 1505 2095 ipso
1539 2050 1637 2084 vitae

901 2098 1070 2142 periculo
1111 2098 1328 2142 eripuerit.“
1357 2117 1400 2121 ——
1428 2107 1474 2132 em
1494 2098 1638 2139 praeci-

900 2145 983 2188 piti]
1011 2144 1072 2179 Sic
1097 2145 1207 2191 volgo
1233 2146 1345 2179 etiam
1370 2145 1638 2190 loquebantur,

903 2203 972 2226 nec
1006 2193 1213 2237 quidquam
1251 2193 1351 2227 inest
1386 2192 1526 2237 poetici
1560 2202 1638 2225 ser-

902 2240 1037 2274 monis.
1088 2240 1186 2274 Cels.
1213 2243 1255 2282 2,
1290 2243 1330 2274 6:
1370 2242 1414 2273 In
1441 2240 1639 2282 praecipiti

901 2289 978 2321 iam
992 2296 1065 2321 esse
1079 2288 1263 2332 (aegrum)
1277 2288 1471 2320 denuntiat
1484 2286 1636 2340 (alvus),

903 2344 998 2375 quae
1033 2336 1174 2375 liquida
1207 2335 1403 2375 eademque
1435 2334 1494 2367 vel
1526 2334 1637 2374 niara

903 2383 960 2415 vel
982 2382 1129 2423 pallida
1161 2382 1219 2415 vel
1249 2382 1396 2423 pinquis
1423 2382 1486 2414 esc.
1514 2399 1557 2403 -—
1585 2381 1638 2421 se-

903 2430 1067 2470 brimque
1091 2428 1252 2471 reducet]
1273 2431 1416 2473 gratam
1443 2430 1500 2461 est
1526 2422 1636 2460 ’ὔστε-

902 2487 971 2522 οον
997 2473 1182 2523 πρότερον
1206 2486 1294 2520 pro:
1335 2475 1454 2517 „febri
1480 2474 1638 2508 reducta

902 2534 988 2557 eum
1014 2523 1175 2557 necabit.
1181 2523 1198 2541 ⁴⁴
1215 2522 1415 2565 —Quone]
1434 2522 1574 2566 duplex
1594 2521 1635 2554 in

902 2570 1118 2616 terrogatio,
1136 2573 1178 2603 ut
1192 2569 1267 2604 Sat.
1287 2573 1319 2611 2,
1338 2572 1371 2610 2,
1391 2571 1478 2602 107:
1495 2571 1635 2602 uterne

903 2638 945 2642 —
965 2617 1152 2660 concussa]
1177 2617 1275 2651 Huic
1293 2617 1448 2651 verbum
1474 2615 1546 2650 sibi
1569 2625 1636 2649 no·

901 2665 975 2699 tius
992 2674 1165 2706 percussa
1183 2664 1464 2698 substituerunt
1485 2661 1633 2696 librarii

900 2713 1020 2747 multi.
1059 2712 1132 2746 Sed
1156 2711 1368 2746 accuratius
1394 2709 1488 2744 illud
1515 2708 1633 2754 signi-
