1774 2930
171 184 270 226 210

683 185 890 220 HORATH
914 185 1198 220 SA'rmARUM

303 286 578 329 Crescentem
608 287 784 328 tumidis
815 287 918 328 infla
949 288 1218 330 sermonibus
1249 292 1401 332 utrem.

304 356 412 400 Cum
442 362 485 400 te
517 358 693 400 servitio
724 358 852 413 longo
885 372 1070 414 curaque
1100 359 1274 412 levarit,

301 428 360 470 Et
390 434 553 471 certum
583 429 781 484 vigilans,
812 428 1000 477 Quartae
1032 430 1087 470 sit
1117 430 1251 486 partis
1283 430 1447 484 Ulixem

1616 432 1698 472 100

301 499 516 553 Audieris,
549 500 693 542 heres:
726 499 842 555 Ergo
873 514 987 542 nunc
1016 500 1157 543 Dama
1186 500 1344 543 sodalis

300 570 523 627 Nusquam
547 571 644 613 est?
674 570 798 613 Unde
820 571 924 612 mihi
945 576 1033 614 tam
1055 571 1210 614 fortem
1231 575 1405 629 tamque
1426 572 1626 615 fidelem?

303 641 467 698 Sparge
490 642 669 684 subinde
692 645 748 695 et,
780 643 815 683 si
837 643 1011 698 paulum
1036 646 1172 699 potes,
1205 643 1483 698 illacrimare3
1516 648 1583 686 est

305 712 474 755 Gaudia
504 713 757 769 prodentem
787 714 949 755 voltum
980 714 1132 756 celare.
1177 714 1431 770 Sepulcrum

301 784 566 827 Permissum
598 785 773 827 arbitrio
805 785 897 827 sine
931 785 1126 827 sordibus
1161 789 1357 839 exstrue3
1390 785 1517 827 funus

283 905 359 937 100.
394 904 440 935 su
466 903 557 945 bSc‚

1619 786 1700 827 105

583 903 756 947 plerique
782 902 946 936 Bentleii
974 906 1010 936 et
1035 903 1231 946 Pottierii,
1256 903 1357 938 LCt:
1391 906 1441 937 esi
1464 905 1564 938 Fene
1587 903 1655 938 ali-

232 950 334 995 quod
361 949 529 994 Codices,
556 954 628 984 esto
654 950 729 984 duo
757 949 870 984 Codd.
898 950 1080 993 Bentleii,
1110 951 1281 985 Pottierii
1308 954 1328 985 9
1355 954 1391 985 et
1419 953 1490 994 13„
1515 951 1655 994 Bentl.‚

231 997 334 1031 FMJ.
362 1017 404 1022 —
438 1001 514 1032 103.
550 1000 627 1031 104.
667 1000 718 1031 est
751 1009 773 1031 a
806 1008 880 1031 sec.
906 1008 953 1031 m.
981 997 1145 1031 deletum
1180 1001 1217 1032 et
1250 1010 1282 1032 v.
1315 1000 1432 1032 celare
1466 1009 1654 1043 superscr-

233 1047 350 1078 celato
376 1045 421 1087 S,
455 1048 488 1079 et
521 1047 587 1078 sic
615 1046 788 1087 paullum
817 1047 916 1086 potes
950 1046 1186 1079 inlacrimare
1221 1045 1420 1088 (infinitiv.
1445 1046 1588 1089 actim),
1615 1048 1656 1079 et

233 1094 379 1126 Gaudia
402 1095 612 1134 prodentem
635 1094 774 1126 voltum
790 1092 954 1126 Bentleii
982 1092 1160 1136 suspicio,
1186 1093 1248 1126 cui
1275 1096 1399 1127 tamen
1425 1094 1524 1128 hano
1547 1103 1656 1138 prae-

232 1140 327 1174 fert:
368 1143 401 1174 et
435 1142 501 1173 sic
532 1141 705 1182 paullum
734 1142 836 1181 potes
870 1140 1108 1173 inlacrimare
1143 1142 1175 1173 et
1209 1141 1357 1174 Gaudia
1391 1143 1656 1182 prudenter

230 1189 360 1221 voltu
387 1189 519 1221 celare.
546 1188 770 1230 (inlacrima.
798 1197 815 1220 e
839 1196 881 1220 re
907 1190 958 1220 est
976 1186 1240 1221 Lachmannus
1265 1187 1312 1221 ad
1336 1187 1487 1222 Lucret.
1503 1199 1540 1232 p.
1559 1189 1656 1230 297.)

231 1254 277 1259 ——
304 1237 382 1269 104.
406 1237 624 1277 prodentum
647 1236 789 1268 voltum
814 1234 854 1276 C,
877 1235 1101 1276 prudentum
1124 1236 1225 1269 voltu
1252 1234 1343 1269 Cod.
1369 1235 1426 1278 (Ρ)
1452 1235 1609 1269 Barthii.

185 1337 282 1376 quad
307 1336 453 1376 quidem
479 1337 657 1377 perpetuo
682 1336 835 1368 Lucullo
870 1336 920 1368 lo-

185 1385 313 1424 quente
329 1384 478 1425 fecerat,
495 1385 534 1415 ut
548 1384 658 1415 etiam
669 1391 801 1416 manus
813 1391 921 1424 saepe

184 1431 338 1464 tolleret.
382 1450 425 1453 —
464 1431 610 1464 tumidis
648 1430 740 1473 cet.]
787 1430 920 1472 „falsis

184 1478 361 1512 laudibus
395 1489 480 1511 eum
506 1478 611 1512 velut
642 1480 765 1511 utrem
798 1478 921 1511 ventis

185 1525 317 1559 inflare
345 1525 565 1559 contende.“
598 1524 725 1558 COMM.
753 1524 874 1563 CRUQ.

234 1575 407 1606 99—104.
437 1572 590 1615 levarit]
625 1575 744 1606 morte
771 1583 849 1606 sua.
877 1591 919 1595 —

185 1622 324 1653 certum
347 1619 521 1662 viailans]
551 1615 684 1665 „55:1129,
718 1617 789 1652 οὐκ
815 1615 921 1666 ὄναρ,

184 1678 252 1711 pro
289 1670 409 1709 certo,
450 1667 543 1701 adeo
583 1670 625 1700 ut
662 1678 724 1701 ne.
744 1667 921 1700 minimae

185 1714 339 1759 quidem
358 1714 585 1748 dubitationi
610 1714 683 1748 iam
710 1714 815 1748 locus
839 1714 920 1747 sit.“

185 1762 398 1806 Opponitur
431 1761 538 1795 Ovid.
570 1762 659 1795 Her.
693 1764 756 1804 10,
782 1764 825 1795 9:
859 1763 922 1794 In-

186 1813 322 1843 certum
343 1811 514 1850 ‘nimian-3,
541 1819 565 1842 a
589 1818 714 1842 somno
733 1809 921 1849 lanquida.

184 1875 232 1880 —
256 1858 301 1889 sit
321 1875 336 1881 -
354 1875 368 1881 -
388 1857 511 1899 heres]
550 1856 766 1890 Formulam
802 1856 921 1899 ipsam

185 1905 386 1938 restituere
399 1905 520 1937 voluit
528 1904 737 1945 Bensseius,
752 1903 921 1937 scribens

187 1954 270 1985 esto.
333 1951 474 1994 (Gaius
506 1953 546 1993 2,
580 1953 670 1984 117:
707 1951 922 1993 „sollemnis

185 2000 367 2032 institutio
404 2000 492 2032 haec
531 2001 604 2031 estt
647 1998 769 2031 Titius
811 1998 921 2031 heres

187 2048 279 2080 esto.
328 2048 398 2081 Sed
424 2049 457 2079 et
487 2047 557 2079 illa
582 2047 660 2078 iam
685 2046 922 2087 comprobata

184 2095 353 2127 videtur:
387 2093 528 2127 Titium
553 2093 730 2126 heredem
756 2103 839 2126 esse
864 2093 921 2126 iu-

186 2141 269 2175 beo.
318 2142 363 2175 At
392 2142 461 2174 illa
486 2149 560 2174 non
585 2143 636 2173 est
661 2142 921 2182 comprobata:

187 2188 328 2222 Titium
369 2188 547 2222 heredem
588 2198 670 2222 esse
709 2189 805 2221 volo.
853 2189 923 2221 Sed

187 2238 220 2268 et
237 2237 326 2269 illae
341 2245 364 2269 a
375 2237 557 2277 plerisque
574 2237 802 2277 improbatae
818 2236 920 2268 sunt:

187 2282 374 2317 Heredem
407 2284 585 2325 instituo,
617 2284 704 2316 item
735 2282 922 2316 Heredem

186 2330 318 2364 facio.“
354 2330 415 2364 Sic
439 2331 479 2364 in
505 2330 673 2364 Dasumii
700 2332 922 2364 testamento

187 2377 286 2420 apud
330 2378 522 2412 Cardinali
562 2379 724 2420 Diplomi
770 2378 925 2410 militari

187 2435 222 2469 p.
251 2427 339 2458 217:
365 2426 509 2458 Amicus
533 2427 566 2458 si
589 2435 627 2458 se
651 2434 782 2458 nomen
806 2433 924 2457 meum

190 2472 354 2504 laturum
368 2474 591 2514 promiserit,
616 2481 783 2506 mearum
806 2473 923 2513 sortu-

187 2527 323 2552 narum
357 2529 403 2553 eoe
434 2521 546 2552 uncia
581 2522 683 2553 heres
709 2522 782 2553 esto
808 2520 923 2552 cerm·-

189 2569 298 2607 toque
330 2568 370 2599 in
406 2568 528 2600 diebus
567 2570 709 2600 centum
741 2567 924 2608 proximis

189 2615 318 2654 quibus
342 2615 465 2647 scierit
492 2614 725 2656 poteritque.)
767 2614 815 2647 At
847 2613 923 2647 for-

188 2661 291 2694 mula
321 2661 415 2695 iuris
447 2663 579 2695 contra
605 2662 830 2705 optimorum
856 2659 924 2694 Co-

189 2707 314 2742 dicum
341 2708 604 2742 auctoritatem
637 2711 771 2753 poetae
797 2708 925 2742 obtru-

189 2755 313 2789 denda
329 2767 405 2790 non
423 2755 584 2798 videtur,
605 2756 670 2800 qui
689 2757 719 2790 si
737 2756 922 2801 integram

968 1334 1168 1368 formulam
1192 1335 1335 1369 referre
1359 1336 1560 1378 voluisset,
1593 1335 1704 1369 etiam

969 1393 1037 1426 pro
1057 1385 1215 1423 quartae
1229 1384 1349 1424 partis
1370 1382 1526 1417 dixisset
1548 1391 1594 1416 ecc
1616 1390 1706 1423 qua—

970 1431 1100 1463 drante
1134 1429 1312 1472 (Sueton.
1340 1429 1444 1464 Caes.
1471 1430 1543 1472 83.)
1574 1430 1635 1464 vel
1660 1439 1707 1464 ea·

971 1479 1147 1511 teruncio.
1174 1477 1267 1520 (Cic.
1294 1477 1341 1511 ad
1366 1478 1442 1518 Att.
1469 1479 1501 1520 7,
1527 1479 1561 1519 2,
1587 1477 1636 1519 3.)
1660 1497 1706 1504 —

970 1525 1164 1567 Audieris]
1201 1526 1281 1567 „vel
1314 1524 1398 1569 ipsa
1427 1525 1504 1559 alta
1527 1535 1618 1558 voce
1653 1524 1705 1559 le-

971 1583 1062 1617 gens
1095 1573 1154 1606 vel
1188 1574 1410 1606 testamento
1443 1583 1513 1617 per
1545 1582 1706 1616 puerum

971 1630 993 1652 a
1024 1630 1137 1652 manu
1169 1620 1359 1653 recitato.“
1389 1639 1432 1643 —
1458 1619 1595 1662 Dama]
1630 1618 1706 1653 cfr.

972 1678 1004 1699 v.
1025 1669 1079 1699 18.
1095 1686 1140 1690 —
1158 1668 1347 1707 Nusquam
1365 1667 1430 1709 est]
1449 1664 1572 1699 οὐκέτ’
1589 1662 1706 1699 ἔστιν.

970 1712 1081 1747 Hand
1115 1713 1226 1747 Turs.
1258 1713 1321 1746 IV.
1356 1724 1392 1757 p.
1428 1715 1507 1746 349.
1536 1731 1578 1736 -
1608 1714 1707 1746 Unde

970 1762 1059 1793 mihi
1077 1763 1152 1793 tam
1169 1760 1314 1803 sortem]
1333 1762 1489 1804 „petam‚
1508 1760 1674 1805 parabo?
1687 1760 1705 1779 “

971 1807 1046 1840 Sat.
1065 1810 1097 1849 2,
1116 1809 1149 1849 7,
1173 1810 1258 1841 116:
1286 1808 1384 1840 Unde
1408 1809 1499 1840 milii
1524 1808 1708 1849 lapidem?

971 1874 1014 1878 —
1051 1856 1191 1896 Sparae
1227 1855 1399 1898 subinde]
1443 1854 1707 1899 „Frequenter

970 1901 1120 1935 dicito.“
1154 1902 1304 1935 ACRON.
1335 1902 1562 1936 Accuratius
1588 1902 1707 1946 expli-

971 1959 1060 1983 ces:
1096 1950 1266 1993 „passim
1298 1949 1459 1991 iniicito,
1494 1949 1602 1993 quasi
1630 1950 1708 1983 sin-

971 2007 1082 2031 cerus
1101 1996 1208 2030 dolor
1232 1998 1269 2030 te
1294 1997 1367 2030 hoc
1391 1996 1519 2030 facere
1543 1996 1705 2030 iubeat.“

971 2063 1013 2067 ——
1040 2043 1290 2087 illacrimare]
1325 2043 1423 2077 Sane
1457 2045 1516 2078 est
1547 2043 1708 2088 impera-

970 2091 1071 2125 tivus
1113 2102 1146 2125 V.
1185 2091 1429 2135 deponentis,
1475 2100 1550 2135 qua
1589 2091 1710 2124 forma

970 2149 1063 2173 usus
1101 2141 1157 2172 est
1193 2139 1305 2172 etiam
1339 2137 1416 2172 Cic.
1455 2138 1502 2172 de
1534 2137 1578 2171 N.
1604 2137 1649 2171 D.
1675 2139 1709 2180 3,

972 2188 1035 2228 33,
1070 2188 1126 2220 82.
1185 2185 1261 2219 Cfr.
1298 2185 1426 2219 Publii
1461 2195 1613 2219 versum
1649 2194 1709 2229 ap.

973 2233 1068 2267 Gell.
1098 2236 1151 2276 17,
1178 2235 1234 2275 14,
1260 2235 1308 2267 4:
1335 2234 1491 2267 Heredis
1515 2234 1620 2274 fletus
1644 2233 1710 2266 sub

968 2289 1129 2323 persona
1160 2282 1257 2313 risus
1293 2282 1354 2313 est.
1387 2299 1434 2304 —
1459 2279 1530 2322 est]
1566 2275 1709 2322 „Za-tw,

971 2325 1039 2369 ἔνι,
1065 2324 1200 2370 ἔξεστι,
1225 2328 1354 2361 licet.“
1407 2326 1482 2360 Ofr.
1507 2325 1625 2370 Epod.
1654 2327 1709 2367 17,

973 2377 1030 2410 25.
1069 2375 1144 2409 Sat.
1165 2378 1195 2416 1,
1213 2377 1246 2417 2,
1267 2376 1343 2408 101.
1384 2374 1530 2416 „Facile
1555 2375 1614 2407 est
1638 2383 1709 2406 nec

972 2424 1127 2457 multam
1140 2426 1258 2456 artem
1275 2421 1446 2466 requirit,
1464 2423 1554 2454 tunc
1572 2421 1709 2465 ipsum,

972 2481 1058 2504 cum
1082 2470 1178 2503 inibi
1204 2471 1278 2511 est,
1313 2471 1356 2501 ut
1380 2468 1506 2502 voltus
1530 2467 1709 2513 gaudium

971 2517 1118 2563 prodat,
1146 2527 1273 2550 verum
1299 2515 1473 2549 affectum
1499 2515 1658 2549 oelare.“

1021 2566 1187 2598 105-110.
1215 2563 1384 2606 arbitrio]
1408 2562 1612 2606 Inscriptio
1636 2561 1710 2595 No-

972 2613 1059 2646 lana
1091 2610 1191 2656 apud
1223 2610 1459 2645 Morcellium
1492 2608 1586 2653 Opp.
1611 2608 1640 2642 Ι.
1670 2619 1708 2653 p.

973 2662 1064 2694 347:
1100 2658 1140 2692 C.
1175 2657 1422 2691 evauno.
1454 2656 1496 2689 L.
1530 2656 1571 2689 F.
1604 2663 1709 2689 FLA-

972 2714 1093 2740 mm.
1118 2713 1236 2739 DIVI.
1262 2705 1493 2738 Avevs'r1.
1511 2710 1710 2736 *Amn-

972 2761 1133 2787 rnArv.
1150 2753 1439 2786 HrAcmrm.
1463 2758 1551 2784 ΜΒ.
1571 2769 1614 2774 -
1631 2751 1709 2784 eine
1773 2743 1774 2756 ³
