1786 2912
695 161 795 196 mn.
817 161 848 195 1.
897 159 1000 194 SAT.
1023 158 1092 194 111.

1595 157 1653 197 4³

258 265 326 310 Ne
356 265 518 308 scutica
546 263 725 319 dignum
754 261 950 304 horribili
980 262 1145 302 sectere
1174 257 1358 314 flagello.

259 335 386 390 Nam,
417 339 466 378 ut
495 334 633 377 ferula
662 332 815 376 caedas
845 331 1046 374 meritum
1074 330 1239 372 maiora
1269 328 1413 370 subire

1572 326 1655 367 120

259 406 467 459 Verbera,
499 419 587 447 non
616 403 782 456 vereor,
814 416 910 444 cum
940 401 1058 443 dicas
1089 413 1186 443 esse
1216 412 1342 455 pares
1372 411 1443 440 res

259 476 395 519 Furta
421 475 655 519 latrociniis
688 478 732 517 et
761 473 928 528 magnis
957 485 1091 528 parva
1117 469 1294 513 mineris

260 546 391 590 Falce
419 547 656 589 recisurum
689 544 819 586 simili
849 547 912 596 te,
945 543 982 584 si
1011 541 1093 584 tibi
1121 554 1301 596 regnum

259 617 516 660 Permittant
546 615 755 658 homines.
798 613 846 656 Si
876 613 1010 666 dives,
1042 612 1116 667 qui
1148 611 1320 667 sapiens
1352 618 1437 662 est,

260 688 320 730 Et
348 692 467 730 sutor
496 687 635 729 bonus
666 690 710 729 et
741 685 857 726 solus
889 683 1101 726 formosus
1133 686 1178 724 et
1209 686 1275 724 est
1304 695 1402 734 ren,

1573 680 1657 720 125

262 759 350 802 Cur
379 762 502 814 optas
533 756 647 813 quod
676 755 844 798 habes?
874 753 973 796 Non
994 754 1122 806 nosti,
1155 752 1257 808 quid
1278 755 1414 808 pater,
1446 750 1598 806 inquit,

263 829 528 886 Chrysippus
560 827 697 870 dicat:
731 825 912 882 Sapiens
944 823 1137 880 crepidas
1170 823 1253 865 sibi
1283 835 1498 878 nunquam

211 940 215 942 .
261 899 352 942 Nec
383 899 521 940 soleas
553 897 669 950 fecit,
703 900 822 938 sutor
852 900 996 937 tamen
1028 899 1094 937 est
1125 894 1311 950 sapiens.

192 993 442 1075 ualuis-Codex
466 1035 599 1073 Bland.
602 1038 616 1081 )

145 1123 221 1156 reis
259 1121 524 1157 caedebantur.
555 1140 601 1145 —
633 1119 782 1163 sectere]
818 1121 878 1153 Se-

146 1170 239 1203 ocari
261 1170 298 1203 h.
322 1169 348 1203 l.
375 1169 568 1213 „insequi,
592 1167 766 1213 urgere“‚
790 1162 879 1199 διώ-

145 1226 237 1250 mcv.

194 1265 360 1297 120-125.
385 1264 500 1304 Nam,
524 1265 591 1295 ut·
599 1262 762 1296 caedas·
777 1269 879 1294 -ποπ

145 1310 287 1353 vereor]
320 1309 608 1351 Σολοικοφανὲς
640 1309 711 1342 hoc
750 1308 878 1352 (quod

146 1357 344 1391 manifesto
367 1356 572 1401 significat:
600 1355 757 1397 „Certus
783 1365 878 1394 sum,

148 1406 185 1437 te
217 1413 287 1447 pro
319 1406 384 1437 tua
409 1403 606 1437 severitate
639 1412 878 1446 nequaquam

150 1459 347 1484 caesarum
384 1450 508 1484 ferula
547 1449 740 1483 dumtaxat
781 1459 878 1489 eum,

150 1497 216 1542 qui
256 1497 427 1542 graviore
466 1506 591 1550 poena
631 1496 768 1541 dignus
807 1496 878 1537 sit3

149 1544 263 1578 immo
286 1554 372 1578 eum
402 1544 474 1577 hac
505 1543 588 1587 ipsa
620 1553 767 1587 semper
800 1542 880 1576 affi-

149 1590 245 1634 cies,
285 1590 433 1636 flagello
475 1593 628 1624 strenue
671 1599 822 1623 usurus.
835 1589 878 1630 ⁸)

149 1637 299 1682 optime,
322 1637 363 1670 ni
387 1637 511 1679 fallor,
535 1636 730 1681 explanari
755 1638 880 1680 potest

149 1695 195 1719 ex
218 1695 276 1718 w.
299 1684 345 1718 D.
370 1683 494 1718 Bruti·
516 1683 564 1718 ad
597 1684 675 1717 Cic.
705 1682 799 1727 Epp.
832 1683 879 1716 ad

147 1731 250 1766 Fam.
277 1734 340 1774 11,
368 1734 434 1765 10:
461 1733 549 1764 haec
574 1732 880 1772 quemadmodum

149 1780 331 1820 explicari
350 1779 490 1820 possint
515 1781 592 1820 aut,
617 1786 642 1811 a
658 1779 692 1811 te
710 1786 791 1810 cum
817 1786 879 1810 ex-

144 1827 394 1867 plicabuntur,
419 1834 464 1859 ne
480 1826 740 1866 impediantur,
758 1826 878 1858 timeo.

147 1871 199 1906 Ut
222 1872 322 1907 enim
345 1873 408 1906 hic
431 1872 594 1916 primum
625 1871 792 1906 scribere
818 1882 881 1904 vo-

148 1919 269 1954 lebat:
286 1921 590 1960 quemadmodum
603 1919 783 1960 explicari
796 1927 879 1959 pos-

148 1967 335 2009 sins-non
355 1968 474 2008 υίαοο,
499 1965 733 2010 interpositis
758 1968 881 1999 autem

149 2013 234 2048 aliis
248 2013 402 2058 scripsit
418 2015 536 2055 timeo,
554 2013 608 2046 ita
620 2013 799 2046 Horatius
811 2023 881 2056 pro

150 2060 233 2094 his:
271 2063 340 2102 „ut
375 2062 501 2102 serula
533 2061 685 2101 caedas,
720 2061 759 2093 id
793 2068 883 2092 vero

151 2108 364 2147 neutiquam
394 2109 473 2140 veri
503 2108 620 2140 simile
658 2107 759 2148 σιμ,
795 2106 882 2139 vel:

154 2156 224 2195 „ut
247 2155 399 2196 caedas,
425 2155 464 2187 id
488 2163 533 2187 ne
558 2154 695 2195 sacia-5,
729 2162 802 2186 non
825 2162 884 2186 ve·

151 2201 287 2241 recr“‚
311 2201 392 2233 vel:
435 2209 538 2241 „non
562 2208 692 2233 vereor
715 2201 811 2240 sore,
844 2203 884 2232 ιιι

153 2247 324 2288 caedat“,
361 2247 440 2288 vel,
479 2246 579 2290 quod
605 2245 773 2280 omnium
797 2246 885 2279 sim-

151 2293 401 2338 plicissimum
419 2297 487 2335 est,
514 2303 598 2327 cum
614 2293 784 2338 Reisigio
803 2293 884 2326 Lat.

154 2340 340 2385 Sprachw.
365 2352 401 2384 p.
427 2342 514 2374 569:
539 2341 650 2381 illud,
675 2342 716 2373 ul
741 2341 884 2381 caedas,

152 2396 227 2420 non
240 2396 368 2422 vereor
385 2388 503 2430 (varie
522 2387 620 2421 enim
634 2387 783 2420 Horatii
800 2397 886 2420 sen-

152 2435 270 2468 tentia
286 2435 444 2478 exprimi
465 2435 603 2478 potest)
628 2434 742 2478 paulo
767 2434 886 2467 licen-

153 2481 228 2515 tius
253 2481 424 2525 scripsit:
458 2484 527 2523 „ul
552 2483 702 2522 caedas,
728 2489 802 2514 non
824 2489 886 2513 ve-

153 2529 279 2562 rem-,⁸
331 2527 462 2569 (Oonf.
486 2527 565 2561 Liv.
598 2529 663 2569 28,
689 2529 757 2561 22:
795 2528 887 2560 nihil

153 2575 273 2608 minus
291 2583 402 2615 quam
427 2575 553 2617 (illud)
578 2578 618 2608 ut
644 2576 767 2615 equ-edo·
790 2583 887 2607 moe-

154 2622 260 2654 nibus
273 2623 448 2655 auderent
465 2623 586 2655 imeri
599 2621 772 2663 poterat.)
791 2621 886 2654 Cum

155 2671 279 2702 autem
316 2668 543 2712 praecedant
580 2679 637 2701 vv.
667 2671 707 2701 ul
743 2670 886 2710 caedas,

156 2713 267 2760 longe
290 2715 416 2749 minus
440 2716 479 2749 in
505 2716 552 2749 iis
578 2715 694 2749 lector
719 2714 886 2755 offendit,

1356 891 1473 940 Qui?

362 994 441 1035 Quo
473 991 572 1036 bScp
607 994 644 1025 et
668 989 842 1025 Pottierii
873 988 1067 1033 plerique,
1105 988 1194 1022 item
1218 986 1359 1029 Aldus,
1397 985 1486 1020 LCt.
1518 985 1613 1028 (Qui

928 1128 1040 1162 quam
1055 1118 1087 1151 si
1099 1118 1153 1151 ita
1165 1117 1507 1161 subsequerentur:
1519 1122 1661 1156 vereor,

926 1167 966 1198 ul
984 1166 1068 1209 (pro
1086 1165 1147 1206 ne)
1166 1165 1310 1197 caedas.
1319 1161 1557 1204 -mqniq
1545 1172 1661 1206 lunge

928 1222 1013 1245 cum
1050 1222 1084 1244 v.
1115 1212 1245 1244 simili·
1286 1213 1355 1253 „et
1390 1220 1506 1264 parva
1542 1209 1662 1242 mine-

927 1259 980 1293 ris
1006 1258 1121 1293 simili
1146 1261 1183 1292 te
1209 1258 1305 1292 falce
1330 1257 1543 1291 recisurum
1576 1257 1663 1299 (ex-

926 1306 1239 1347 terminaturum)
1277 1307 1390 1349 atquc
1421 1303 1590 1348 magna-⁸
1618 1321 1662 1326 -—

927 1354 1037 1386 Falce
1053 1352 1270 1394 recisurum]
1295 1355 1339 1384 ut
1355 1351 1560 1392 dumetum,
1585 1360 1663 1384 non

927 1403 969 1433 ut
994 1403 1169 1443 segetem.
1209 1399 1287 1432 Cic.
1314 1398 1425 1432 Tusc.
1452 1400 1485 1439 5,
1512 1399 1568 1439 23,
1593 1398 1663 1431 65:

927 1447 1085 1479 lumini
1121 1454 1202 1479 cum
1238 1446 1395 1487 falcibus
1430 1445 1539 1477 multi
1572 1452 1663 1486 pur·

927 1497 1062 1535 varum
1080 1495 1114 1526 el
1131 1494 1355 1534 aperuerunt
1379 1493 1497 1525 locum
1522 1490 1664 1534 (dumis
1720 1515 1725 1518 -

927 1540 1120 1581 obsitum).
1145 1558 1189 1563 -
1214 1539 1391 1582 reanum]
1422 1537 1570 1582 Arripit
1593 1538 1666 1572 hoc

927 1597 1026 1629 voc.‚
1062 1591 1107 1620 ut
1138 1586 1308 1620 derideat
1338 1585 1504 1627 Stoicos,
1538 1596 1668 1629 quem·

927 1633 1126 1668 admodum
1159 1634 1249 1668 fecit
1280 1645 1314 1667 V.
1343 1635 1421 1667 133.
1449 1636 1486 1666 et
1510 1632 1604 1676 Epp.
1634 1635 1665 1673 1,

930 1684 968 1723 1,
995 1683 1061 1715 106
1087 1691 1143 1725 sq.
1169 1680 1247 1714 Cic.
1270 1680 1387 1714 Acad.
1413 1682 1455 1721 2,
1481 1682 1547 1721 44,
1574 1681 1665 1713 136:

928 1729 994 1761 mi
1018 1727 1268 1770 (Xenocrates
1285 1730 1323 1761 ct
1337 1726 1578 1768 Aristoteles)
1596 1735 1666 1758 ιιιι-

929 1784 1040 1816 quam
1064 1777 1225 1808 dicerenc
1264 1775 1332 1817 (ut
1356 1774 1447 1816 vos)
1479 1775 1665 1815 sapientes

927 1823 1024 1855 solos
1064 1824 1194 1863 renes?
1234 1823 1329 1854 solos
1370 1822 1522 1854 dimices?
1570 1821 1667 1853 solos

928 1871 1132 1911 formosos?
1160 1871 1300 1910 omnia,
1335 1877 1429 1908 quae
1454 1869 1588 1908 ubique
1614 1876 1668 1900 es-

928 1919 1025 1958 sem,
1062 1918 1235 1957 sapientis
1274 1917 1376 1949 esse?
1413 1934 1456 1938 —-
1492 1916 1531 1949 St·
1566 1915 1667 1947 dives

931 1964 1016 2006 cet.]
1057 1963 1187 2005 „Quid
1220 1973 1315 2006 opus
1348 1965 1406 1996 est
1437 1962 1504 1996 illa
1537 1961 1666 1994 condi-

931 2011 1051 2052 cione,
1057 1988 1107 2043 ”si
1131 2011 1196 2043 libi
1218 2018 1373 2051 reanum
1394 2012 1484 2050 cet„
1511 2018 1596 2041 cum
1622 2018 1670 2042 cx

931 2058 1004 2091 ista
1028 2035 1093 2091 t'ua
1118 2057 1302 2098 doctrina,
1326 2053 1450 2099 μόνον
1476 2054 1575 2088 εἶναι
1601 2053 1668 2088 τὸν

933 2102 1064 2145 σοφὸν
1080 2104 1244 2143 βασιλέα
1270 2105 1335 2136 καὶ
1350 2098 1567 2143 βασιλικόν,
1593 2101 1669 2135 τῶν

931 2150 972 2184 δὲ
1013 2149 1172 2191 φαύλων
1212 2150 1359 2194 μηδένα
1420 2149 1546 2192 (Stob.
1589 2148 1669 2183 Eol.

932 2198 1044 2242 Phys.
1078 2200 1119 2237 2,
1146 2200 1180 2231 7.
1210 2209 1245 2241 p.
1272 2198 1397 2238 222),
1434 2198 1506 2230 boc
1542 2196 1668 2240 ipsum

932 2256 1090 2289 regnum
1107 2244 1256 2279 iamiam
1273 2244 1439 2278 habeas?
1452 2244 1468 2261 ‘⁴
1493 2242 1668 2277 Lucilius

933 2291 1033 2336 apud
1050 2291 1350 2336 Porphyrionem
1368 2291 1415 2325 ad
1440 2291 1478 2324 h.
1496 2290 1520 2323 l.
1547 2289 1669 2333 (Gerl.

933 2350 968 2382 p.
1003 2339 1096 2380 85.):
1142 2341 1190 2372 In
1224 2339 1360 2371 mundo
1396 2339 1543 2379 sapiens
1580 2338 1670 2370 haec

934 2387 1058 2418 omnia
1095 2387 1264 2419 habebit.-
1303 2386 1515 2426 Formosus,
1557 2385 1670 2425 dives,

937 2433 1037 2472 liber,
1061 2441 1131 2466 rex
1153 2434 1246 2466 solu‘
1270 2435 1430 2465 vocetur.

985 2526 1290 2568 126-129.pa1er]
1312 2526 1392 2559 Etsi
1412 2525 1500 2559 Stoa
1516 2524 1671 2569 proprie

935 2584 957 2607 a
974 2572 1124 2607 Zenone
1142 2573 1295 2607 condita
1311 2575 1402 2613 erat,
1427 2575 1551 2606 tamen
1568 2571 1670 2605 dice-

935 2619 1044 2653 bant.
1081 2621 1116 2653 εἰ
1145 2617 1202 2663 μή
1236 2620 1285 2662 ἦν
1315 2618 1563 2665 Χρύσιππος,
1596 2615 1671 2650 οὐκ

934 2678 983 2699 αν
1008 2666 1057 2710 ἦν
1080 2664 1196 2706 Στοά.
1241 2666 1668 2711 Diog.Laert.7,183.

938 2733 979 2737 -
994 2714 1174 2757 crepidas]
1193 2713 1437 2747 Graecorum
1460 2711 1616 2746 Persius
1636 2714 1670 2754 1,
