1774 2930
653 164 747 199 LIB.
772 164 821 200 11.

870 164 973 199 ΕΔΤ.
997 165 1062 199 Π.
1131 172 1133 174 ’

1533 169 1615 210 195

222 260 357 315 Vina,
389 259 629 302 columbino
658 260 807 301 limum
836 259 947 303 bene
978 260 1139 317 colligit
1170 274 1269 315 ovo,

226 331 448 380 Quatenus
478 331 566 373 ima
594 331 703 387 petit
731 331 907 373 volvens
938 331 1078 374 aliena
1106 331 1290 374 vitellus.

226 401 370 444 Tostis
399 405 661 444 marcentem
693 401 859 458 squillis
889 402 1102 444 recreabis
1133 406 1176 445 et
1205 402 1312 445 Afra
1339 423 1346 429 ·

224 472 426 515 Potorem
456 472 651 527 cochlea3
683 486 783 514 nam
810 472 977 515 lactuca
1004 473 1170 516 innatat
1199 474 1287 516 acri

224 543 330 585 Post
359 544 507 585 vinum
539 543 780 598 stomach03
812 557 945 600 perna
965 545 1101 600 magis
1134 558 1182 586 ac
1212 545 1349 601 magis
1381 545 1496 587 hillis
1559 547 1615 588 60

179 600 195 608 ²
223 613 411 670 Flagitat
442 615 667 656 immorsus
697 614 837 669 refici3
869 615 974 671 quin
1004 615 1146 658 omnia
1174 615 1313 668 malit,

226 684 514 741 Quaecunque
545 685 772 727 immundis
803 684 968 728 fervent
998 686 1127 728 allata
1155 687 1339 743 popinis.

224 754 306 797 Est
336 770 491 812 operae
520 756 706 812 pretium
736 755 915 812 duplicis
946 770 1200 812 pernoscere
1230 758 1335 800 iuris

223 825 441 869 Naturam.
504 826 698 882 Simplex
728 841 752 869 e
783 826 895 869 dulci
926 831 1092 870 constat
1122 828 1254 882 olivo,

202 956 259 989 61.
282 956 323 988 in
345 963 484 989 morsus
509 966 636 989 omnes
653 955 837 998 Pottierii,
861 955 940 990 Lct
956 959 994 990 et
1009 956 1216 1000 Bentleius,
1242 959 1307 1003 qui
1334 962 1457 993 tamen
1483 970 1568 1004 pro-

152 1002 217 1036 bat
239 1003 448 1045 §mmm-sus,
481 1005 678 1047 praeterea
702 1003 865 1037 suadens
890 1005 1079 1038 mmor-sis.
1107 1006 1309 1047 (irnmersus
1332 1006 1469 1049 Bothe,
1502 1009 1567 1040 t'm·

150 1050 279 1082 mersis
301 1048 423 1091 Iahn.)
450 1068 494 1073 —-
518 1051 655 1083 mavolt
680 1061 700 1084 e
726 1050 872 1085 duobus
898 1050 1013 1085 Codd.
1038 1052 1246 1087 Bentleius.

103 1155 145 1187 in
159 1155 235 1188 sole
251 1156 480 1199 arefacitoet
499 1157 640 1197 coquito
665 1158 704 1189 in
728 1157 832 1198 iqne;

101 1204 231 1243 postea
255 1203 362 1236 terito
389 1204 421 1236 et
443 1204 565 1244 pondo
591 1205 833 1244 quadrantem

103 1249 290 1290 amphoris
312 1250 465 1290 sinqutis
486 1251 660 1291 infricato
686 1253 719 1284 et
744 1252 833 1283 obti-

106 1296 194 1328 πίω.
220 1314 263 1319 ———
290 1297 492 1329 columbino
518 1297 601 1341 cet]
629 1297 723 1338 „Ubi
749 1298 834 1331 faex

106 1341 174 1374 illu
197 1342 331 1376 melius
360 1343 569 1377 reddiderit
592 1345 719 1377 vinum
746 1343 834 1377 Sur-

106 1389 310 1431 rentinum,
333 1389 406 1423 hoc
423 1401 490 1423 ovo
509 1391 723 1425 columbino
749 1403 832 1425 rur-

107 1444 173 1468 sus
214 1435 423 1479 defaecato,
464 1438 640 1481 quoniam
680 1438 834 1472 vitellus

107 1481 282 1516 materias
318 1482 460 1517 alienas
498 1494 626 1518 secum
658 1485 705 1519 ad
742 1485 834 1519 dolii

103 1527 268 1562 fundum
292 1529 488 1564 devolvit.“

153 1598 271 1633 58-62.
288 1602 521 1645 marcentem]
544 1602 612 1644 „ad
626 1602 730 1637 cibos
744 1613 832 1637 con-

102 1646 319 1690 coquendos
359 1658 436 1681 non
476 1649 554 1691 iam
591 1650 753 1694 aptum.“
788 1669 831 1674 —

100 1693 264 1737 squillis]
296 1695 462 1735 Squillae
487 1695 664 1730 animalia
686 1697 833 1731 marina

102 1742 211 1782 aunt,
244 1751 338 1786 quas
364 1741 499 1776 Graeci
522 1743 681 1789 καρίδας
714 1745 831 1778 nomi-

101 1789 196 1820 nant
211 1790 277 1822 aut
290 1785 530 1836 καμμάρους,
546 1792 830 1832 squittenkrebs.

104 1852 149 1857 -—
173 1835 463 1879 Afra-cochlea]
501 1837 673 1872 Dioscor.
700 1840 740 1882 2,
767 1841 830 1873 11:

102 1880 271 1924 Κοχλίας
282 1887 462 1939 χερσαῖος
478 1881 730 1928 εὐστόμαχος,
747 1883 833 1928 δύς-

103 1927 287 1974 φθαρτος·
312 1941 469 1976 αριστος
492 1930 532 1964 δὲ
556 1928 582 1965 ὅ
604 1943 643 1965 τε
668 1932 709 1965 ἐν
734 1934 763 1965 Σ

101 1971 193 2008 &five
217 1978 283 2008 καὶ
305 1974 443 2023 Λιβύῃ.
490 1978 612 2012 Etiam
638 1979 770 2014 Celsus
797 1982 830 2023 2,

105 2022 150 2054 20
168 2024 205 2055 et
222 2024 278 2056 24.
296 2025 458 2058 cochleas
476 2026 558 2058 boni
581 2028 677 2059 succi
702 2029 734 2059 et
758 2030 830 2060 sto-

100 2069 230 2101 macho
255 2073 362 2111 aptas
386 2070 488 2104 dicit.
507 2091 550 2095 —-
579 2073 721 2106 lactuca
746 2075 830 2117 cet.]

103 2113 250 2149 Rursus
287 2119 417 2150 contra
451 2117 705 2152 Romanorum
743 2131 831 2154 con-

103 2162 342 2197 suetudinem
377 2168 539 2208 pugnat,
578 2176 651 2209 qua
686 2166 831 2201 lactuca

103 2217 189 2241 cum
229 2213 333 2244 aceto
369 2221 480 2245 cenas
512 2212 757 2255 claudebant,
790 2217 832 2248 ut

102 2255 180 2288 vini
210 2255 284 2290 vim
315 2257 543 2302 frangerent.
593 2259 690 2293 Plin.
716 2260 762 2294 H.
786 2260 830 2295 N.

105 2303 168 2344 19,
203 2304 266 2336 38:
300 2305 507 2349 (Lactucae)
538 2309 675 2339 aestate
701 2310 830 2348 qratae

100 2350 285 2383 stomacho
317 2353 506 2393 fastidium
538 2355 713 2395 auserunt
745 2356 829 2388 citri-

103 2403 171 2435 que
197 2400 441 2439 appetentiam
465 2401 617 2441 faciunt.
652 2420 695 2424 —
721 2403 829 2435 inna-

102 2442 170 2485 tat]
189 2449 440 2488 „supernatat,
459 2457 535 2481 non
555 2448 724 2482 subsidet
738 2448 828 2491 (Sat.

103 2490 136 2531 2,
161 2491 193 2533 2,
220 2492 283 2525 73:
309 2501 419 2536 escae,
447 2495 547 2535 Quae
570 2496 725 2536 simplex
742 2497 829 2529 otim

101 2537 167 2569 tibi
195 2538 396 2584 sederit.)
429 2543 612 2574 stomacho
639 2544 735 2585 acri,
768 2554 828 2577 ae-

103 2584 277 2628 stuantv‘,
318 2589 360 2620 ut
400 2587 562 2622 Senecae
602 2589 722 2634 Epist.
765 2592 829 2624 95:

103 2630 219 2664 nivem
253 2635 403 2675 rodunt,
444 2636 616 2669 solatium
654 2639 830 2670 stomachi

102 2679 314 2713 aestuantis.
362 2681 460 2715 Plin.
498 2682 544 2715 H.
581 2683 625 2716 N.
663 2685 727 2726 23,
765 2685 828 2718 22:

103 2722 217 2757 Dulce
242 2725 393 2769 (vinum)
418 2730 537 2762 minus
561 2731 735 2773 inebriat,
768 2733 830 2765 sed

879 1159 1064 1191 stomacho
1099 1159 1265 1197 innatat:
1302 1161 1491 1193 austerum
1523 1162 1614 1202 saci-

883 1205 957 1237 tius
998 1207 1243 1246 concoquitur.
1279 1225 1322 1230 —
1361 1207 1480 1250 hillis]
1522 1209 1615 1242 hina

882 1251 1110 1286 deminutive
1148 1252 1248 1287 dicta
1284 1254 1331 1287 ab
1370 1255 1472 1296 hira,
1512 1255 1614 1299 quod

882 1302 940 1332 est
978 1299 1201 1333 intestinum
1244 1300 1415 1334 ieiunum
1461 1302 1613 1343 (Leer-

882 1347 905 1378 d
914 1355 936 1378 α
945 1347 1044 1389 rm),
1061 1346 1268 1381 farciminis
1281 1358 1413 1392 genus.
1428 1348 1506 1390 (Kn
1515 1358 1538 1382 a
1549 1358 1567 1383 c
1577 1351 1614 1382 k-

881 1396 1024 1425 wurst
1047 1393 1170 1435 Voss.)
1188 1413 1236 1418 ——-
1251 1395 1456 1439 immersus]
1484 1396 1613 1438 „velli-

882 1442 998 1483 catus,
1025 1441 1241 1475 excitatus!
1279 1441 1468 1486 Loquitur
1493 1443 1539 1477 de
1564 1444 1612 1479 iis

882 1486 991 1531 gulae
1008 1487 1264 1530 irritamentis,
1290 1500 1389 1534 quae
1403 1492 1613 1532 pervellunt

881 1535 1117 1577 stomachum,
1144 1534 1219 1570 Sat.
1245 1538 1278 1578 2,
1304 1538 1338 1579 8,
1365 1538 1398 1570 9.
1425 1556 1468 1560 -
1493 1539 1613 1582 malit]

880 1578 1049 1620 βούλοιτ’
1080 1578 1139 1615 ἄν.
1187 1582 1347 1628 Propter
1384 1595 1418 1617 v,
1450 1586 1613 1626 Flam'tat

880 1629 993 1672 pauci
1017 1629 1252 1673 scripserunt
1274 1632 1425 1665 mavolt.
1471 1631 1612 1677 Supple

883 1686 1016 1720 „quam
1054 1677 1253 1711 lactucamr
1270 1678 1420 1723 aliaque
1454 1679 1612 1725 refrige-

879 1723 1036 1757 rantia.“
1077 1743 1120 1747 —
1157 1725 1372 1768 immundis]
1421 1729 1464 1760 ut
1504 1730 1612 1761 erant

879 1769 1020 1804 Romae
1060 1771 1153 1805 haec
1194 1772 1344 1806 infimae
1389 1773 1611 1817 plebeculae

879 1819 1130 1861 receptacula.
1155 1818 1250 1863 Epp.
1270 1822 1300 1862 1,
1329 1822 1384 1862 14,
1410 1822 1474 1854 21:
1500 1824 1612 1855 uncta

876 1866 1027 1905 popina.
1062 1865 1170 1899 Mart.
1197 1868 1229 1909 7,
1256 1869 1312 1909 61,
1338 1869 1379 1900 8:
1414 1869 1522 1909 niqra
1544 1877 1611 1910 po-

877 1913 980 1952 pina.
995 1931 1038 1936 —-
1053 1913 1207 1956 servent]
1231 1913 1359 1956 „Tunc
1379 1915 1498 1959 (quod
1516 1916 1610 1950 alias

878 1958 941 1991 vix
972 1959 1113 1993 faceret
1145 1960 1374 1995 immundam
1411 1973 1611 2007 praepara-

879 2005 1022 2039 tionem
1047 2008 1251 2050 nauseans)
1286 2009 1429 2053 appefit
1454 2010 1611 2044 conviva

878 2052 953 2086 vile
986 2053 1140 2097 aliquod
1171 2055 1377 2095 ferculum,
1415 2057 1481 2090 sed
1513 2058 1609 2091 bene

878 2099 1088 2142 piperatum
1126 2102 1342 2146 salsumque
1376 2106 1413 2136 et
1447 2103 1609 2146 fumans,

879 2147 1007 2189 qualia
1038 2147 1178 2190 plebeii
1204 2148 1277 2182 sibi
1304 2160 1350 2182 ex
1373 2150 1525 2194 popinis
1551 2161 1610 2184 ar-

879 2194 1066 2226 cessunt.“
1134 2194 1196 2228 Sic
1243 2206 1398 2239 prorsus
1448 2197 1610 2232 faciebat

879 2238 1069 2274 Vitellius.
1120 2241 1274 2276 Sueton.
1310 2242 1439 2277 Vitell.
1468 2246 1530 2278 13:
1563 2254 1608 2279 ne

877 2287 917 2318 in
940 2288 1068 2321 itinere
1101 2290 1243 2329 quidem
1273 2291 1351 2323 ullo
1384 2293 1608 2335 temperavit,

879 2335 1212 2374 quin--manderet
1244 2338 1341 2370 circa
1374 2339 1520 2372 viarum
1542 2349 1608 2381 po-

874 2382 983 2421 pinas
1023 2383 1206 2423 fumantia
1246 2386 1398 2425 opsonia
1438 2387 1496 2419 vel
1529 2388 1607 2428 pri—

877 2429 991 2461 diana
1031 2432 1139 2470 atque
1179 2440 1326 2465 semesa.
1381 2431 1511 2467 Simile
1553 2437 1609 2467 est

877 2475 990 2509 etiam
1016 2475 1090 2509 Sat.
1108 2479 1140 2519 2,
1167 2479 1199 2520 7,
1227 2480 1314 2512 102:
1338 2481 1371 2512 si
1394 2481 1508 2513 ducor
1536 2482 1607 2513 libo

876 2522 1098 2563 fumante.
1611 2530 1613 2533 ’

925 2594 969 2626 63
979 2612 994 2618 -
1004 2595 1061 2627 66.
1087 2595 1244 2636 duplicis
1257 2615 1272 2621 -
1284 2596 1389 2639 iuris]
1425 2596 1605 2637 „duorum

876 2639 1029 2682 iurium‚
1054 2640 1236 2686 simplicis
1255 2645 1292 2676 et
1310 2643 1541 2687 compositi.⁴·
1562 2663 1605 2667 —

876 2687 1058 2730 Simplex]
1091 2688 1245 2732 Apicius
1277 2691 1316 2731 8,
1353 2693 1390 2722 1:
1428 2690 1544 2723 Aliter
1567 2692 1606 2723 in

878 2742 1009 2774 aprum
1042 2744 1163 2769 assum
1195 2738 1282 2769 iura
1321 2738 1498 2777 ferventia
1533 2737 1605 2780 (sa-
