1774 2930
668 147 761 183 12113.
785 149 814 184 1.
856 146 1010 182 mer.
1033 146 1064 182 L

1539 146 1625 188 265

228 250 301 293 Nil
331 251 394 294 ait
422 264 519 293 esse
554 250 693 306 prius,
724 249 878 291 melius
907 248 971 290 nil
1002 247 1165 291 caelibe
1195 247 1308 300 νῆας

231 321 278 363 Si
306 335 394 364 non
423 323 508 374 est,
538 319 651 362 iurat
681 319 791 362 bene
822 319 926 361 solis
958 332 1055 361 esse
1085 317 1263 360 maritis.

231 391 326 440 Quo
356 394 525 434 teneam
557 390 698 432 voltus
729 393 966 432 mutantem
995 389 1153 431 Ptotea
1182 388 1325 430 nodo?

1570 388 1626 428 90

231 461 345 511 Quid
372 461 567 518 pauper?
596 460 736 503 Ride:
769 463 906 502 mutat
937 460 1158 513 cenacula,
1191 459 1342 512 lectos,

230 532 411 586 Balnea,
441 535 657 585 tonsores,
690 531 897 573 conducto
927 531 1100 586 navigio
1131 544 1266 586 aeque

229 601 419 645 Nauseat
450 616 499 644 ac
527 602 740 658 locuples,
773 615 900 657 quem
929 601 1046 643 ducit
1075 602 1198 657 priva
1227 601 1428 643 triremis.

115 731 184 766 alis
209 732 271 765 hic
295 732 416 765 lectus
442 732 580 775 cuique
615 730 764 764 domum
789 731 847 763 in-

116 778 233 813 tranti
258 778 409 824 signum
445 780 525 812 erat
550 777 756 822 coniugum
779 787 848 821 par

115 825 156 859 in
182 836 227 859 ea
242 825 434 868 habitar03
461 835 548 859 nam
564 824 724 858 muliere
749 835 847 858 mor-

114 875 179 906 tua
203 872 263 906 vel
286 875 372 916 post
388 871 588 906 divortium
616 882 699 905 cum
726 882 771 905 ea
795 871 848 905 fa-

114 921 215 954 otum
231 918 503 954 tollebatur.'—-
520 918 576 952 De
590 918 848 952 enuntiatione

115 966 357 1011 hypothetica
389 966 473 1000 sine
497 965 687 1010 particula
717 966 751 998 ει·
775 965 847 998 vid.

117 1021 234 1057 supra
264 1013 311 1047 ad
343 1023 378 1047 v.
414 1015 470 1047 36.
495 1031 540 1036 -
563 1013 604 1045 in
636 1012 750 1055 aula]
779 1013 847 1054 „in

115 1059 249 1094 atrio.“
275 1079 320 1085 —
343 1061 474 1094 melius
505 1060 560 1092 m’l
591 1059 727 1092 caelibe
749 1059 848 1103 vila]

117 1106 242 1149 „Adeo
259 1107 384 1142 solent
401 1107 660 1140 inconstantes
679 1116 765 1140 esse
782 1106 848 1140 ho-

115 1153 248 1196 mines,
265 1156 308 1188 ut
326 1153 392 1199 qui
406 1163 561 1188 uxorem
575 1153 724 1195 habeat,
741 1163 849 1197 prae-

114 1199 212 1234 ferat
229 1201 465 1243 caelibatum,
491 1201 638 1235 caelebs
656 1201 848 1234 matrimo-

115 1247 254 1281 nium.“
305 1247 381 1282 Cfr.
408 1247 484 1282 Cic.
518 1247 565 1282 ad
589 1247 665 1280 Att.
695 1249 757 1289 14,
794 1249 848 1288 13,

117 1294 151 1327 5.
185 1294 231 1328 de
265 1294 405 1334 Quinto
438 1294 577 1328 fratre:
618 1296 649 1327 Α
685 1295 849 1327 ducenda

115 1349 235 1374 uxore
252 1343 303 1374 sic
320 1343 500 1383 abhorret,
526 1343 567 1374 ul
587 1342 698 1374 libero
718 1341 849 1374 lectulo

117 1390 222 1428 macl
263 1397 336 1421 esse
377 1389 575 1429 quidquam
615 1388 847 1421 iucundius.“

119 1451 162 1457 —
182 1434 391 1477 benc-csse]
408 1434 496 1468 Vid.
513 1434 560 1468 ad
578 1433 647 1467 Od.
666 1437 699 1476 3,
718 1436 774 1477 16,
791 1436 849 1467 43.

116 1498 164 1505 —-
204 1481 361 1524 Protea]
413 1481 584 1515 Socrates
633 1481 673 1514 in
716 1481 848 1515 Orellii

117 1526 254 1572 Opusc.
280 1532 375 1563 seut.
400 1528 429 1562 L
447 1539 483 1572 p.
503 1530 567 1562 16:
590 1525 628 1561 Ὁ
651 1527 722 1571 μὲν
740 1528 850 1575 Πρω-

115 1573 201 1616 τεὺς
224 1574 272 1620 τῇ
303 1575 459 1622 μορφῇ,
495 1573 518 1608 ὁ
550 1574 591 1608 δὲ
623 1573 850 1618 ἀπαίδευτος

116 1620 165 1666 τῇ
187 1622 302 1668 ψυχῇ
320 1624 406 1669 παρ’
430 1618 598 1656 ἕκαστον
614 1619 848 1656 ἀλλοιοῦται.

115 1667 210 1702 Plat.
258 1669 465 1714 Euthyphr.
503 1681 539 1714 p.
560 1672 634 1703 ⁹15.
666 1670 736 1703 D.:
778 1667 849 1702 οὐκ

115 1711 283 1758 ἀφετέος
322 1714 378 1756 εἳ,
425 1713 562 1763 ὥσπερ·
597 1713 620 1749 ὁ
661 1713 848 1763 Πρωτεύς,

117 1764 204 1810 πρὶν
228 1758 278 1796 ἂν
302 1762 423 1808 εἴπῃς.
450 1763 556 1798 Gonf.
583 1763 657 1797 Sat.
676 1766 708 1806 2,
734 1766 767 1805 3,
794 1766 849 1798 71.

165 1811 309 1844 91-93.
349 1812 444 1852 Quid
478 1810 672 1853 pauper?]
709 1810 849 1853 „Quid,

118 1856 220 1900 quod
245 1857 304 1891 vel
319 1868 506 1901 pauperes
524 1857 627 1892 haud
651 1858 777 1891 minus
794 1859 851 1891 in·

118 1906 332 1938 constantes
367 1908 457 1938 sunt
489 1905 528 1938 in
562 1908 639 1938 toto
673 1905 769 1938 vitae
796 1908 850 1939 te-

118 1959 224 1991 nore,
250 1961 366 1994 quam
392 1951 599 1996 locupletes
609 1953 646 1984 ‘?“
676 1971 718 1974 —
745 1952 851 1995 Riae]

118 1995 240 2029 Prava
270 1997 346 2030 ista
378 1999 645 2042 pauperiorum
672 1998 851 2033 sedulitas

119 2042 161 2075 in
177 2043 357 2077 mutando
377 2054 523 2087 semper
540 2045 642 2078 victu
669 2045 852 2089 cultuque

122 2097 198 2122 uon
225 2089 306 2122 sine
339 2092 492 2134 propria
523 2091 695 2125 molestia
727 2092 852 2125 elabo-

121 2134 298 2177 rantium,
324 2146 409 2169 eum
426 2137 472 2170 ad
489 2138 601 2170 vitam
618 2138 849 2171 tolerandam

122 2181 233 2226 longe
258 2183 333 2216 alia
356 2183 403 2216 iis
427 2183 572 2227 agenda
597 2186 732 2226 essent,
758 2184 850 2217 ridi-

124 2228 220 2269 cula,
245 2232 288 2263 ut
313 2234 605 2264 consentaneum
632 2233 705 2272 est,
729 2231 849 2264 videri

123 2274 232 2309 debet
272 2276 447 2310 divitibus
489 2277 599 2311 etiam
640 2277 736 2319 illis,
785 2278 850 2322 qui

122 2322 306 2366 pecuniae
347 2333 437 2357 suae
484 2324 687 2358 illudentes
730 2335 850 2368 aeque

123 2368 381 2403 inconstanter
417 2371 559 2404 vivunt.
607 2370 674 2405 Est
709 2372 849 2416 igitur:

125 2415 200 2457 „Et
222 2420 284 2459 tu,
316 2416 530 2459 Maecenas,
564 2421 601 2452 et
635 2419 850 2463 quicunque

123 2461 216 2496 haec
242 2463 351 2508 leget,
375 2464 499 2506 habet,
526 2475 593 2498 cur
617 2465 760 2499 rideat“
781 2468 850 2499 cet.

124 2526 168 2532 —
192 2511 382 2554 cenacula]
407 2511 526 2546 Varro
544 2512 584 2545 L.
611 2512 651 2545 L.
666 2514 698 2546 5.
716 2524 751 2556 p.
773 2515 850 2546 162.

124 2554 261 2601 Speng.
279 2568 290 2590 t

897 731 1130 763 cenacula
1178 731 1286 763 dicta.
1350 729 1455 764 Talia
1500 731 1626 763 autem

897 778 1074 810 cenacula
1094 778 1287 810 meritoria
1309 775 1480 819 (Sueton.
1499 775 1628 810 Vitell.

897 824 945 866 7.)
960 823 1224 858 conducebant
1236 824 1408 858 homines
1422 824 1629 857 tenuiores.

898 890 941 894 -
963 871 1085 914 lectos]
1104 874 1142 905 et
1159 871 1324 905 cubiculi
1343 873 1380 905 et
1397 870 1565 904 triclinii.
1585 889 1628 894 --

897 918 1063 961 Balnea]
1090 918 1162 960 „In
1196 919 1267 951 hoc
1302 928 1454 962 quoque
1486 916 1631 951 vitiosi-

897 967 1010 999 tatem
1043 967 1157 1009 atque
1193 965 1486 999 inconstantiam
1523 974 1630 998 suam

895 1012 1090 1056 patefacit,
1117 1012 1218 1057 quod
1245 1012 1327 1046 sine
1353 1011 1490 1046 idonea
1516 1021 1631 1046 causa

896 1059 1005 1093 modo
1024 1060 1094 1101 his,
1119 1059 1228 1094 modo
1246 1059 1323 1093 illis
1347 1059 1467 1093 utitur
1484 1059 1631 1093 balneis

896 1107 1061 1151 publicis
1078 1117 1122 1140 ac
1140 1106 1373 1141 tonstrinis.“
1394 1125 1436 1130 -—
1455 1106 1631 1139 conducto

896 1153 1056 1196 naviqio]
1086 1153 1245 1196 „Navem
1271 1153 1463 1188 interdum
1489 1153 1630 1187 condu-

898 1201 960 1243 cit,
974 1201 1194 1245 locupletes,
1214 1201 1278 1245 qui
1293 1201 1466 1246 proprias
1480 1200 1632 1243 habent,

897 1247 937 1280 in
964 1258 1007 1282 eo
1034 1248 1165 1282 saltem
1185 1248 1455 1290 aemulaturus‚
1481 1250 1523 1281 ut
1549 1248 1631 1291 ipse

898 1305 1050 1339 quoque
1083 1296 1122 1327 in
1156 1296 1280 1328 locum
1313 1295 1478 1339 aliquem
1510 1305 1633 1330 amoe-

898 1352 1008 1383 num,
1042 1342 1161 1375 veluti
1186 1341 1317 1383 Baias,
1342 1342 1519 1383 vehatur,
1547 1352 1632 1375 cum

900 1398 943 1421 eo
977 1387 1101 1422 tamen
1139 1388 1396 1430 incommodo,
1435 1391 1478 1422 ut
1510 1399 1632 1434 aeque

898 1438 1011 1479 atque
1036 1435 1093 1468 illi
1120 1438 1286 1478 nauseet,
1311 1435 1467 1480 propria
1492 1435 1633 1480 signifi-

899 1483 1057 1523 catione,
1083 1482 1252 1527 ναυτιᾷν,
1276 1484 1503 1516 seekrank
1526 1485 1630 1517 sein.

897 1528 941 1562 In
979 1530 1080 1562 hunc
1118 1530 1288 1574 corporis
1321 1530 1509 1575 ingratum
1544 1530 1632 1565 affe·

898 1578 999 1609 ctum
1026 1576 1103 1610 exit
1127 1576 1277 1610 tandem
1302 1577 1455 1621 utrique
1482 1580 1632 1622 sperata

897 1623 1045 1657 itineris
1087 1624 1280 1667 voluptas,
1322 1625 1431 1658 cuius
1469 1628 1631 1669 uterque

897 1680 1019 1714 aequo
1036 1681 1121 1704 mox
1135 1671 1298 1705 afficitur
1315 1671 1503 1705 fastidio.“
1524 1671 1631 1705 Confi

898 1717 1010 1751 etiam
1027 1717 1223 1752 Plutarchi
1248 1718 1374 1752 locum
1391 1718 1512 1752 nostri
1531 1719 1633 1753 simi-

898 1764 991 1806 lem,
1026 1765 1099 1798 iam
1135 1777 1156 1799 a
1182 1764 1350 1809 Cruquio
1377 1765 1551 1808 allatum,
1585 1766 1632 1800 de

899 1811 1038 1855 Tranq.
1065 1812 1177 1846 animi
1207 1822 1237 1845 c.
1265 1815 1304 1846 3:
1340 1808 1470 1859 ὥσπερ
1495 1814 1535 1845 οἱ
1557 1811 1635 1845 δει-

899 1857 960 1891 λοὶ
986 1860 1052 1891 καὶ
1076 1859 1356 1901 ναυτιῶντες
1381 1859 1421 1892 ἐν
1447 1859 1499 1906 τῷ
1518 1859 1633 1900 πλεῖν,

899 1903 981 1938 εἶτα
1006 1903 1102 1952 ῥᾷον
1127 1903 1299 1949 οἰόμενοι
1316 1903 1471 1949 διάξειν,
1498 1905 1565 1940 ἑὰν
1582 1908 1635 1949 εἰς

900 1952 1042 1996 γαῦλον
1068 1953 1109 1995 ἐξ
1134 1951 1302 1990 ἀκάτου,
1335 1955 1403 1987 καὶ
1428 1950 1542 1987 πάλιν
1568 1952 1635 1987 ἐὰν

900 2001 954 2041 εἰς
979 1997 1115 2046 τριήρη
1148 2000 1387 2043 μεταβῶσιν,
1425 1999 1536 2034 οὐδὲν
1570 2012 1634 2035 πε-

902 2047 1096 2092 ραίνουσι,
1131 2046 1201 2091 τήν
1227 2045 1348 2091 χολὴν
1374 2050 1439 2081 καὶ
1464 2046 1534 2091 τὴν
1559 2048 1635 2081 δει-

901 2093 988 2126 λίαν
1015 2096 1377 2141 συμμεταφέροντες
1401 2095 1562 2136 ἑαυτοῖς.
1590 2114 1633 2119 —-

895 2140 1025 2182 priva]
1079 2141 1175 2182 „uni
1217 2142 1404 2184 propria.“
1466 2166 1483 2183 „
1500 2141 1634 2177 Privos

899 2186 1100 2230 privasque
1150 2187 1297 2232 antiqui
1348 2188 1524 2222 dicebant
1564 2199 1634 2233 pro

900 2233 1073 2277 singulis.
1099 2233 1154 2267 Ob
1183 2245 1295 2278 quam
1322 2245 1472 2269 causam
1498 2239 1535 2270 et
1555 2237 1634 2277 pri-

899 2282 987 2312 vata
1005 2279 1195 2323 dicuntur,
1214 2292 1311 2326 quae
1330 2282 1633 2327 uniuscuiusque

900 2329 1004 2369 sunt3
1045 2327 1136 2361 hinc
1173 2330 1210 2361 et
1243 2331 1511 2371 privileqium.“
1562 2331 1635 2363 FE-

900 2381 1002 2406 s'rus.
1053 2374 1127 2408 Cfr.
1155 2374 1229 2409 Sat.
1256 2378 1288 2418 2,
1315 2378 1348 2417 5,
1376 2380 1431 2410 11.
1458 2397 1500 2401 -—
1528 2379 1634 2411 trire-

898 2420 987 2463 mis]
1028 2431 1099 2465 pro
1141 2423 1308 2466 qualibet
1345 2434 1440 2458 nave
1477 2425 1633 2459 maiore.

900 2466 975 2501 Oic.
1002 2467 1110 2502 Verr.
1136 2469 1268 2503 Aecus.
1287 2472 1319 2513 5,
1340 2473 1394 2513 17,
1413 2473 1478 2505 44:
1504 2480 1634 2505 navem

899 2516 1068 2555 cybaeam
1085 2518 1296 2559 mammam,
1324 2519 1480 2551 triremis
1507 2520 1633 2561 instar,

355 2559 418 2591 Um·
468 2561 660 2601 cenabam,
715 2568 851 2593 cena·
895 2562 1181 2602 pulcherrimam
1214 2566 1322 2605 atque
1348 2567 1632 2598 ornatissimam.

125 2603 276 2636 culum
306 2606 524 2639 vocitabant.
543 2625 558 2632 -
575 2626 590 2632 -
607 2608 851 2648 Posteaquam
899 2607 1000 2642 Haec
1019 2611 1142 2643 autem
1155 2610 1353 2645 Horatium
1372 2622 1417 2645 ex
1434 2616 1540 2656 parte
1560 2612 1634 2646 sal-

124 2648 166 2680 in
182 2653 369 2691 superiore
398 2655 506 2693 parce
538 2655 696 2687 cenitare
730 2663 852 2698 coepe-

125 2698 229 2737 runt,
276 2700 475 2740 superioris
514 2702 639 2734 domm
679 2702 851 2735 universa

899 2657 973 2689 tem
991 2667 1013 2689 a
1030 2667 1069 2690 se
1087 2657 1375 2702 deprompsisse,
1393 2659 1631 2703 frequentem

899 2702 1139 2745 balneorum,
1164 2707 1358 2739 tonsorum
1383 2706 1630 2739 mutationem
