1774 2930
0 2558 25 2607 ‚fir
0 2549 2 2551 ’

667 151 763 188 LIB.
785 152 817 187 1.
864 151 1019 188 mem.
1041 151 1108 187 vl.

1557 154 1643 195 299

251 252 401 297 Tertia
429 253 659 297 succedant
688 258 733 296 et
762 267 872 310 quae
901 267 1001 310 pars
1032 252 1212 309 quadrat
1239 267 1452 296 acervum.
1585 254 1642 295 35

250 323 424 368 Scilicet
451 311 630 368 uxorem
661 339 758 367 cum
787 324 887 367 dote
916 323 1129 380 fidemque
1158 328 1203 366 et
1233 324 1392 367 amicos

248 393 308 437 Et
336 409 472 451 genus
503 399 547 438 et
576 395 756 439 formam
786 396 938 451 regina
964 395 1156 438 Pecunia
1185 394 1335 448 donat,

248 464 315 508 Ac
343 465 454 508 bene
484 470 750 508 nummatum
780 466 952 508 decorat
981 465 1170 508 Suadela
1198 465 1449 521 Venusque.

247 535 473 593 Mancipiis
503 537 694 593 locuples
726 542 825 593 eget
855 537 967 579 aeris
999 535 1302 592 Cappadocum
1333 549 1433 578 rex:

246 606 314 650 Ne
342 607 474 650 fueris
504 607 576 650 hic
604 613 663 649 tu.
716 607 974 664 Chlamydes
1002 607 1228 660 Lucullus,
1259 610 1307 649 ut
1335 607 1475 660 aiunt,
1577 607 1638 647 40

227 731 284 763 35.
308 732 466 771 quadrat
482 730 599 773 bScE,
624 732 689 766 alii
706 732 826 774 multi,
850 730 936 765 FO:
962 732 1117 772 quadret
1142 742 1179 775 p,
1204 730 1270 765 alii
1289 730 1458 773 Codices,
1481 729 1595 764 Bent-

180 775 291 818 leius,
313 776 362 811 Η.

131 874 296 911 fioribus
309 876 463 922 linguis.
477 878 653 924 Gai-gallo
665 890 673 912 :
687 879 723 912 ll
735 887 862 912 numer

130 923 165 955 ei
179 925 335 958 rotondi.
354 924 468 959 Voss:
485 927 616 959 Ranae
631 927 691 959 dir
707 927 863 959 tau-send

132 970 301 1013 Talenl'.)
326 990 370 996 —
392 972 520 1015 porro]
544 972 665 1018 Iunge
691 983 777 1006 cum
802 983 858 1006 vv.

132 1018 167 1049 et
183 1018 311 1060 terlia3
337 1029 425 1060 non,
450 1022 493 1052 ut
515 1019 647 1053 volunt
671 1019 749 1061 alii,
774 1030 860 1053 cum

130 1073 166 1097 v.
195 1065 327 1098 altera.
354 1084 398 1089 -
422 1066 638 1109 succedant]
674 1066 750 1109 „ad
785 1067 860 1101 duo

129 1109 263 1154 priora
278 1111 458 1156 paulatim
475 1113 688 1147 accedant.“
707 1133 753 1137 ——
770 1123 861 1155 qua-

130 1158 217 1191 drat
233 1160 418 1203 acervum]
444 1160 593 1202 „efficit,
618 1164 661 1194 ut
684 1164 860 1205 quattuor

130 1203 236 1238 milia
275 1206 417 1241 talenta
462 1208 634 1242 habeas.“
685 1209 861 1242 Ceterum

130 1261 167 1285 v.
189 1253 375 1292 quadrare
399 1265 484 1288 raro
509 1255 699 1299 propriam
725 1260 762 1289 et
785 1256 861 1300 pri-

132 1307 231 1332 mam
263 1300 575 1344 significationem
613 1306 757 1343 servat,
795 1302 861 1336 sed

132 1343 355 1390 plerumque
405 1349 601 1382 transitive
649 1354 706 1382 est
748 1352 862 1393 „apte

136 1391 344 1436 complere,
368 1393 595 1437 absolvere,“
622 1395 861 1430 intransitive

137 1447 379 1484 „congruere,
389 1443 601 1483 convenire,
611 1443 860 1477 consentire.“

134 1484 216 1519 Hoc
247 1486 399 1530 quidem
430 1488 514 1523 loco
547 1491 734 1530 quadrare
761 1490 862 1534 posi-

134 1533 216 1566 tum
239 1536 296 1567 est
319 1535 455 1568 callida
477 1538 650 1570 iunctura
665 1548 732 1581 per
756 1536 863 1570 ἀντί-

136 1578 245 1612 θεσιν
268 1590 354 1614 eum
377 1593 411 1615 v.
436 1585 647 1617 rotundare.

181 1627 303 1661 36-38.
325 1629 467 1663 Scilicet
484 1631 651 1673 uoeorem]
676 1630 753 1664 Iam
778 1631 859 1664 κατ’

133 1673 327 1719 εἰρωνείαν
339 1680 534 1711 enumerat
546 1678 749 1720 commoda,
762 1690 860 1723 quae

133 1722 296 1763 pecunia
317 1723 498 1766 praebere
524 1725 654 1759 soleat.
673 1744 715 1749 ·-
739 1726 859 1768 fidem]

133 1766 174 1800 in
191 1767 306 1803 rebus
321 1771 564 1813 pecuniariis,
583 1773 713 1806 Credit.
730 1772 858 1806 Iuven.

133 1815 168 1855 3,
186 1816 272 1848 143:
299 1817 482 1858 Quantum
505 1821 656 1860 quisque
670 1829 740 1853 sua
757 1829 860 1853 num-

133 1868 275 1895 morum
311 1868 433 1898 servat
474 1867 513 1898 in
553 1875 662 1908 arca,
704 1869 860 1900 Tantum

135 1908 240 1942 habet
274 1912 308 1943 et
339 1911 435 1952 fidei.
461 1932 502 1936 —
531 1914 651 1946 Genus
676 1918 799 1948 autem
826 1918 858 1948 et

133 1954 291 1995 sormam
321 1962 505 2001 praestat,
538 1963 725 2004 quatenus
757 1962 861 1995 locu·

133 2001 234 2044 ples,
271 2004 341 2036 etsi
377 2005 504 2039 infimo
541 2007 623 2040 loco
661 2011 767 2042 ortus
801 2009 859 2042 vel

136 2047 286 2082 sordido
310 2056 469 2093 quaestu
495 2053 761 2096 locupletatus,
788 2056 859 2088 etsi

136 2092 334 2138 deformis,
365 2097 510 2140 infans,
532 2100 775 2141 invenustus,
799 2112 860 2135 ae-

138 2151 211 2184 que
227 2144 350 2176 tamen
367 2154 390 2177 a
402 2146 509 2189 volgo
522 2147 729 2180 honoratur
746 2151 783 2180 et
800 2159 861 2181 su-

136 2188 293 2231 spicitur
309 2201 352 2224 ac
370 2191 402 2224 si
424 2203 642 2236 generosus,
667 2194 861 2238 eloquens,

135 2235 293 2278 pulcher
325 2241 439 2282 atque
472 2244 654 2274 venustus
681 2245 790 2274 esset.
816 2260 859 2264 —

134 2284 266 2323 noina
283 2285 459 2328 Pecum'a]
484 2285 540 2320 Ex
564 2288 636 2321 hoc
660 2292 698 2321 et
723 2287 862 2322 talibus

134 2328 229 2364 iocis
253 2330 450 2375 dmumpta
466 2333 654 2375 videntur,
678 2345 775 2379 quae
793 2335 862 2368 Ar-

134 2375 273 2411 nobius
290 2380 322 2420 4,
348 2381 382 2412 9.
407 2383 445 2413 et
458 2380 693 2426 Augustinus
718 2381 764 2415 de
783 2381 861 2415 Civ.

134 2422 181 2456 D.
205 2426 239 2465 4,
264 2426 319 2459 20.
352 2426 399 2460 de
425 2426 496 2461 dea
518 2427 685 2462 Pecunia
709 2429 762 2462 ita
786 2431 861 2462 tra-

135 2470 240 2512 dunt,
264 2482 309 2506 ac
333 2473 365 2506 si
390 2484 431 2507 re
448 2485 538 2509 vera
554 2475 693 2509 sacella
710 2476 862 2510 habuis-

135 2521 193 2552 set
216 2519 316 2562 apud
340 2519 540 2556 Romanos.
589 2522 730 2556 Verum
755 2521 862 2569 διαῤ-

134 2561 254 2610 ῥήδην
268 2566 436 2602 Iuvenal.
461 2571 493 2608 1,
518 2571 604 2603 113:
628 2572 775 2610 funesta
791 2572 860 2603 Pe—

136 2613 244 2645 cunia
259 2615 392 2655 templo
409 2617 579 2649 Nondum
594 2616 756 2668 laetatus,-
780 2619 861 2650 nul-

140 2658 194 2691 las
223 2667 454 2695 nummorum
485 2665 664 2697 ereximus
689 2673 787 2697 aras.
816 2684 858 2688 -

137 2703 283 2739 Dicitur
315 2710 439 2742 autem
463 2711 592 2751 reoina
618 2711 744 2745 eadem
770 2712 861 2745 ima-

909 878 1017 923 gine,
1050 889 1127 922 qua
1159 877 1262 922 apud
1288 878 1365 912 Cic.
1399 878 1444 912 de
1478 877 1582 912 Orat.
1608 881 1643 920 2,

910 927 967 967 44,
985 927 1064 959 187.
1091 934 1115 958 a
1141 926 1232 958 bono
1254 928 1366 967 poeta
1390 926 1489 958 dicta
1513 928 1563 958 est
1580 926 1644 967 tle-

907 974 1062 1006 oeam'ma
1094 975 1204 1014 atque
1238 973 1401 1006 omnium
1430 974 1559 1014 reoina
1585 980 1642 1006 re-

908 1028 992 1052 rum
1025 1021 1157 1053 oratio.
1192 1039 1234 1043 —
1270 1021 1357 1052 bene
1389 1019 1641 1062 nummatum]

910 1066 988 1101 Cic.
1014 1067 1060 1100 de
1086 1067 1168 1112 lege
1193 1077 1271 1112 agr.
1298 1068 1340 1108 2,
1365 1068 1431 1109 22,
1455 1069 1520 1101 59;
1553 1068 1645 1100 ado·

912 1115 1045 1147 lescen-5
1069 1123 1143 1147 non
1174 1116 1292 1147 minus
1318 1115 1407 1147 bene
1431 1117 1643 1147 nummatus

910 1170 1019 1202 quam
1044 1163 1131 1194 bene
1155 1162 1364 1203 capillatus.
1390 1180 1434 1184 —
1458 1161 1642 1205 Suadela]

909 1205 1058 1247 Πειθώ,
1091 1208 1214 1242 Ennio
1248 1210 1375 1242 Suada
1408 1207 1508 1250 (Cic.
1534 1209 1641 1242 Brut.

912 1258 967 1297 15,
993 1256 1085 1297 59.)‚
1115 1256 1363 1297 persuadendi
1386 1256 1457 1288 dea
1482 1255 1642 1294 Quintil.

912 1304 975 1344 10,
1003 1305 1041 1344 1,
1067 1304 1124 1335 82.
1150 1321 1194 1325 —-
1224 1302 1361 1344 Venus]
1392 1303 1455 1336 hic
1485 1314 1555 1347 pro
1582 1313 1642 1336 ve-

911 1352 1060 1383 nustate
1086 1353 1124 1383 et
1147 1349 1279 1394 gratia.
1316 1349 1416 1382 Plin.
1441 1350 1488 1382 H.
1512 1349 1556 1383 N.
1583 1351 1642 1392 35,

912 1399 968 1437 10,
994 1398 1057 1429 36:
1091 1397 1211 1429 deesse
1235 1397 1281 1429 iis
1306 1405 1419 1429 uuam
1443 1398 1551 1430 illam
1579 1398 1644 1431 Ve-

911 1451 1043 1485 ner-em,
1061 1452 1173 1484 quam
1187 1444 1321 1477 Graeci
1334 1440 1487 1490 Χάριτα
1498 1446 1640 1478 vocant.

958 1492 1077 1523 39-48.
1092 1491 1346 1532 Cappadocum
1357 1490 1439 1533 reat]
1450 1491 1533 1530 Quo
1547 1495 1642 1525 tem-

908 1548 1002 1581 pore
1026 1538 1118 1571 haec
1134 1537 1304 1582 Epistola
1325 1538 1466 1582 scripta
1489 1542 1558 1579 est.
1583 1549 1645 1573 re-

909 1584 1048 1629 gnabat
1064 1584 1232 1626 ultimus,
1256 1585 1477 1627 Archelaus,
1502 1597 1534 1619 a.
1553 1597 1588 1618 u.
1608 1596 1640 1620 c.

909 1633 1092 1665 718-771.
1140 1631 1219 1665 Iam
1252 1632 1297 1666 de
1324 1632 1405 1666 eius
1440 1632 1642 1667 decessore

907 1678 1164 1712 Ariobarzane
1183 1679 1315 1713 scribit
1333 1679 1466 1713 Cicero
1486 1681 1534 1721 (a.
1552 1691 1588 1713 u.
1608 1691 1639 1714 c.

910 1727 1004 1768 704.)
1030 1726 1077 1759 ad
1092 1726 1169 1759 Att.
1186 1728 1220 1767 6,
1247 1729 1279 1767 1,
1304 1729 1345 1759 4:
1371 1728 1473 1760 Nina
1499 1728 1563 1760 mo
1579 1736 1640 1761 re-

908 1782 977 1814 qno
1002 1775 1211 1814 spetialius,
1237 1775 1329 1806 nihil
1354 1783 1438 1815 reue
1464 1776 1639 1815 eventius.

906 1820 961 1853 Ib.
986 1820 1080 1864 Epp.
1107 1823 1147 1862 3,
1182 1823 1222 1853 5:
1255 1822 1538 1863 Ariobarzanes,
1572 1831 1641 1856 rex

903 1876 1129 1908 perpauper.
1180 1867 1250 1901 Cui
1276 1868 1427 1912 inopiae
1452 1869 1506 1901 ita
1530 1880 1639 1913 reges

908 1915 966 1948 illi
991 1915 1256 1954 medebantur,
1281 1918 1322 1948 ut
1349 1917 1532 1957 mancipia
1559 1927 1638 1956 sua,

908 1961 946 1994 id
972 1965 1039 2002 est,
1064 1962 1235 1996 homines
1260 1963 1391 2007 glebae
1417 1962 1639 2007 adscriptos,

908 2019 1042 2041 venum
1068 2009 1211 2043 darent.
1238 2009 1310 2043 Sed
1327 2009 1441 2043 rudes
1466 2010 1504 2043 hi
1531 2013 1640 2044 erant

909 2058 1021 2099 atque
1053 2057 1170 2099 pravi.
1219 2056 1456 2090 Demodocus
1490 2058 1529 2090 in
1562 2059 1640 2090 An-

909 2102 1000 2136 thol.
1025 2102 1103 2136 Pal.
1127 2103 1175 2135 11.
1201 2114 1236 2145 p.
1263 2105 1349 2137 387:
1383 2101 1639 2136 Καππαδόκαι

909 2148 1051 2189 φαῦλοι
1088 2150 1158 2190 μὲν
1198 2149 1268 2182 ἀεὶ·
1308 2147 1428 2193 ζώνης
1470 2150 1639 2195 (cinguli

910 2195 1095 2236 militaris)
1121 2195 1161 2228 δὲ
1178 2193 1368 2238 τυχόντες,
1395 2194 1639 2244 φαυλότεροι·

910 2241 1066 2288 κέρδους
1095 2242 1127 2274 δ’
1160 2242 1286 2276 εἵνεκα
1317 2242 1567 2284 φαυλότατοι.
1592 2264 1636 2270 -

908 2290 965 2322 hic
988 2289 1042 2331 tu]
1069 2290 1191 2331 „talis‚
1216 2291 1474 2325 huiuscemodi
1491 2293 1637 2327 homo¹‘.

910 2339 952 2370 ut
975 2336 1067 2380 Epp.
1095 2340 1134 2378 1,
1170 2340 1232 2379 15,
1258 2340 1321 2371 42:
1363 2340 1547 2376 Nimirum
1580 2341 1639 2373 llio

910 2392 974 2424 eoo
1005 2393 1096 2417 sum.
1148 2384 1235 2426 „Tu
1273 2386 1352 2419 noli
1385 2389 1459 2420 tam
1492 2398 1637 2431 pauper

909 2441 991 2464 esse
1024 2442 1137 2475 quam
1169 2431 1429 2476 Cappadocum
1462 2434 1637 2479 regulus3

909 2488 997 2522 ergo
1023 2479 1156 2522 quovis
1181 2479 1291 2513 modo
1309 2491 1387 2514 rem
1413 2491 1572 2525 quaere:
1600 2487 1637 2514 et

908 2524 1050 2558 bellum
1074 2526 1190 2560 habes
1215 2538 1327 2571 opum
1346 2528 1567 2572 exemplum,
1593 2527 1636 2561 L.

907 2571 1110 2606 Lucullum
1135 2573 1254 2607 dico.·‘
1275 2593 1318 2597 -—
1338 2576 1547 2615 Chtamydes
1566 2576 1636 2606 Lu-

908 2619 1026 2652 cultus
1051 2620 1136 2662 cet.]
1167 2620 1346 2664 Lepidam
1371 2622 1564 2655 historiam
1590 2632 1638 2655 ex

907 2665 1062 2699 Horatio
1087 2669 1223 2711 repetit
1240 2668 1467 2701 Plutarchus
1483 2668 1524 2701 in
1542 2668 1635 2702 Luc.

909 2714 985 2753 39.‚
1018 2714 1248 2755 chlamydum
1280 2717 1403 2748 tamen
1438 2726 1635 2749 numerum
