1774 2930
638 193 732 230 Ans
755 192 979 229 POETIGA.

1479 188 1567 231 485

168 298 351 355 Singula
381 310 575 354 quaeque
603 296 744 340 locum
773 297 950 338 teneant
979 293 1131 336 sortita
1159 291 1371 334 decenter.

169 369 388 412 Interdum
418 372 564 411 tamen
595 371 640 410 et
668 379 817 409 vocem
847 363 1067 407 comoedia
1095 362 1226 415 tollit,

170 440 395 496 Itatusque
426 438 634 481 Chremes
665 435 828 479 tumido
859 435 1054 490 delitigat
1084 447 1182 486 ore3

170 509 230 553 Et
258 510 446 566 tragicus
478 509 730 566 plerumque
761 506 877 549 dolet
908 519 1103 548 sermone
1135 503 1323 560 pedestri

1512 501 1570 543 95

173 580 391 637 Telephus
422 583 466 622 et
494 579 667 632 Peleus,
701 590 798 621 cum
828 590 991 634 pauper
1020 580 1064 619 et
1095 575 1218 617 exsul
1247 578 1426 629 uterque

149 711 207 744 92.
243 709 409 743 decenter
433 706 572 742 bSTEc
598 709 636 740 et
662 715 790 740 omnes
815 704 1053 739 Hochederi:
1091 705 1273 738 decentem
1296 703 1326 736 B
1352 705 1390 737 et
1414 701 1523 747 Regii

100 758 294 802 quinque,
320 767 365 790 ex
390 765 650 809 uno-suorum
674 753 836 797 aliisque
861 751 1057 786 Bentleius
1084 753 1121 785 et
1145 749 1194 785 M.
1221 769 1263 775 -—
1291 751 1347 785 95.
1373 751 1430 784 96.
1461 758 1524 791 pe-

101 805 222 838 destri.
246 804 421 845 Telephus
446 802 687 847 distinguunt
711 799 819 834 LCtF
844 801 881 833 et
904 799 1144 843 Peerlkamp.

51 919 98 955 in
122 931 272 956 scenam
297 918 457 965 produci
485 929 561 953 uon
585 918 716 962 possit.
743 935 786 940 —

49 969 209 1009 Stnqula
225 967 310 1011 cet.]
333 966 479 1000 Rursus
498 966 665 1000 inculcat
679 974 787 1008 prae-

57 1018 219 1059 ceptum,
244 1013 345 1059 quod
367 1014 468 1048 inest
491 1012 532 1046 in
558 1023 591 1046 v.
610 1014 667 1046 86.
693 1011 788 1054 „Lo-

51 1061 176 1104 oum,“
201 1061 343 1108 inquit,
368 1069 513 1104 „quem
537 1059 686 1104 singula
711 1068 789 1092 sor-

56 1109 138 1151 tita,
162 1118 232 1142 sua
254 1110 390 1142 natura
414 1108 525 1140 nacta
549 1108 639 1140 suut
664 1104 723 1139 vel
748 1104 788 1138 in

57 1153 251 1200 tragoedia
274 1153 334 1188 vel
362 1154 404 1187 iu
437 1152 648 1194 comoedia,
685 1155 790 1186 tene-

0 1200 2 1209 '
51 1204 123 1236 ant
162 1203 338 1243 decenter,
377 1197 608 1247 εὖπρεπῶς.“
658 1198 789 1233 Lectio

57 1259 264 1293 paucorum
282 1247 396 1282 Codd.
419 1249 603 1281 decentem
628 1249 710 1280 orta
734 1249 791 1280 est

52 1305 106 1329 ex
129 1294 467 1328 accommodatione
491 1294 540 1328 ad
562 1305 595 1327 v.
615 1295 743 1326 locum.

106 1389 164 1422 93.
205 1390 262 1422 94.
310 1388 499 1421 Interdum
539 1388 659 1420 tamen
699 1386 791 1429 cet.]

61 1433 201 1477 „Noli‚“
226 1434 366 1479 pergit,
393 1434 645 1476 „confundere
672 1444 794 1479 χαρα-

0 1477 9 1493 ;“
53 1481 183 1528 ’κτῆρα
221 1481 437 1526 tragoediae
478 1484 515 1514 et
554 1480 792 1522 comoediae3

0 1493 19 1574 J*
54 1539 285 1574 quamquam
306 1527 423 1572 probe
447 1527 547 1570 novi,
571 1528 666 1562 iram
682 1527 794 1561 alios-

0 1580 10 1625 }
55 1586 136 1620 -que
193 1575 489 1609 vehementiores
545 1585 792 1619 personarum

0 1629 13 1662 ξι
53 1622 289 1657 comicarum
321 1622 476 1656 affectus
508 1622 643 1666 partim
678 1621 794 1655 subli-

0 1668 6 1702 ²2
58 1669 197 1710 miore,
229 1669 366 1714 partim
396 1669 541 1703 acriore
573 1679 713 1714 genere
738 1668 794 1701 di-

0 1706 10 1746 ῗ
54 1715 171 1751 cendi
189 1716 451 1760 exprimendos
469 1726 564 1757 esse,
590 1726 703 1760 quam
727 1715 793 1749 ubi

0 1796 6 1800 .
59 1763 291 1808 tranquillus
307 1765 365 1798 est
388 1763 535 1796 animus
560 1773 701 1804 eorum,
727 1763 793 1807 qui

59 1809 101 1843 in
141 1820 255 1844 scena
301 1810 558 1855 comparent.“
586 1829 630 1833 —
654 1819 795 1843 vocem-

6 1860 34 1910 '1ss
55 1857 179 1900 toltit]
227 1856 351 1891 Huius
400 1857 577 1891 versiculi
625 1857 795 1891 meminit

60 1903 234 1938 Donatus
257 1903 304 1938 ad
330 1904 480 1938 Terent.
517 1903 677 1947 Adelph.
702 1906 735 1945 5,
761 1906 794 1946 3,

65 1951 109 1982 3:
133 1950 285 1982 Dum.
332 1952 379 1982 Ei
400 1952 499 1991 mihi,
524 1952 611 1991 quid
634 1952 795 1991 faciam?

59 1996 154 2036 quid
177 1997 310 2036 aqam?
336 1997 424 2036 quia
448 1997 601 2029 clamem
622 2000 687 2030 aut
711 2006 796 2037 que-

64 2043 158 2075 rar?
199 2043 229 2075 0
254 2043 414 2084 caelum,
440 2051 460 2075 ο
486 2046 603 2085 terra,
630 2052 650 2076 ο
675 2045 796 2076 maria

65 2089 243 2130 Neptuni!
303 2087 364 2122 Sic
410 2091 515 2132 pater
558 2089 796 2124 Caecilianus

65 2135 167 2180 apud
192 2134 267 2169 cio.
291 2146 360 2180 pro
387 2135 486 2169 Cael.
515 2138 570 2178 16,
595 2138 663 2170 37:
693 2138 798 2170 Nune

61 2183 162 2216 -em'm
197 2183 340 2216 demum
375 2183 464 2215 mihi
502 2184 648 2215 animus
684 2184 797 2225 ardet,

66 2237 162 2262 nune
186 2238 304 2262 meum
330 2238 392 2262 cor
421 2230 631 2263 cumulatur
654 2231 726 2263 ira.
753 2249 796 2254 —-

68 2294 113 2299 —
137 2278 334 2317 Iratusque
360 2276 536 2319 Chremes]
566 2276 632 2310 ille
657 2273 797 2310 Teren-

67 2322 194 2356 tianus
231 2322 431 2357 Heautont.
468 2324 509 2365 5,
535 2325 587 2365 4.,
623 2323 688 2357 ubi
725 2323 799 2358 ira-

62 2369 184 2403 scitur
202 2369 279 2404 filio
299 2369 519 2414 Clitiphonti
544 2372 697 2414 propter
722 2381 798 2406 me-

67 2416 217 2450 retricis
264 2427 428 2450 amorem
482 2417 592 2451 nimis
640 2417 798 2463 prodigo

68 2472 230 2507 eumque
254 2464 390 2497 acriter
415 2464 580 2508 castigat.
621 2464 696 2498 Ofr.
723 2464 798 2498 Sat.

40 2509 45 2512 '
70 2511 109 2551 1,
134 2512 176 2551 4,
200 2511 257 2543 48.
284 2529 327 2534 —
353 2512 488 2544 tumido
524 2511 600 2554 ore]
640 2511 797 2556 Proprie

63 2565 183 2590 sensu
222 2556 285 2590 hic
327 2557 516 2592 commode
556 2559 798 2602 interpretari

70 2611 283 2646 possumus.
327 2603 470 2638 Seneca
506 2604 552 2638 de
587 2605 651 2639 Ira
689 2607 728 2647 1,
767 2608 798 2646 1,

72 2649 121 2680 4:
169 2651 409 2684 Irascentium
433 2669 448 2676 -
472 2669 488 2676 -
513 2653 622 2693 foeda
652 2654 732 2685 visu
765 2655 798 2686 et

72 2694 255 2730 horrenda
293 2699 404 2739 facies
446 2700 726 2740 depravantium
761 2708 798 2732 se

66 2742 182 2781 atque
203 2743 522 2779 intumescentium.
571 2747 613 2788 2,
639 2748 682 2779 35
702 2757 710 2780 :
742 2748 797 2779 tu-

1546 853 1567 879 Ι-

836 919 997 950 meseunt
1038 924 1162 957 venae,
1204 916 1408 948 concutitur
1448 915 1574 948 crebro

835 965 967 1005 spiritu
989 965 1126 1004 peetus,
1153 963 1284 996 rabida
1309 963 1406 995 vocis
1431 962 1574 1003 eruptio

838 1011 933 1044 colla
970 1010 1151 1044 distendit.
1179 1028 1222 1033 —
1248 1008 1430 1052 delitigat]
1470 1007 1574 1042 Alibi

837 1057 1005 1091 nondum
1021 1059 1213 1100 repertum
1237 1066 1318 1090 esse
1336 1055 1485 1090 videtur
1502 1056 1573 1090 hoc

838 1104 1005 1138 verbum.
1051 1102 1181 1138 Simile
1207 1106 1265 1138 est
1289 1102 1395 1137 Ovid.
1411 1102 1498 1137 Met.
1517 1104 1573 1144 11,

839 1153 905 1186 331
923 1163 931 1185 :
955 1152 1235 1185 delamentatur.

887 1247 943 1278 95.
966 1247 1022 1278 96.
1049 1244 1224 1287 traaieus]
1249 1243 1347 1278 Male
1370 1244 1460 1278 olim
1477 1255 1574 1288 puu-

839 1295 898 1325 cto
931 1295 1018 1336 post
1049 1302 1082 1325 V.
1111 1293 1269 1334 pedestri
1300 1291 1424 1335 posito
1456 1292 1576 1336 expli-

840 1339 976 1373 cabant
1009 1338 1069 1372 vel
1107 1339 1303 1384 „tragicus
1339 1339 1474 1373 actor“
1515 1339 1576 1373 vel

842 1386 1030 1431 „tragicus
1045 1386 1244 1431 scriptor;“
1271 1385 1456 1419 artissime
1474 1386 1575 1420 enim

840 1433 1072 1478 iungendum
1110 1436 1167 1468 est
1200 1443 1284 1466 cum
1317 1433 1442 1467 verbis
1477 1434 1575 1467 Tele·-

837 1482 932 1521 phus
982 1483 1015 1513 et
1054 1481 1197 1522 Peleus,
1244 1490 1342 1524 quae
1391 1490 1575 1524 personae

842 1537 987 1571 semper
1013 1530 1102 1561 sunt
1127 1528 1302 1572 tragicae.
1351 1526 1415 1561 Sic
1440 1527 1574 1563 Cicero

840 1575 881 1607 in
906 1574 981 1607 Pis.
1008 1575 1065 1617 20,
1091 1576 1134 1607 47
1147 1585 1156 1607 :
1180 1576 1259 1616 Ερο
1284 1576 1318 1607 te
1334 1592 1350 1599 -
1368 1592 1383 1599 -
1399 1583 1475 1607 non
1499 1577 1575 1609 tra-

841 1623 919 1662 oico
966 1623 1032 1654 itte
1075 1623 1199 1655 Oreste
1247 1624 1312 1654 aut
1357 1622 1576 1656 Athamante

842 1670 1099 1702 dementiorem
1131 1670 1295 1716 putem?
1361 1668 1424 1702 Sic
1465 1670 1577 1704 etiam

842 1717 993 1749 comicos
1033 1716 1162 1749 stultos
1207 1724 1309 1749 senes
1350 1715 1444 1749 dixit
1484 1716 1575 1751 an-

842 1762 954 1796 cilius
991 1761 1131 1796 Statius
1168 1762 1268 1806 apud
1303 1762 1379 1796 Cic.
1411 1763 1457 1797 de
1489 1763 1575 1797 Seu.

845 1811 907 1851 11,
934 1811 1010 1852 36„
1046 1811 1221 1843 comicum
1252 1811 1440 1844 moecham
1462 1810 1576 1855 Prop.

843 1859 875 1898 5,
894 1858 926 1899 5,
943 1858 1000 1890 44.
1019 1876 1063 1880 —
1078 1858 1311 1900 plerumque]
1333 1858 1576 1902 „ubicunque

843 1903 1024 1937 eiusmodi
1050 1906 1195 1948 partes,
1228 1905 1360 1948 quales
1392 1907 1481 1938 sunt
1506 1905 1576 1939 Te-

842 1951 944 1994 lephi
963 1954 1045 1993 cet.,
1070 1951 1339 1985 inducuntur.“
1356 1971 1399 1975 —
1411 1961 1576 1986 sermone

839 1997 1022 2040 pedestri]
1059 1998 1111 2043 τῷ
1138 1998 1233 2043 πεζῷ
1258 1994 1377 2044 λόγῳ,
1415 1999 1576 2043 simplici

844 2047 956 2087 atque
982 2045 1134 2078 minime
1165 2043 1209 2077 τὸ
1239 2042 1344 2087 ὕψος
1367 2046 1576 2080 affectante.

843 2090 1006 2124 Demetr.
1047 2091 1152 2124 Phal.
1193 2093 1260 2125 28:
1306 2089 1463 2125 Ἁπλοῦν
1512 2095 1578 2126 καὶ

844 2134 1032 2179 ἀποίητον
1048 2134 1228 2176 βούλεται
1249 2136 1348 2171 εἶναι
1371 2137 1416 2172 τὸ
1441 2136 1578 2182 πάθος.

846 2203 889 2207 -
916 2184 1112 2227 Telephus]
1173 2184 1348 2230 Telephi,
1401 2186 1577 2223 Herculis

844 2231 914 2264 filii
947 2241 993 2264 ex
1021 2231 1129 2276 Auge
1153 2232 1257 2275 Alei,
1289 2231 1432 2277 Mysiae
1463 2235 1577 2280 regis,

845 2278 923 2311 filia
958 2278 1104 2312 fabulas
1142 2279 1223 2324 lege
1259 2280 1360 2324 apud
1395 2280 1506 2315 Diod.
1542 2284 1577 2324 4,

846 2327 902 2358 34.
942 2325 1079 2370 Hygin.
1104 2327 1247 2360 99-104.
1285 2327 1486 2372 Telephus,
1510 2329 1577 2373 qui

844 2371 1018 2406 miseriae
1054 2373 1240 2408 humanae
1273 2376 1485 2419 exemplum
1521 2379 1578 2410 est

847 2418 957 2452 etiam
990 2419 1089 2463 apud
1121 2421 1364 2466 philosophos
1398 2423 1484 2465 (vid.
1510 2423 1577 2468 Sy-

846 2467 993 2500 nesium
1024 2466 1170 2500 Narrat.
1193 2467 1284 2513 Aeg.
1314 2480 1351 2513 p.
1378 2471 1435 2503 31.
1484 2469 1578 2504 Kra-

845 2512 1019 2558 binger.),
1051 2515 1192 2559 tragice
1226 2517 1407 2550 tractatus
1440 2520 1498 2551 est
1529 2517 1577 2551 ab

845 2559 1042 2605 Aeschylo,
1060 2559 1256 2605 Sophocle,
1273 2562 1466 2607 Euripide,
1482 2563 1578 2608 Aga·

846 2607 972 2649 thone,
1003 2607 1138 2650 Ennio,
1163 2609 1300 2651 Accio;
1338 2609 1404 2643 sed
1440 2610 1502 2643 hic
1541 2613 1578 2644 et

845 2663 878 2686 v.
899 2656 976 2687 104.
992 2665 1172 2698 personas
1189 2656 1291 2700 ipsas
1315 2656 1441 2699 potius
1466 2668 1578 2701 quam

846 2703 966 2735 certas
1002 2702 1182 2748 quasdam
1218 2702 1364 2737 fabulas
1401 2705 1577 2749 respexit.

847 2747 921 2781 Ofr.
946 2747 1062 2792 Epod.
1091 2751 1146 2790 17,
1172 2751 1205 2783 8.
1233 2768 1275 2773 -
1303 2750 1443 2794 Peleus]
1478 2751 1576 2792 „Pe-
