1774 2930
152 157 157 160 ·
175 139 261 181 278

648 139 855 174 HORATII
878 140 1227 176 EPISTOLARUM

291 240 449 283 Militat
479 241 524 282 in
557 241 675 283 silvis
708 241 886 283 catulus.
932 241 1057 284 Nunc
1088 243 1242 286 adhibe
1273 258 1380 300 puro

293 311 474 354 Pectore
504 312 655 366 verba,
687 325 814 368 puer,
846 326 961 354 nunc
990 316 1034 355 te
1064 315 1312 357 melioribus
1344 314 1484 358 offers

295 381 390 431 Quo
423 383 556 425 semel
587 386 653 426 est
683 383 848 425 imbuta
877 397 1045 437 recens,
1079 385 1267 428 servabit
1297 385 1469 428 odorem

295 453 429 497 Testa
459 454 544 495 diu.
594 453 756 502 Quodsi
789 468 932 497 cessas
964 459 1037 497 aut
1069 459 1267 498 strenuus
1299 457 1456 510 anteis,

1553 457 1693 498 ⁶70

293 524 385 567 Nec
416 524 584 567 tardum
617 526 816 581 opperior
846 540 926 568 nec
955 526 1312 582 praecedentibus
1342 528 1468 569 insto.

176 641 251 675 quo
278 631 445 665 cuiusvis
463 632 615 676 generis
632 632 809 665 animalia
834 632 910 666 ale-

176 678 325 721 bantur,
352 688 465 713 canes
483 679 646 713 venatici
664 679 774 713 etiam
803 690 908 713 exer-

177 725 370 759 cebantur.
434 726 587 761 Gratius
631 726 770 772 Cyneg.
815 729 908 760 167:

174 775 245 807 Sed
267 781 441 815 praeceps
467 775 583 807 virtus
608 776 690 815 ipsa
714 775 909 807 venabitur

177 821 281 854 aula.
302 839 345 844 —
371 821 524 863 Militat]
554 821 674 863 „feras
702 822 907 864 sectatur;“

175 867 368 912 frequenti
403 869 680 912 comparatione
715 868 814 902 inter
848 879 909 903 ve-

176 915 366 949 nationem
394 919 432 949 et
454 915 640 950 militiam.
668 915 743 949 Cfr.
771 915 814 949 ad
834 916 909 950 Sat.

177 965 217 1005 2,
252 964 292 1005 2,
322 965 394 1005 10.‚
428 963 495 996 ubi
529 963 766 997 venationem
801 966 911 998 vocat

176 1011 386 1043 Romanam
411 1011 594 1044 militiam.
633 1010 737 1044 Ovid.
763 1010 849 1044 Met.
878 1013 910 1052 2,

176 1059 257 1091 415.
277 1057 322 1091 de
339 1058 549 1091 venatrice:
573 1059 679 1092 Miles
699 1061 778 1091 erat
795 1059 911 1091 Phoe-

178 1106 246 1138 bes.
277 1124 318 1128 ——
346 1105 626 1147 Nunc-mune]
662 1105 755 1138 Cum
791 1106 824 1138 vi
852 1116 910 1139 re-

177 1153 319 1196 petitur
334 1152 554 1186 adverbium
567 1163 748 1197 praesens
763 1155 910 1197 tempus

178 1200 379 1233 denotans:
415 1199 542 1242 „Noli,
569 1210 730 1244 quaeso,
756 1200 827 1233 hoc
853 1200 910 1232 in-

178 1251 327 1291 ceptum
347 1247 518 1281 differre:
543 1247 642 1292 fugit
664 1247 911 1291 irreparabile

177 1296 360 1339 tempus.“
406 1314 447 1318 —
492 1295 620 1328 adhibe
663 1294 748 1337 cet.]
793 1294 911 1337 „dum

178 1342 400 1376 adolescens
420 1352 471 1384 es,
498 1341 593 1375 liber
619 1341 742 1375 adhuc
760 1352 782 1375 a
798 1342 912 1384 vitiis,

179 1389 312 1423 libenti
330 1390 454 1423 animo
481 1389 687 1433 sapientiae
712 1391 913 1433 praecepta

178 1437 386 1471 ausculta.“
430 1437 556 1482 Imago
581 1437 776 1480 frequens,
802 1437 911 1470 etiam

179 1484 219 1517 in
246 1495 360 1528 prosa
394 1484 576 1518 oratione.
628 1483 704 1517 Cic.
730 1484 776 1518 de
801 1483 911 1517 Finn.

180 1533 220 1573 3,
248 1534 288 1570 2,
315 1534 355 1565 9:
390 1533 591 1565 combibere
625 1534 734 1565 artes.
785 1531 852 1565 Od.
881 1534 912 1573 2,

182 1581 236 1621 13,
263 1582 325 1612 31:
352 1581 499 1620 manas
517 1582 549 1612 et
573 1582 718 1613 exactos
736 1581 912 1620 tyrannos

178 1628 340 1659 Densum
366 1626 525 1659 humeris
551 1627 637 1659 bibit
664 1635 754 1659 aure
771 1628 911 1667 volqus.

180 1672 270 1708 Stat.
291 1673 378 1707 Silv.
398 1675 430 1715 5,
456 1675 488 1715 2,
507 1676 570 1707 58:
598 1675 686 1707 Bibe
712 1675 805 1706 talia
828 1682 913 1715 pro-

178 1723 234 1753 nis
259 1722 427 1754 Auribus.
456 1740 498 1744 ——
522 1721 636 1763 puer]
675 1721 791 1762 „dum
818 1732 912 1764 puer

179 1770 252 1801 es.“
306 1767 374 1801 Od.
401 1772 440 1806 4.
470 1771 499 1810 l,
530 1770 582 1801 15.
633 1768 772 1801 Fabius
798 1768 912 1801 Maxi-

178 1826 262 1848 mus
289 1819 431 1848 centum
454 1824 548 1856 puer
583 1817 719 1848 artium
745 1818 911 1848 vocatur.

179 1862 239 1896 Sic
266 1863 366 1896 enim
385 1860 690 1908 ὑποκοριστικῶς
714 1873 736 1895 a
753 1861 911 1895 familia-

178 1910 284 1943 ribus
322 1910 611 1953 appellabantur
653 1908 911 1943 adolescentes

178 1956 260 1990 XX.
289 1959 325 1989 ct
349 1957 478 2001 plures
505 1967 623 1990 annos
650 1957 740 1990 nati.
769 1975 810 1979 —
838 1965 911 1989 me-

180 2004 352 2047 lioribus]
389 2015 577 2048 „quorum
603 2003 843 2048 prudentiam
870 2014 912 2037 ac

178 2052 335 2085 virtutes
361 2055 402 2085 tu
429 2052 527 2085 ultro
559 2052 766 2096 agnoscis.“
817 2050 911 2095 Epp.

181 2102 212 2141 1,
242 2103 271 2138 1,
299 2102 362 2132 48:
392 2100 537 2132 meliori
561 2101 708 2132 credere
734 2107 808 2131 non
832 2099 912 2131 vis?

181 2166 222 2170 —
250 2147 361 2188 offer!
393 2146 528 2191 „Roga
554 2157 637 2187 eos,
673 2148 715 2179 ut
740 2148 776 2179 te
803 2146 912 2179 doce-

178 2198 261 2234 ant,
297 2194 374 2228 noli
401 2197 632 2238 exspectare,
658 2193 745 2227 dum
771 2196 807 2227 te
835 2204 911 2227 mo-

179 2242 327 2275 neant.“
366 2241 508 2276 SCHOL.
545 2241 748 2284 „Libenter
772 2241 912 2275 talibus

179 2292 215 2322 te
242 2289 368 2330 trade,
403 2292 444 2322 ut
471 2300 595 2323 veram
630 2289 850 2332 sapientiam
876 2291 912 2321 te

179 2335 339 2369 doceant
357 2339 394 2370 et
411 2337 457 2369 ad
470 2336 648 2370 virtutem
667 2336 910 2380 perducantf‘

227 2386 287 2416 69-
291 2386 346 2416 71.
381 2385 520 2416 imbuta
545 2383 690 2425 recens]
710 2383 912 2436 Frequens

180 2430 312 2484 imago.
339 2430 448 2464 Philo
468 2430 576 2470 Quod
601 2431 697 2464 liber
710 2421 783 2471 sit,
796 2430 912 2485 quis-

181 2477 265 2521 quis
294 2478 420 2510 virtuti
449 2478 576 2511 studet
600 2490 634 2521 p.
662 2480 749 2511 671:
784 2472 913 2524 ὥσπερ

830 2669 1039 2674 ἱ

958 628 1031 679 γάρ
1050 643 1149 673 φασι
1163 630 1208 665 τὰ
1225 630 1318 666 κενὰ
1330 632 1404 667 τῶν
1416 630 1580 678 ἀγγείων
1597 644 1694 666 ανα-

959 681 1090 735 φέρειν
1122 677 1191 722 τὰς
1224 680 1298 713 τῶν
1331 680 1480 736 πρῶτον
1511 682 1565 722 εἰς
1594 678 1695 714 αὐτὰ

959 726 1198 772 ἐγχυθέντων
1235 724 1382 771 ὀσμάς,
1419 723 1520 761 οὕτω
1553 729 1621 761 καὶ
1651 728 1696 761 αἱ

959 774 1034 807 τῶν
1051 775 1147 808 νέων
1164 777 1305 817 ψυχαί.
1322 775 1479 810 Hieron.
1498 774 1615 819 Epist.
1635 777 1692 808 10.

959 824 1071 855 extr.:
1103 823 1260 856 Etiamsi
1283 832 1385 864 aqua
1406 824 1521 865 plena
1543 823 1609 864 sit,
1636 825 1692 855 ta-

958 878 1040 902 men
1065 871 1218 903 eundem
1235 871 1383 903 odorem
1403 871 1536 911 lamma
1559 872 1692 911 servat,

959 925 1047 958 quo,
1081 919 1166 950 dum
1191 919 1294 951 rudis
1320 919 1428 960 esset,
1465 918 1605 950 imbuta
1630 919 1692 950 ent.

960 983 1003 987 —
1030 964 1157 1007 Testa]
1193 964 1310 999 cadus
1335 965 1395 998 vel
1420 965 1618 1009 amphora3
1645 964 1691 998 de

960 1012 1104 1045 concha
1131 1011 1400 1057 unguentaria,
1435 1022 1532 1056 quae
1557 1011 1693 1046 fictiles

960 1069 1035 1092 non
1063 1061 1189 1100 erant,
1224 1059 1290 1093 sed
1317 1070 1362 1093 ex
1387 1059 1552 1104 onyche,
1582 1058 1693 1101 vitro,

960 1116 1052 1139 auro
1071 1109 1273 1151 argentove
1292 1105 1445 1149 fiebant,
1462 1106 1578 1140 nolim
1595 1105 1694 1140 acci-

959 1163 1060 1197 pere.
1077 1172 1126 1177 --
1144 1155 1280 1195 Quodsi
1304 1162 1420 1187 cessas
1442 1153 1527 1196 cet.]
1551 1152 1602 1186 Ut
1617 1153 1691 1186 iam

960 1200 1104 1244 aliquot
1122 1200 1255 1235 Satiris
1273 1203 1311 1235 et
1327 1201 1471 1245 primae
1487 1200 1693 1245 Epistolae,

962 1247 1016 1281 sic
1050 1248 1162 1282 etiam
1194 1247 1285 1282 huic
1319 1246 1422 1294 παρὰ
1455 1247 1691 1294 προσδοκίαν

960 1294 1073 1328 finem
1098 1295 1269 1340 imponit.
1304 1294 1520 1329 Sententiae
1546 1294 1602 1329 sic
1627 1305 1694 1329 ne-

961 1345 1134 1375 ctuntur:
1178 1341 1382 1386 „Ceterum
1414 1344 1600 1376 memento
1633 1351 1693 1376 me

963 1389 1088 1423 omnia
1104 1390 1197 1424 haec
1213 1392 1415 1434 praecepta
1440 1389 1510 1423 tibi
1527 1392 1594 1423 tua
1610 1392 1692 1423 tan-

962 1439 1041 1470 tum
1079 1437 1201 1482 gratia
1233 1437 1453 1479 tradidisse3
1492 1436 1696 1471 consilium

962 1495 1086 1518 meum
1112 1485 1247 1527 habes3
1281 1495 1384 1518 nunc
1414 1486 1455 1518 tu
1480 1484 1560 1526 fac,
1593 1482 1695 1528 quod

963 1532 1031 1565 tibi
1055 1532 1198 1576 placet:
1232 1532 1263 1565 si
1288 1531 1486 1577 negligens
1512 1531 1604 1573 eris,
1630 1533 1697 1564 tua

962 1590 1022 1613 res
1039 1582 1192 1624 agetur-3
1219 1579 1279 1613 sin
1296 1582 1450 1623 propter
1467 1578 1695 1613 acerrimum

963 1626 1129 1660 studium
1147 1626 1252 1660 velut
1268 1627 1399 1671 auriga
1423 1627 1463 1660 in
1490 1625 1695 1660 certamine

963 1684 1021 1707 me
1057 1673 1330 1717 praecesseris,
1372 1675 1519 1718 gratum
1560 1672 1695 1716 utique

961 1721 1051 1754 mihi
1078 1721 1168 1763 erit3
1203 1731 1271 1765 ego
1297 1722 1440 1762 tamen,
1466 1719 1529 1754 cui
1556 1722 1694 1753 certam

962 1767 1149 1812 quandam
1198 1767 1294 1801 viam
1338 1777 1381 1800 ac
1428 1766 1612 1801 rationem
1653 1765 1694 1800 in

962 1815 1062 1848 omni
1105 1825 1187 1848 mea
1232 1814 1310 1848 vita
1356 1814 1524 1859 regenda
1554 1816 1695 1847 tenere

961 1861 1196 1906 propositum
1234 1865 1309 1903 est,
1347 1872 1544 1906 nunquam
1577 1860 1696 1909 negli-

962 1909 1110 1954 gentior
1146 1909 1229 1943 fiam
1263 1911 1484 1952 propterea,
1523 1908 1623 1952 quod
1659 1910 1694 1941 te

961 1956 1102 1990 aliosve
1128 1955 1280 1990 differre
1299 1959 1412 2000 atque
1438 1956 1610 1990 omittere
1633 1965 1695 1988 ve-

961 2014 1025 2037 rae
1051 2003 1257 2047 sapientiae
1284 2003 1408 2037 studia
1432 2002 1597 2044 videam,
1629 2012 1695 2035 ne-

962 2062 1036 2095 que
1062 2051 1145 2084 ideo
1173 2050 1274 2094 quod
1299 2051 1365 2085 alii
1391 2050 1507 2084 nimio
1533 2049 1692 2084 fortasse

961 2099 1097 2132 mentis
1135 2098 1283 2132 fervore
1316 2098 1357 2131 in
1392 2109 1437 2132 ea
1469 2096 1695 2131 incumbunt

963 2145 1088 2186 (ultra
1123 2154 1234 2186 quam
1266 2147 1357 2179 satis
1391 2147 1441 2178 est
1465 2146 1638 2178 virtutem
1661 2144 1695 2176 si

958 2195 1062 2234 petat
1099 2194 1217 2234 ipsam
1253 2192 1402 2237 aliquis.
1449 2191 1544 2236 Epp.
1584 2193 1621 2233 1,
1661 2192 1695 2232 6,

965 2240 1034 2282 16.)
1060 2241 1197 2285 magis,
1231 2251 1341 2284 quam
1369 2240 1464 2273 ratio
1490 2239 1581 2272 mihi
1608 2248 1693 2272 sua-

962 2288 1035 2330 det,
1060 2287 1160 2321 vires
1179 2297 1279 2321 meas
1304 2287 1528 2320 contendam
1546 2296 1589 2320 ac
1606 2295 1694 2329 pro-

961 2338 1045 2379 pter
1094 2335 1166 2368 hoc
1216 2333 1445 2368 conficiam.“
1509 2332 1691 2367 Consulto

962 2385 1106 2424 autem,
1137 2392 1212 2426 quo
1239 2381 1358 2415 omnis
1385 2380 1528 2414 offensa
1552 2379 1694 2413 devite-

963 2433 1036 2469 tur,
1050 2430 1351 2470 praecedentibus
1369 2427 1471 2470 dicit,
1490 2438 1567 2461 non
1583 2435 1693 2468 prae—

962 2478 1110 2510 cedenti.
