1774 2930
677 158 773 193 Lm.
796 158 828 192 Ι.
875 155 1028 193 mus‘r.
1050 155 1117 190 IV.

139 261 327 297 Obbario:
369 260 636 305 „Quocunque
671 259 771 293 inter
806 268 872 292 vos

138 309 262 345 affecti
292 309 384 344 estis
414 308 559 350 animo,
596 317 664 352 ego
696 317 760 340 vos
791 315 871 339 mu-

138 358 204 391 tuo
227 356 362 402 dignos
385 365 512 390 amore
537 355 786 399 (quapropter
810 363 872 386 ve-

1567 153 1653 195 285

919 260 1039 292 strum
1087 256 1128 290 in
1167 255 1327 300 gratiam
1373 253 1536 289 reditum
1576 264 1654 287 ma-

919 314 1085 386 ξιιιζξιὲῐθ
1111 302 1268 347 exopto)
1302 312 1426 336 amare
1451 311 1527 335 non
1554 300 1653 335 desi-

679 550 1016 595 EPISTOLA
1044 551 1136 594 1v.

255 637 372 691 Albi,
403 639 644 679 nostrorum
678 648 919 677 sermonum
952 632 1129 694 candide
1161 632 1311 685 iudeX,

257 707 370 756 Quid
400 722 512 749 nunc
543 701 586 749 te
617 701 755 748 dicam
786 704 927 746 facere
958 704 1003 744 in
1033 703 1210 758 regione
1240 701 1448 745 Pedana?

257 778 452 821 Scribere
485 777 598 834 quod
629 776 752 819 Cassi
782 774 1029 817 Parmensis
1061 774 1269 830 opuscula
1299 774 1460 826 vincat,

182 885 246 918 IV.
284 886 318 918 1.
355 881 578 929 Epistolium
610 883 790 927 scriptum
821 881 868 915 ad

135 931 290 966 Albium
326 931 539 971 Tibullum,
587 931 735 974 poetam
785 939 870 963 sua-

125 978 332 1014 *vissimum
340 979 490 1024 ipsique
499 977 765 1012 amicissimum
775 975 868 1018 (Otr.

136 1024 206 1060 od.
225 1029 257 1069 1,
274 1026 360 1069 33.)‚
384 1025 451 1070 qui
475 1027 587 1059 natus
605 1023 756 1058 circiter
781 1033 813 1056 a.
831 1034 868 1055 u.

136 1083 169 1107 ο.
187 1074 268 1117 709.
285 1074 456 1107 mortuus
481 1075 540 1106 est
564 1081 596 1105 a.
615 1072 695 1105 735.
721 1073 787 1104 aut
812 1079 870 1103 se-

136 1116 286 1165 quente.
337 1119 478 1154 Satiras
503 1121 627 1152 autem
653 1119 744 1160 (hae
770 1117 869 1151 enim

136 1167 237 1202 solae
269 1167 333 1200 hic
365 1165 644 1212 significantur,
678 1175 754 1198 non
780 1175 868 1198 vero

136 1214 250 1248 etiam
261 1213 465 1259 Epistulae,
478 1216 522 1246 ut
533 1215 638 1246 ratus
652 1215 708 1246 est
720 1211 869 1246 Franke

118 1295 122 1298 ,
135 1261 177 1294 1³⁸.
189 1261 237 1294 H.
250 1272 286 1307 p.
297 1260 371 1303 70.)
388 1261 567 1294 Horatius
582 1259 734 1303 scripsit
747 1269 869 1302 usque

136 1307 184 1342 ad
205 1319 238 1342 a.
255 1319 292 1341 u.
310 1317 342 1341 c.
359 1309 460 1350 727.;
484 1308 558 1340 iam
584 1317 668 1340 cum
693 1304 870 1350 permulti

137 1354 220 1388 eius
237 1355 505 1389 obtrectatores
523 1357 635 1397 atque
660 1353 777 1385 invidi
795 1362 870 1385 ma-

136 1401 238 1446 ligne
271 1401 319 1435 de
350 1401 399 1435 iis
431 1400 662 1441 iudicarent,
696 1399 871 1432 Tibullus

138 1449 345 1491 candidum,
367 1447 408 1482 id
433 1450 501 1488 est,
526 1447 716 1491 integrum
741 1456 785 1479 ac
810 1456 871 1479 ve-

137 1505 222 1528 rum
245 1495 428 1529 iudicium
454 1494 500 1528 de
525 1494 659 1528 iisdem
687 1493 787 1527 inter
811 1493 870 1526 iu-

137 1542 264 1576 niores
290 1552 377 1576 suos
402 1541 560 1583 amicos,
593 1540 796 1584 imprimis,
829 1543 871 1573 ut

136 1589 311 1631 arbitror,
351 1589 452 1634 apud
490 1588 676 1622 fautorem
712 1587 868 1621 Messal-

136 1636 229 1679 lam,
257 1635 420 1679 fecerat;
452 1635 507 1669 sic
531 1635 596 1669 ille
621 1637 730 1679 poeta
756 1638 868 1667 notus

134 1683 315 1728 primum,
348 1682 485 1717 deinde
517 1682 715 1716 familiaris
746 1681 868 1715 factus

135 1739 219 1764 esse
241 1729 390 1764 videtur
412 1729 593 1764 Horatio„
628 1729 753 1774 Atque
783 1738 870 1772 pro-

134 1779 219 1821 pter
234 1776 332 1811 hanc
347 1778 467 1822 ipsam
490 1777 689 1811 satirarum
712 1776 870 1809 mentio-

135 1834 222 1858 nem
237 1824 473 1869 probabilius
491 1826 548 1858 est
562 1823 675 1868 paulo
689 1826 776 1867 post
788 1833 869 1857 eas-

136 1871 220 1904 dem
246 1870 366 1905 editas
395 1871 495 1905 hanc
520 1870 760 1915 compositam
786 1881 868 1904 esse

137 1918 344 1962 epistolam,
378 1918 418 1951 id
443 1922 501 1952 est
524 1929 556 1951 a.
583 1929 619 1951 u.
646 1929 678 1951 c.
704 1919 784 1951 728.
810 1918 868 1951 vel

137 1967 231 2005 729„
256 1975 379 2009 quam,
404 1967 447 1998 ut
471 1965 536 1998 alii
561 1965 704 2006 volunt,
729 1975 762 1998 a.
788 1966 868 1997 733.

136 2012 196 2044 vel
222 2012 302 2044 ⁷34.
320 2030 365 2035 -
383 2011 549 2054 candiae]
574 2011 734 2045 martial.
757 2015 790 2053 4,
810 2013 865 2050 87,

138 2059 171 2090 4.
205 2057 252 2090 de
288 2056 500 2101 Apollinari
545 2058 665 2091 amico
710 2058 868 2091 critico:

138 2104 203 2137 Nil
235 2106 399 2137 exactius
425 2106 674 2144 eruditiusque
707 2108 775 2145 est,
808 2106 870 2136 sed

138 2158 204 2183 nec
239 2151 488 2183 candidius
529 2152 799 2190 bem‘aniusque.
826 2169 869 2174 —

137 2197 265 2239 itidem]
287 2195 534 2241 Nequaquam
564 2196 659 2230 illud
685 2197 796 2237 dicit,
831 2207 871 2230 se

140 2243 283 2277 Tibulli
307 2243 447 2277 iudicio
470 2243 713 2287 supposuisse
732 2254 872 2277 sermo-

139 2301 227 2333 nes,
259 2301 334 2334 quo
359 2290 481 2324 critici
506 2293 631 2334 partes
657 2290 870 2334 suscipiens

139 2338 229 2371 vitia
260 2347 391 2371 eorum
423 2340 572 2371 notaret
595 2341 650 2379 et,
685 2337 870 2381 quomodo

139 2384 362 2429 corrigenda
374 2388 512 2426 essent,
530 2384 731 2418 consilium
749 2384 870 2418 daret:

140 2431 242 2475 quod
260 2431 325 2475 qui
344 2434 526 2473 statuunt,
547 2431 691 2465 Tibulli
708 2431 871 2464 indolem

138 2478 292 2512 minime
317 2481 467 2512 norunt.
509 2478 692 2512 Horatius
718 2478 870 2512 circiter

140 2525 462 2570 quadragenarius
494 2525 644 2569 scripsit
668 2525 715 2559 ad
742 2525 872 2558 Tibul-

138 2571 220 2605 lum
255 2583 375 2606 annos
412 2571 567 2606 XXVII.
604 2573 663 2605 vel
699 2571 872 2605 XXVIII.

139 2621 286 2660 natum,
323 2619 389 2663 qui
426 2619 556 2653 eodem
594 2619 742 2652 demum
781 2622 871 2653 tem·

140 2674 251 2708 pore,
287 2664 491 2700 Octaviano
528 2667 602 2700 iam
631 2667 798 2707 principe
836 2668 873 2699 et

141 2711 301 2751 Ailou-310
333 2713 521 2757 appellato
560 2714 616 2755 (a.
641 2724 679 2747 u.
704 2724 735 2747 c.
761 2713 871 2755 727.),

915 883 1104 924 tamquam
1129 881 1241 924 posta
1269 878 1518 924 popularibus
1545 878 1655 911 inno-

917 929 1051 961 tuerat.
1100 925 1228 969 (Ovid.
1255 925 1367 960 Trist.
1393 927 1427 967 2,
1452 927 1540 959 463:
1568 925 1654 967 leoi-

918 977 1048 1015 lurque
1073 974 1235 1007 Tibullus
1259 975 1306 1006 El
1337 974 1479 1014 placet,
1513 975 1547 1006 et
1580 974 1656 1005 iam

918 1024 951 1054 te
972 1022 1136 1063 principe
1161 1023 1266 1054 nolus
1292 1020 1400 1062 παι.)

966 1070 998 1101 2.
1025 1070 1058 1102 3.
1097 1069 1196 1110 Quid
1220 1076 1318 1101 nunc
1348 1070 1381 1100 le
1402 1066 1500 1110 ·cet.]
1532 1066 1654 1100 Amici

918 1126 1057 1150 memor
1081 1116 1179 1149 vitae
1204 1114 1288 1149 eius
1314 1114 1502 1156 habitum,
1541 1124 1655 1158 quem

917 1163 1036 1207 probe
1062 1166 1192 1203 norat,
1225 1173 1302 1195 una
1327 1162 1399 1195 sibi
1423 1162 1463 1195 in
1490 1163 1654 1195 mentem

919 1212 1087 1244 revocat:
1107 1209 1228 1251 „Quid
1246 1208 1368 1242 dicam
1387 1219 1543 1250 mecum,
1562 1207 1655 1252 quid

918 1257 1078 1302 cogitem
1104 1266 1207 1290 nunc
1233 1258 1270 1290 te
1295 1256 1445 1290 facere?
1477 1255 1587 1297 Sane,
1612 1258 1655 1288 ut

919 1305 1037 1346 soles,
1061 1303 1171 1337 modo
1196 1303 1301 1348 poesi
1326 1302 1515 1344 studebis,
1545 1302 1655 1336 modo

919 1351 1159 1394 sapientiae.“
1180 1369 1223 1373 —
1252 1352 1288 1383 iu
1312 1351 1460 1391 rem'one
1485 1349 1655 1393 Pedana]

917 1397 1063 1431 Pedum
1085 1397 1212 1440 (hodie
1228 1397 1426 1438 zoom-ola,
1443 1396 1655 1430 secundum

918 1444 1013 1479 alios
1031 1444 1254 1486 Gallicano),
1280 1443 1459 1488 oppidum
1475 1443 1576 1477 inter
1594 1443 1656 1477 Ti-

919 1491 1003 1534 bur,
1036 1492 1253 1534 Praeneste,
1286 1491 1494 1525 Tusculum
1521 1493 1558 1524 et
1580 1490 1655 1524 Ro-

919 1549 1035 1580 mam,
1072 1550 1189 1583 prope
1226 1538 1328 1583 quod
1365 1541 1474 1572 erant
1510 1537 1655 1571 Tibulli

916 1586 1073 1630 praedia
1096 1588 1255 1629 paterna
1280 1588 1317 1618 et
1349 1586 1458 1619 avita.
1483 1604 1526 1608 —-
1555 1586 1656 1618 cassi

917 1634 1142 1675 Parmensis]
1171 1633 1265 1674 „Hic
1282 1632 1429 1676 aliquot
1450 1632 1654 1677 generibus

917 1681 1045 1714 stilum
1069 1681 1256 1714 exercuit:
1281 1680 1381 1713 inter
1411 1689 1508 1724 quae
1541 1690 1655 1723 opera

917 1728 1083 1772 elegiaca
1107 1730 1145 1761 et
1169 1727 1436 1772 epigrammata
1461 1726 1543 1760 eius
1573 1726 1655 1760 lau-

917 1774 1066 1808 dantur.
1115 1774 1186 1808 Hic
1212 1778 1286 1816 est,
1317 1774 1386 1818 qui
1417 1774 1457 1807 in
1482 1773 1654 1817 partibus

918 1821 1023 1855 Cassi
1057 1824 1095 1855 et
1129 1822 1239 1855 Bruti
1276 1821 1455 1855 tribunus
1492 1821 1654 1854 militum

918 1879 1003 1902 cum
1027 1869 1182 1902 Horatio
1207 1869 1400 1909 militavit,
1434 1868 1574 1912 quibus
1599 1867 1655 1901 vi-

918 1916 988 1949 ctis
1012 1916 1180 1949 Athenas
1213 1927 1253 1949 se
1286 1915 1458 1949 contulit.
1508 1915 1552 1954 Q.
1578 1914 1654 1948 Va-

918 1974 984 1997 rus
1016 1963 1064 1997 ab
1098 1964 1266 2008 Augusto
1300 1963 1457 2003 missus,
1490 1966 1534 1995 ut
1567 1973 1653 1995 eum

917 2010 1161 2051 interficeret,
1187 2009 1401 2043 studentem
1424 2009 1594 2053 repperit
1618 2012 1656 2042 et

918 2060 1112 2101 perempto
1138 2068 1183 2090 eo
1209 2057 1392 2090 scrinium
1427 2066 1511 2089 cum
1546 2056 1655 2089 libris

918 2104 1040 2136 tulit.“
1079 2104 1230 2136 Aenos.
1255 2122 1302 2127 —
1327 2102 1518 2144 opuscula]
1558 2101 1657 2135 Sunt

920 2150 1087 2183 carmina
1128 2151 1294 2190 minora,
1346 2150 1418 2182 hoc
1458 2150 1563 2191 loco,
1613 2152 1655 2182 ut

920 2198 1214 2230 consentaneum
1251 2199 1326 2238 est,
1363 2196 1547 2239 imprimis
1580 2197 1655 2229 ele-

918 2243 1019 2287 giae,
1062 2243 1375 2287 quemadmodum
1415 2243 1516 2287 apud
1556 2243 1653 2276 Plin.

919 2289 1013 2334 Epp.
1039 2291 1072 2331 8,
1097 2292 1154 2332 21,
1179 2293 1225 2323 4:
1250 2291 1356 2323 Liber
1382 2291 1515 2332 (meus,
1542 2301 1654 2334 quem

919 2337 1117 2379 recitavi,)
1151 2338 1222 2378 suit
1255 2340 1288 2370 et
1319 2338 1503 2378 opusculis
1526 2339 1654 2370 varius

920 2387 952 2416 cl
976 2386 1112 2417 metris.
1147 2384 1359 2418 Admodum
1385 2394 1475 2429 ergo
1499 2384 1655 2418 fuerunt

919 2431 1106 2476 elegantia
1129 2441 1173 2464 ac
1197 2434 1376 2473 venusta,
1411 2432 1581 2475 alioquin
1608 2431 1653 2472 is,

919 2479 986 2522 qui
1004 2489 1048 2512 ea
1064 2481 1292 2522 superasset,
1316 2477 1466 2512 laudem
1484 2489 1561 2511 non
1579 2488 1655 2511 me-

917 2526 1068 2559 ruisset.
1107 2525 1283 2559 Ceterum
1306 2526 1495 2569 integrum
1514 2528 1551 2558 et
1568 2535 1654 2557 can-

919 2572 1049 2605 didum
1081 2572 1245 2606 iudicem
1278 2583 1318 2606 se
1352 2572 1507 2615 praebet
1535 2571 1655 2604 Hora-

919 2619 996 2653 tius
1029 2620 1139 2653 etiam
1170 2620 1211 2652 in
1243 2630 1307 2660 eo,
1345 2618 1444 2662 quod
1471 2617 1654 2658 Cassium,

919 2665 1114 2700 Octaviani
1139 2666 1335 2699 inimicum
1367 2668 1405 2698 et
1429 2665 1475 2698 ab
1500 2665 1572 2698 hoc
1596 2665 1654 2697 in-

918 2713 1128 2755 terfectum,
1145 2716 1333 2757 tamquam
1347 2714 1496 2755 poetam
1514 2711 1653 2745 laudat.
