1774 2930
143 141 231 183 252

616 141 823 176 HORATII
847 142 1194 178 EPISTOLARUM

261 242 327 284 Ne
357 243 563 299 populum
594 246 789 286 extrema
818 244 948 286 toties
981 247 1129 287 exoret
1161 259 1304 288 arena.

261 312 343 355 Est
373 314 479 355 mihi
511 318 737 370 purgatam
770 314 917 357 crebro
951 315 1025 370 qui
1058 320 1260 371 personet
1291 330 1438 360 aurem
1457 331 1483 358 :·

262 383 390 427 Solve
422 388 718 427 senescentem
747 388 914 428 mature
950 399 1079 428 sanus
1111 401 1286 443 equum,
1317 401 1373 431 ne

260 455 418 498 Peccet
449 455 502 498 ad
535 459 774 498 extremum
804 456 1007 499 ridendus
1040 461 1082 500 et
1114 458 1189 500 ilia
1218 457 1358 501 ducat.

259 525 383 568 Nunc
412 527 557 583 itaque
590 530 633 569 et
663 541 812 569 versus
846 531 889 570 et
919 531 1063 570 cetera
1092 528 1255 571 ludicra
1285 543 1417 585 pono,

141 657 196 690 Ne
212 656 295 699 cet.]
313 656 382 699 „Ut
402 658 515 690 totam
529 667 608 690 rem
623 657 740 691 semel
754 659 877 691 trans-

142 703 219 748 igat
257 714 326 738 nec
365 704 524 738 fortasse
561 704 607 738 de
645 705 794 749 integro
838 705 876 737 in

142 761 295 784 arenam
328 752 498 785 revocari
532 751 615 796 ipso
648 762 687 785 se
712 753 876 796 patiatur

141 798 274 843 populi
307 799 444 843 plausu
483 799 542 832 vel
575 809 710 844 magno
748 802 876 833 aucto-

141 848 310 880 ramento
345 845 560 880 inductus.“
613 846 687 880 Cfr.
723 846 876 880 Sueton.

142 892 225 926 Tib.
265 895 305 927 7:
355 895 490 928 Munus
533 894 795 935 aladiatorium
821 913 835 918 -
862 914 876 920 -

140 941 249 979 dedit,
267 959 282 965 ·
299 960 315 967 -
330 942 507 974 rudiariis
551 949 692 982 quoque
731 943 876 982 quibus-

141 989 228 1021 dam
252 990 430 1021 revocatis
456 991 731 1022 auctoramento
757 991 875 1024 cente-

141 1043 230 1068 num
253 1036 407 1068 milium.
436 1055 479 1059 -
507 1038 671 1069 extrema
685 1054 699 1060 -
714 1054 728 1060 -
743 1037 874 1079 arena]

141 1085 245 1116 stans
271 1082 317 1117 ad
344 1082 575 1127 crepidinem
602 1082 716 1125 Circi,
735 1094 762 1117 s.
788 1095 874 1128 pro-

140 1130 239 1163 xime
257 1130 424 1174 podium,
451 1130 517 1164 ubi
536 1134 644 1164 erant
660 1131 772 1174 primi
792 1141 874 1175 spe-

142 1179 304 1211 ctatores
330 1180 368 1211 et
393 1177 552 1212 maxime
570 1178 744 1212 honorati
770 1179 874 1222 prin-

140 1225 244 1269 cipes
279 1225 452 1259 civitatis.
482 1244 524 1250 -——
558 1225 684 1268 toties]
720 1236 875 1270 „neque

140 1272 238 1306 idem
264 1272 439 1306 frustra.“
480 1271 639 1316 Optimis
666 1273 766 1306 enim
792 1274 876 1317 qui—

140 1319 287 1363 busque
304 1319 577 1364 gladiatoribus
603 1322 759 1364 propter
776 1321 874 1354 hanc

141 1366 261 1410 ipsam
294 1365 564 1411 praestantiam
590 1367 785 1401 difficilius
812 1379 874 1401 ru-

139 1413 224 1448 dem
251 1414 340 1448 dare
365 1414 538 1459 popellus
565 1414 727 1455 solebat,
754 1414 874 1449 donec

140 1462 316 1506 precibus
333 1462 511 1507 fatigatus
536 1462 684 1495 tandem
703 1462 874 1496 vincere-

139 1511 212 1542 tur.
244 1509 432 1553 Perquam
457 1509 653 1553 probabile
679 1512 746 1551 est,
773 1509 873 1553 quod

140 1556 256 1590 tradit
286 1556 413 1590 Acron
438 1557 482 1601 [et
508 1556 647 1590 Comm.
691 1556 873 1601 Cruquii:

142 1603 270 1646 „Quia
303 1604 531 1649 gladiatores
557 1604 714 1648 petituri
741 1604 873 1638 rudem

140 1661 186 1684 ex
220 1651 344 1685 media
380 1662 495 1685 arena
529 1654 808 1688 consueverunt
834 1663 872 1686 se

138 1698 186 1732 ad
220 1699 450 1743 crepidinem
483 1698 582 1732 Circi
616 1699 667 1732 ita
701 1699 872 1733 conferre

138 1747 342 1789 proximos,
368 1749 410 1779 ut
434 1749 589 1790 possent
604 1747 783 1790 populum
809 1746 874 1779 tri-

140 1793 187 1826 sti
214 1794 318 1827 voltu
344 1793 512 1827 velocius
538 1804 705 1827 exorare.
746 1792 874 1826 Stabat

138 1843 263 1873 autem
299 1841 464 1885 populus
490 1840 536 1873 ad
561 1840 735 1884 podium,
771 1840 872 1874 unde

139 1887 220 1921 fere
258 1888 467 1931 spectabat,
501 1887 629 1931 ibique
669 1890 871 1921 consuetu-

141 1934 241 1968 dinis
261 1938 341 1968 erat
359 1938 519 1968 stantem
545 1934 791 1979 gladiatorem
809 1945 873 1978 pe-

139 1985 218 2015 tere
268 1982 527 2016 missionem.“
579 1981 654 2015 cfr.
703 1982 795 2026 Epp.
841 1985 872 2023 1,

142 2031 197 2071 18,
225 2032 280 2063 66.

189 2101 259 2134 7-9.
284 2102 348 2133 Est
373 2101 462 2133 mihi
480 2099 563 2143 cet.]
591 2099 730 2144 Optimi
758 2100 874 2134 inter-

139 2150 264 2191 pretes
303 2150 392 2181 sunt
424 2147 576 2182 Persius
615 2149 656 2190 5,
690 2149 753 2181 96:
794 2149 872 2182 Stat

140 2197 267 2228 contra
293 2196 390 2228 ratio
418 2197 450 2228 et
478 2197 655 2228 secretam
682 2196 808 2235 gannit
833 2199 873 2228 in

141 2251 281 2283 aurem,
299 2243 432 2276 leviter
451 2242 660 2276 imitatione
679 2243 872 2276 invertens

138 2288 388 2323 Horatianum
422 2293 608 2331 personet3
646 2289 871 2324 Plutarchus

141 2334 236 2382 πρὸς
270 2333 443 2380 ἡγεμόνα
467 2336 697 2370 ἀπαίδευτον
724 2337 812 2381 Cap.
839 2339 871 2379 3,

137 2384 179 2416 2:
207 2384 273 2415 τοῦ
299 2383 598 2427 πεπαιδευμένου
625 2386 690 2417 καὶ
715 2395 873 2438 σωφρο-

139 2430 300 2472 νοῦντος
339 2428 527 2484 ἄρχοντος
564 2428 672 2473 ἑιτός
708 2434 811 2464 εστιν
849 2429 871 2464 ὀ

140 2477 255 2511 τοῦτο
281 2475 550 2534 φθεγγόμενος
575 2477 634 2511 ἀεὶ
661 2480 724 2511 καὶ
751 2489 873 2535 :tapa-

139 2521 393 2568 κελειόμενος
418 2522 612 2568 (Zmyr->gog
637 2521 691 2559 (ὂν
708 2530 748 2559 εν
771 2537 872 2559 auu)

140 2570 283 2616 λόγος.)
307 2572 402 2607 Nos:
430 2574 497 2606 die
521 2575 679 2606 iuuere
696 2575 872 2607 Stimme

140 2623 213 2654 des
238 2622 448 2662 Rechten,
475 2620 663 2654 Kantiano
689 2631 871 2662 sermone,

141 2669 217 2701 der
261 2668 570 2709 kateqorische
613 2670 871 2709 Imperativ.

143 2734 184 2738 —
210 2714 398 2757 personet]
424 2714 564 2756 active,
599 2718 640 2748 ut
667 2715 798 2749 Cicero
826 2715 871 2749 ad

1603 530 1658 571 10

926 657 1026 691 Fam.
1054 661 1092 699 6,
1121 660 1182 700 18,
1208 661 1248 692 4:
1288 659 1365 692 iam
1390 661 1511 692 tamen
1531 667 1658 700 perso·

926 713 1018 738 nare
1051 714 1160 738 aures
1187 707 1263 739 eius
1288 707 1492 740 huiusmodi
1515 707 1658 740 vocibus

926 761 999 785 non
1026 756 1077 786 est
1101 754 1243 786 inutile.
1269 753 1373 799 Virg.
1398 754 1493 788 Aen.
1512 755 1545 796 6,
1571 755 1657 788 417:

927 801 1100 833 Cerberus
1125 802 1213 834 haec
1229 802 1356 842 inqem
1376 802 1519 834 latratu
1541 809 1659 843 regma

926 849 1077 888 trifauci
1111 849 1300 881 Personat.
1327 867 1370 872 —
1394 850 1595 890 purqatam
1611 866 1627 873 -
1643 867 1659 874 -

926 895 1075 938 aurem]
1101 895 1194 929 Erat
1217 896 1321 929 velut
1343 895 1585 940 proverbium
1611 895 1658 930 de

924 943 1094 987 purgatis
1122 942 1252 984 (etiam
1270 945 1375 977 aceto
1401 943 1504 977 Pers.
1523 944 1557 986 5,
1584 943 1656 986 86.)

924 989 1092 1023 auribus.
1123 989 1245 1023 Plaut.
1270 989 1348 1024 Mil.
1375 990 1424 1035 gl.
1452 992 1484 1032 3,
1512 993 1544 1033 1,
1572 992 1657 1024 179:

925 1038 1002 1069 Tibi
1036 1038 1272 1078 perpurqatis
1308 1046 1459 1078 operam
1491 1038 1657 1071 dabimus

924 1085 1086 1117 aur-ibus.
1112 1103 1160 1108 —
1182 1084 1309 1127 Solve]
1345 1084 1414 1126 „Si
1447 1085 1548 1129 sapis
1575 1085 1656 1127 (sa-

924 1139 1002 1171 nus,
1029 1134 1072 1164 ut
1097 1131 1170 1165 Sat
1198 1135 1230 1174 1,
1257 1133 1290 1174 5,
1314 1132 1401 1174 44),
1426 1131 1589 1177 deiunge
1614 1132 1654 1165 in

924 1181 1149 1223 perpetuum
1184 1190 1206 1213 a
1241 1189 1356 1212 curru
1383 1189 1522 1233 equum
1548 1189 1655 1213 sene-

924 1228 1091 1260 scentem
1124 1226 1435 1270 vacationemque
1469 1226 1505 1260 ei
1536 1226 1584 1259 da
1608 1227 1654 1261 ab

924 1274 1025 1306 omni
1061 1284 1174 1317 opere
1207 1283 1251 1307 ac
1284 1273 1447 1307 liberum
1473 1268 1654 1316 (ἄνετον)

925 1320 1007 1354 sine
1048 1321 1175 1364 pasci,
1217 1321 1283 1355 ubi
1325 1321 1435 1354 volt.“
1485 1320 1656 1365 Antiqua

924 1370 980 1401 est
1005 1368 1245 1412 comparatio.
1277 1367 1424 1402 Ennius
1450 1368 1550 1412 apud
1576 1367 1654 1402 Cic.

924 1414 1002 1448 Cat.
1029 1415 1114 1449 mai.
1135 1418 1167 1458 5,
1187 1418 1250 1449 14:
1275 1417 1373 1450 Sicut
1399 1417 1505 1457 sortis
1531 1424 1654 1458 equus,

921 1461 1040 1503 spatio
1089 1464 1152 1503 qui
1199 1471 1307 1505 saepe
1352 1471 1520 1504 supremo
1566 1463 1654 1496 Vicit
1687 1473 1695 1478 ·

925 1510 1111 1552 Olympia,
1171 1519 1267 1543 nanc
1321 1511 1421 1543 sem'o
1477 1510 1653 1552 consectu'

925 1559 1085 1597 quiescit.
1136 1557 1265 1592 Crates
1308 1557 1408 1602 apud
1446 1556 1654 1591 Zenobium

923 1607 955 1647 4,
975 1607 1037 1638 41·
1051 1601 1175 1637 Ἵππω
1192 1601 1428 1652 γηοάσκοντι
1445 1601 1490 1637 τὰ
1515 1606 1654 1648 μείονα

923 1648 1028 1684 zv'zw
1054 1641 1243 1692 επέβάλλε.
1291 1651 1397 1690 Ovid.
1423 1651 1535 1685 Trist.
1561 1654 1594 1694 4,
1619 1653 1652 1693 8,

925 1702 987 1732 19:
1013 1701 1067 1732 Ne
1091 1701 1198 1732 cadat
1217 1702 1250 1732 et
1273 1699 1408 1731 multas
1428 1699 1574 1740 palmas
1597 1700 1654 1732 in-

921 1748 1080 1779 honestet
1129 1748 1299 1788 adeptas,
1353 1746 1566 1787 Lanuuidus
1613 1747 1655 1779 in

918 1795 1038 1834 pratis
1064 1795 1234 1834 gramina
1259 1794 1376 1834 carpit
1403 1801 1527 1833 equus.
1547 1812 1590 1816 —
1609 1801 1654 1826 ne

921 1840 1066 1882 Peccet]
1096 1851 1172 1881 „ne
1199 1840 1379 1874 continuo
1405 1840 1443 1873 in
1472 1850 1560 1874 saxa
1584 1840 1654 1873 im-

920 1888 1050 1932 pingat
1083 1891 1147 1921 aut
1183 1887 1288 1921 humi
1324 1887 1563 1932 prolabatur,
1600 1888 1654 1921 ita

921 1938 963 1968 ut
988 1934 1149 1968 eundem
1183 1935 1310 1976 illum,
1345 1934 1454 1968 cuius
1486 1934 1653 1980 vigorem

921 1992 964 2015 ac
999 1982 1234 2016 velocitatem
1261 1982 1350 2015 olim
1385 1992 1512 2016 omnes
1537 1982 1654 2016 admi-

922 2029 1123 2071 rabantur,
1181 2033 1370 2074 postremo
1420 2029 1651 2063 derideant.“

921 2077 998 2110 Alii
1025 2079 1237 2121 exponunt:
1267 2077 1480 2119 „vincatur,
1507 2087 1551 2111 eo
1577 2087 1652 2121 qno

922 2124 1014 2158 velit
1038 2135 1114 2158 non
1132 2125 1360 2168 perveniat.“
1381 2143 1425 2147 —
1442 2125 1511 2158 itia
1527 2123 1652 2166 ducat]

923 2182 1054 2216 „aegre
1081 2171 1254 2216 spiritum
1281 2171 1405 2213 ducat,
1429 2171 1652 2216 frequenter

920 2219 1106 2253 anhelet.“
1135 2219 1240 2264 Virg.
1260 2218 1326 2253 Ge.
1345 2220 1377 2261 3,
1395 2220 1484 2252 506:
1507 2220 1653 2259 imaque

923 2267 1029 2308 lonqo
1054 2268 1128 2300 Ilia
1152 2267 1317 2307 sinoaltu
1342 2267 1504 2299 tendunt.
1554 2265 1652 2299 Plin.

920 2313 965 2347 H.
983 2313 1026 2346 N.
1053 2315 1110 2355 26,
1139 2315 1200 2346 15:
1230 2314 1652 2347 Verbascum--iumen-

921 2362 998 2394 tis·
1016 2362 1114 2394 -ilia
1165 2361 1392 2393 trahentibus
1441 2361 1650 2393 auxiliatur

918 2411 1018 2450 potu.

971 2480 1088 2512 10-12.
1113 2477 1261 2520 versus]
1287 2477 1447 2520 Festive,
1473 2477 1562 2511 dum
1588 2476 1652 2510 de-

920 2526 1028 2571 ponit
1058 2536 1209 2567 versus,
1246 2535 1378 2559 versus
1413 2535 1498 2559 cum
1531 2523 1650 2558 amico

922 2573 1191 2615 communicat;
1226 2582 1270 2606 ac
1295 2583 1335 2606 re
1369 2583 1459 2606 vera
1483 2571 1652 2606 carmina

922 2621 1048 2665 lyrica,
1075 2620 1144 2654 etsi
1170 2630 1246 2653 non
1273 2620 1406 2662 multa,
1431 2619 1542 2653 etiam
1567 2620 1652 2663 post

922 2667 1108 2712 Epistolas
1127 2667 1285 2711 scriptas
1303 2666 1530 2710 composuit;
1557 2665 1649 2701 adeo

923 2719 979 2750 est
1003 2726 1104 2748 mera
1131 2714 1264 2748 ironia.
1314 2713 1407 2758 Epp.
1435 2715 1472 2755 2,
1501 2716 1532 2754 1,
1560 2715 1650 2746 111:
