1774 2930
124 154 210 195 382

243 254 434 297 Partitur
464 255 614 298 lintres
647 257 886 311 exercitus,

593 154 810 199 HQRATH.
828 156 1178 192 EPISTOLARUM

919 255 1047 300 Actia
1076 272 1223 315 pugna

244 325 307 368 Te
340 325 446 368 duce
478 341 556 382 per
586 340 743 383 pueros
775 327 921 370 hostili
953 342 1071 371 more
1102 329 1309 385 refertur,

243 396 526 439 Adversarius
559 401 625 440 est
656 398 807 451 frater,
839 399 957 441 lacus
989 399 1176 454 Hadria,
1209 401 1344 444 donec

242 467 510 510 Alterutrum
545 469 670 511 velox
701 469 893 511 Victoria
924 470 1074 513 fronde
1097 476 1283 514 coronet.

244 538 500 581 Consentire
533 540 620 581 suis
654 541 806 582 studiis
839 541 911 596 qui
943 541 1171 584 crediderit
1200 547 1263 596 te,

1591 546 1646 586 65

241 609 402 651 Fautor
433 613 614 666 utroque
645 614 767 653 tuum
799 611 991 654 laudabit
1021 613 1176 668 pollice
1207 613 1368 656 ludum.

244 679 447 722 Protinus
480 685 527 722 ut
558 695 756 724 moneam
787 707 841 712 —-
871 683 908 724 si
940 683 1042 739 quid
1072 685 1295 726 monitoris
1328 699 1429 741 eges
1461 689 1508 727 tu
1538 710 1615 739 -—,

246 751 360 798 Quid
392 751 445 794 de
478 766 647 808 quoque
678 753 770 794 viro
803 757 845 795 et
877 754 945 796 cui
977 754 1112 808 dieas,
1146 769 1275 811 saepe
1305 755 1462 798 videto.

241 822 593 865 Percontatorem
625 824 782 879 fugito,
815 838 914 866 nam
945 826 1140 880 garrulus
1172 826 1286 869 idem
1319 831 1402 879 est,

242 893 333 935 Nec
363 894 551 936 retinent
581 895 754 950 patulae
786 895 1015 938 commissa
1044 896 1226 940 fideliter
1259 912 1403 951 aures,

1591 899 1647 940 70

242 963 301 1006 Et
332 965 464 1007 semel
498 966 703 1007 emissum
734 967 849 1008 volat
881 967 1160 1010 irrevocabile
1191 969 1382 1011 verbum.

241 1034 338 1077 Non
369 1036 524 1079 ancilla
554 1041 675 1078 tuum
707 1038 824 1079 iecur
856 1038 1018 1080 ulceret
1048 1039 1136 1081 ulla
1167 1054 1328 1095 puerve

124 1163 198 1198 Sat.
240 1167 279 1207 2,
321 1167 360 1207 1,
400 1167 456 1199 73.
491 1184 538 1189 »ω
570 1167 676 1199 Actia
712 1166 861 1209 pugna]

123 1211 229 1257 Virg.
272 1212 366 1246 Aen.
403 1215 443 1255 8,
478 1215 565 1247 675:
607 1215 712 1246 Actia
751 1215 861 1247 bella.

123 1258 209 1292 vid.
236 1259 283 1293 ad
308 1259 402 1304 Epp.
436 1263 474 1301 1,
502 1262 566 1303 12,
593 1262 649 1294 20.
678 1280 721 1285 —-
747 1263 861 1302 ‘reser-

123 1307 205 1350 lur]
241 1306 473 1352 „imaginem
508 1319 658 1353 pugnae
685 1308 861 1342 Actiacae

123 1354 297 1397 exhibes,
324 1354 377 1388 ita
402 1357 444 1388 ut
469 1358 510 1389 tu
536 1355 718 1400 Augusti,
745 1355 861 1389 frater

123 1403 215 1434 natu
229 1401 352 1435 minor
363 1402 531 1445 Antonii,
547 1403 644 1436 servi
659 1404 861 1447 utriusque

122 1448 287 1482 militum
329 1452 456 1493 partes
494 1450 649 1495 agatis.“
702 1450 764 1484 Sic
807 1450 861 1484 di-

121 1498 213 1530 cunt
247 1496 361 1530 etiam
395 1498 562 1539 fabulam
601 1499 758 1540 referre,
797 1498 861 1531 de-

122 1554 198 1577 nuo
232 1544 355 1577 edere.
409 1544 562 1578 Terent.
597 1545 732 1590 Hecyr.
759 1545 860 1579 Prol.

123 1592 156 1633 2,
184 1593 240 1624 21.
268 1593 306 1624 et
331 1593 394 1625 30:
431 1594 617 1633 Hecyram
644 1594 693 1626 ad
716 1602 778 1626 vos
803 1601 861 1626 re—

80 1646 81 1649 *
122 1639 204 1679 sero
229 1656 243 1662 -
262 1658 277 1664 -
300 1640 431 1672 denuo.
481 1639 693 1673 Lolliorum
715 1643 859 1680 ‚autem

121 1685 193 1719 iste
220 1686 333 1720 ludus
360 1689 441 1720 erat
475 1687 584 1730 quasi
610 1687 754 1721 rustica
778 1688 861 1721 imi-

122 1733 214 1766 tatio
253 1734 397 1767 navalis
430 1734 568 1778 proelii
606 1734 652 1768 ab
686 1735 860 1780 Augusto

122 1779 225 1813 editi.
277 1780 456 1823 (Sueton.
500 1780 628 1814 Ootav.
670 1783 726 1814 43.
771 1781 858 1815 Tac.

122 1826 221 1860 Ann.
240 1829 293 1869 12,
309 1828 381 1868 56.)
394 1847 441 1855 Ρ-
457 1830 579 1861 hostili
590 1828 705 1871 more]
727 1829 858 1872 „quasi

122 1884 163 1907 re
178 1885 268 1908 vera
285 1876 411 1909 hostes
426 1875 525 1908 inter
543 1886 609 1908 vos
629 1876 797 1909 essetis.“
814 1894 857 1899 —-—

121 1922 229 1955 velox
262 1922 441 1965 Victoria]
469 1921 564 1955 Gell.
592 1924 631 1964 6,
659 1925 698 1964 6,
726 1924 769 1955 5:
798 1923 858 1956 Cn.

121 1970 276 2003 Mattius
301 1970 342 2002 in
373 1970 523 2011 septimo
549 1970 680 2002 Iliadis
709 1971 858 2002 Victori-

123 2024 185 2049 am
210 2018 393 2050 volucrem
415 2019 631 2061 praepetem
658 2018 858 2058 appellavit

124 2063 188 2096 hoc
203 2073 308 2097 versu
318 2074 329 2096 .·
345 2066 443 2098 Dum
457 2065 514 2097 det
527 2065 686 2097 vincenti
698 2075 858 2108 praepes

125 2111 285 2144 Victoria
323 2112 500 2153 palmam.
550 2111 720 2146 Victoria
761 2112 860 2145 alata

122 2167 303 2192 coronam
337 2159 506 2193 lauream
539 2158 673 2192 victori
699 2159 860 2203 imponit

123 2205 234 2239 etiam
261 2206 298 2239 in
319 2206 496 2248 nummis,
523 2217 619 2250 quos
643 2207 858 2239 victoriatos

123 2253 318 2287 vocabant.
346 2273 388 2277 —
415 2253 786 2296 utroque--polliceJ
813 2253 857 2286 In

122 2300 262 2344 pollice
297 2303 378 2334 erat
402 2303 440 2334 et
473 2300 612 2335 favoris
650 2303 686 2334 et
710 2311 858 2335 aversa-

122 2346 237 2380 tionis
277 2347 525 2393 signifioatio:
565 2358 652 2381 nam
689 2348 858 2382 faventes

123 2405 209 2428 eum
248 2395 485 2438 premebant,
527 2395 783 2439 improbantes
822 2397 859 2429 et

123 2441 369 2486 gladiatorem
408 2442 548 2476 victum
582 2442 857 2476 conficiendum

123 2499 206 2523 esse
242 2488 500 2534 significantes
534 2489 732 2523 vertebant
756 2492 858 2524 retro

124 2538 162 2570 et
188 2536 445 2582 subrigebant.
473 2535 600 2579 (Hunc
618 2538 765 2581 gestum
791 2547 857 2570 no-

122 2583 318 2618 minabant
341 2585 514 2626 insestum
536 2584 734 2626 pollicem.)
760 2583 858 2618 Plin.

123 2630 168 2663 H.
194 2630 238 2664 N.
266 2633 327 2673 28,
354 2633 393 2673 2,
419 2633 458 2664 5:
492 2632 662 2673 Pollices,
696 2639 777 2664 cum
803 2632 860 2673 sa-

121 2686 289 2721 veamus,
325 2686 491 2719 premere
525 2679 635 2711 etiam
666 2679 859 2719 proverbio

123 2725 300 2759 iubemur.
352 2724 493 2759 Contra
534 2724 664 2758 Iuven.
708 2727 748 2766 3,
791 2727 859 2759 36:

911 1169 1070 1201 Munera
1105 1177 1201 1202 nunc
1236 1171 1346 1203 edunt
1381 1172 1413 1202 et
1438 1178 1542 1204 verso
1566 1171 1646 1211 pol-

914 1215 979 1247 lice
1019 1216 1148 1257 voleus
1187 1217 1301 1258 Quem
1340 1218 1438 1250 iubet
1480 1218 1647 1250 occidunt

908 1264 1153 1303 populariter.
1203 1263 1249 1296 H.
1284 1264 1308 1297 l.
1342 1264 1478 1308 igitur:
1518 1275 1646 1307 „sum-

910 1319 970 1342 mo
996 1311 1183 1353 applausu
1210 1310 1452 1345 dilaudabit.“

959 1358 1080 1390 67-71.
1108 1359 1278 1391 Protinus
1297 1359 1382 1401 cet]
1405 1368 1539 1402 „porro
1558 1368 1646 1392 con·

910 1403 1067 1438 tinuatis
1085 1406 1417 1450 praeceptionibus
1440 1408 1482 1439 ut
1506 1407 1542 1439 te
1568 1417 1646 1440 mo-

911 1461 1001 1485 nere
1040 1453 1228 1496 pergam.“
1257 1472 1301 1477 —
1326 1454 1358 1486 si
1390 1452 1499 1495 quid]
1533 1451 1573 1485 εἶ’
1600 1464 1645 1491 τι,

909 1507 1036 1531 werin
1067 1501 1227 1541 irqeud
1251 1501 1370 1533 noch.
1420 1500 1524 1546 Vix-g.
1551 1501 1644 1535 Aen.

911 1548 952 1587 5,
979 1548 1066 1579 688:
1100 1549 1133 1579 si
1158 1548 1244 1587 quid
1266 1549 1385 1589 pietas
1411 1550 1563 1588 antiqua
1591 1549 1645 1581 la-

911 1594 1012 1626 bores
1050 1595 1210 1635 Respicit
1247 1596 1436 1628 humanos.
1470 1614 1514 1619 —-
1550 1596 1646 1637 Quid

909 1641 952 1673 de
970 1649 1112 1682 quoque
1132 1643 1212 1675 viro
1233 1642 1319 1684 cet.]
1347 1641 1464 1686 „quid
1489 1642 1536 1676 de
1554 1653 1646 1686 quo-

910 1697 1061 1732 cunque
1087 1689 1240 1723 homine
1266 1689 1404 1723 dicas.“
1431 1689 1641 1733 Porphyrio

911 1735 1084 1778 quidem:
1120 1735 1233 1777 „Tria
1265 1735 1377 1769 dicit:
1412 1737 1500 1776 quid
1531 1737 1643 1778 dicas,

909 1783 951 1813 de
985 1791 1056 1822 quo
1089 1783 1208 1824 dicas,
1248 1784 1307 1816 cui
1339 1782 1486 1826 dicas;“
1525 1786 1568 1816 ut
1599 1785 1644 1816 de

909 1837 1052 1869 quoque
1078 1829 1128 1862 sit
1154 1832 1186 1862 et
1211 1831 1254 1863 de
1280 1838 1363 1870 quo.
1390 1829 1466 1863 Cic.
1492 1829 1568 1864 Pis.
1587 1832 1644 1872 31,

909 1877 974 1908 75:
1008 1877 1062 1908 Tu
1087 1877 1189 1917 quid,
1216 1879 1255 1909 tu
1281 1878 1382 1918 apud
1409 1885 1508 1919 quos,
1536 1880 1576 1910 tu
1601 1879 1644 1910 de

908 1931 978 1962 quo
1005 1924 1125 1965 dicas,
1157 1924 1358 1965 intelligis?
1400 1923 1475 1958 Sed
1500 1924 1643 1969 simpli-

909 1970 988 2003 cior
1022 1970 1114 2003 mihi
1149 1970 1295 2004 videtur
1327 1971 1431 2015 prior
1464 1971 1572 2005 ratio.
1599 1990 1642 1995 —

905 2018 1059 2058 patulae
1069 2037 1084 2043 -
1093 2037 1108 2044 -
1117 2018 1246 2061 aures]
1276 2028 1446 2063 „semper
1471 2021 1643 2063 patentes

907 2064 954 2098 ad
980 2064 1229 2107 audiendum,
1256 2065 1463 2100 curiosae.“
1515 2065 1643 2100 coum.

910 2111 1031 2150 CRUQ.
1082 2111 1188 2146 Oonf.
1216 2112 1292 2146 Sat.
1318 2115 1356 2155 2,
1384 2115 1417 2155 6,
1443 2114 1499 2146 46.
1549 2112 1642 2157 Epp.

910 2161 941 2201 1,
969 2161 1024 2201 16,
1051 2161 1107 2193 26.
1135 2160 1168 2202 2,
1194 2161 1227 2202 2,
1256 2161 1335 2194 105.
1362 2179 1406 2184 -
1433 2161 1644 2194 emissum-—

907 2206 1082 2249 verbum]
1120 2206 1294 2241 tralatum
1339 2210 1397 2241 est
1437 2218 1460 2240 a
1497 2208 1643 2253 sagitta.

906 2252 1002 2287 Nos:
1030 2255 1089 2287 ein
1115 2255 1345 2295 entsahreues
1375 2255 1486 2288 Wort.
1513 2274 1557 2278 —
1583 2263 1643 2288 vo-

910 2300 976 2343 lal]
1002 2299 1115 2345 Apul.
1142 2300 1188 2334 de
1214 2301 1337 2346 magia
1363 2311 1393 2335 c.
1421 2303 1477 2335 83.
1502 2313 1539 2346 p.
1562 2303 1643 2335 568.

908 2347 1024 2382 Oud.:
1049 2349 1082 2381 si
1097 2349 1218 2388 verba,
1243 2350 1299 2381 ita
1315 2350 1355 2381 ul
1377 2350 1508 2390 poetae
1526 2349 1642 2391 aium,

903 2396 1028 2436 pinnis
1054 2398 1144 2436 apta
1173 2396 1282 2436 voloo
1315 2396 1496 2430 volarent.
1524 2415 1567 2420 —
1593 2396 1643 2428 ir-

907 2442 1134 2485 revocabile]
1159 2442 1203 2475 A
1228 2442 1270 2476 P.
1301 2444 1390 2476 390.
1428 2444 1540 2476 nescit
1571 2451 1644 2476 voa:

906 2490 1018 2522 missa
1055 2490 1200 2523 reverti.
1249 2488 1458 2523 Menander
1490 2501 1526 2534 p.
1561 2491 1641 2524 225.

906 2535 976 2569 M.:
1003 2532 1158 2569 01’1‘2‘52
1184 2533 1299 2590 χερὸς
1323 2537 1491 2579 μεθέντα
1506 2546 1643 2598 καρτε-

908 2581 982 2639 ‘2⁶²'
1010 2582 1122 2616 λίθον
1151 2580 1262 2627 Ῥᾷον
1299 2586 1524 2624 κατασχεῖν,
1562 2579 1641 2616 οὔτ’

908 2627 986 2664 ἀπὸ
1011 2617 1205 2675 γλώσσης
1213 2627 1340 2674 λόγον.

957 2679 1026 2711 ’12-
1036 2679 1093 2711 75.
1118 2679 1202 2712 Non
1227 2677 1312 2720 cet.]
1339 2676 1414 2711 Cfr.
1440 2676 1517 2711 Sat.
1543 2679 1580 2719 2,
1607 2679 1641 2719 5,

909 2726 966 2758 91.
1015 2724 1059 2758 A.
1093 2724 1133 2758 P.
1167 2726 1247 2758 460.
1298 2723 1406 2758 Ovid.
1441 2734 1488 2759 ex
1519 2723 1640 2759 Ponto
