<?xml version="1.0" encoding="UTF-8"?>
<!DOCTYPE html PUBLIC "-//W3C//DTD XHTML 1.0 Transitional//EN"
    "http://www.w3.org/TR/xhtml1/DTD/xhtml1-transitional.dtd">
<html xmlns="http://www.w3.org/1999/xhtml" xml:lang="en" lang="en">
 <head>
  <title>
</title>
<meta http-equiv="Content-Type" content="text/html;charset=utf-8" />
  <meta name='ocr-system' content='tesseract 3.04.00' />
  <meta name='ocr-capabilities' content='ocr_page ocr_carea ocr_par ocr_line ocrx_word'/>
</head>
<body>
  <div class='ocr_page' id='page_1' title='image "./qhoratiusflaccus00horauoft_0395.png"; bbox 0 0 1774 2930; ppageno 0'>
   <div class='ocr_carea' id='block_1_1' title="bbox 594 149 1102 187">
    <p class='ocr_par' dir='ltr' id='par_1_1' title="bbox 594 149 1102 187">
     <span class='ocr_line' id='line_1_1' title="bbox 594 149 1102 187; baseline -0.008 0"><span class='ocrx_word' id='word_1_1' title='bbox 594 153 686 187; x_wconf 88' lang='lat' dir='ltr'>LIB.</span> <span class='ocrx_word' id='word_1_2' title='bbox 710 153 740 186; x_wconf 90' lang='grc' dir='ltr'>Ι.</span> <span class='ocrx_word' id='word_1_3' title='bbox 788 150 941 186; x_wconf 82' lang='lat' dir='ltr'>EPIST.</span> <span class='ocrx_word' id='word_1_4' title='bbox 963 149 1102 184; x_wconf 82' lang='lat' dir='ltr'>XVIII.</span> 
     </span>
    </p>
   </div>
   <div class='ocr_carea' id='block_1_2' title="bbox 203 250 1232 310">
    <p class='ocr_par' dir='ltr' id='par_1_2' title="bbox 203 250 1232 310">
     <span class='ocr_line' id='line_1_2' title="bbox 203 250 1232 310; baseline -0.006 -12"><span class='ocrx_word' id='word_1_5' title='bbox 203 256 420 299; x_wconf 78' lang='lat' dir='ltr'>Virtutem</span> <span class='ocrx_word' id='word_1_6' title='bbox 449 255 642 297; x_wconf 85' lang='lat' dir='ltr'>doctrina</span> <span class='ocrx_word' id='word_1_7' title='bbox 669 256 810 310; x_wconf 89' lang='lat' dir='ltr'>paret,</span> <span class='ocrx_word' id='word_1_8' title='bbox 842 255 1048 294; x_wconf 74' lang='lat' dir='ltr'>naturane</span> <span class='ocrx_word' id='word_1_9' title='bbox 1080 250 1232 304; x_wconf 88' lang='lat' dir='ltr'>donet;</span> 
     </span>
    </p>
   </div>
   <div class='ocr_carea' id='block_1_3' title="bbox 1512 149 1599 291">
    <p class='ocr_par' dir='ltr' id='par_1_3' title="bbox 1512 149 1599 291">
     <span class='ocr_line' id='line_1_3' title="bbox 1512 149 1597 190; baseline 0 0"><span class='ocrx_word' id='word_1_10' title='bbox 1512 149 1597 190; x_wconf 71' lang='lat'>387</span> 
     </span>
     <span class='ocr_line' id='line_1_4' title="bbox 1516 250 1599 291; baseline 0.012 -1"><span class='ocrx_word' id='word_1_11' title='bbox 1516 250 1599 291; x_wconf 84' lang='lat'>100</span> 
     </span>
    </p>
   </div>
   <div class='ocr_carea' id='block_1_4' title="bbox 208 321 1420 594">
    <p class='ocr_par' dir='ltr' id='par_1_4' title="bbox 208 321 1420 594">
     <span class='ocr_line' id='line_1_5' title="bbox 208 321 1420 380; baseline -0.006 -11"><span class='ocrx_word' id='word_1_12' title='bbox 208 326 323 374; x_wconf 85' lang='lat' dir='ltr'>Quid</span> <span class='ocrx_word' id='word_1_13' title='bbox 350 326 512 368; x_wconf 90' lang='lat' dir='ltr'>minuat</span> <span class='ocrx_word' id='word_1_14' title='bbox 543 339 684 378; x_wconf 88' lang='lat' dir='ltr'>curas,</span> <span class='ocrx_word' id='word_1_15' title='bbox 717 323 820 380; x_wconf 90' lang='lat' dir='ltr'>quid</span> <span class='ocrx_word' id='word_1_16' title='bbox 848 326 892 365; x_wconf 87' lang='lat' dir='ltr'>te</span> <span class='ocrx_word' id='word_1_17' title='bbox 922 322 1000 364; x_wconf 84' lang='lat' dir='ltr'>tibi</span> <span class='ocrx_word' id='word_1_18' title='bbox 1030 321 1180 364; x_wconf 89' lang='lat' dir='ltr'>reddat</span> <span class='ocrx_word' id='word_1_19' title='bbox 1211 321 1420 374; x_wconf 86' lang='lat' dir='ltr'>amicum;</span> 
     </span>
     <span class='ocr_line' id='line_1_6' title="bbox 209 392 1410 453; baseline -0.006 -13"><span class='ocrx_word' id='word_1_20' title='bbox 209 397 324 445; x_wconf 86' lang='lat' dir='ltr'>Quid</span> <span class='ocrx_word' id='word_1_21' title='bbox 351 410 456 453; x_wconf 88' lang='lat' dir='ltr'>pure</span> <span class='ocrx_word' id='word_1_22' title='bbox 486 395 752 451; x_wconf 81' lang='lat' dir='ltr'>tranquillet,</span> <span class='ocrx_word' id='word_1_23' title='bbox 784 394 919 436; x_wconf 85' lang='lat' dir='ltr'>honos</span> <span class='ocrx_word' id='word_1_24' title='bbox 952 407 1005 435; x_wconf 86' lang='lat' dir='ltr'>an</span> <span class='ocrx_word' id='word_1_25' title='bbox 1037 392 1160 435; x_wconf 89' lang='lat' dir='ltr'>dulce</span> <span class='ocrx_word' id='word_1_26' title='bbox 1190 392 1410 446; x_wconf 88' lang='lat' dir='ltr'>lucellum,</span> 
     </span>
     <span class='ocr_line' id='line_1_7' title="bbox 209 463 1263 511; baseline -0.006 -1"><span class='ocrx_word' id='word_1_27' title='bbox 209 469 279 510; x_wconf 88' lang='lat' dir='ltr'>An</span> <span class='ocrx_word' id='word_1_28' title='bbox 309 471 520 511; x_wconf 87' lang='lat' dir='ltr'>secretum</span> <span class='ocrx_word' id='word_1_29' title='bbox 550 467 632 509; x_wconf 86' lang='lat' dir='ltr'>iter</span> <span class='ocrx_word' id='word_1_30' title='bbox 663 469 706 508; x_wconf 86' lang='lat' dir='ltr'>et</span> <span class='ocrx_word' id='word_1_31' title='bbox 735 464 921 507; x_wconf 90' lang='lat' dir='ltr'>fallentis</span> <span class='ocrx_word' id='word_1_32' title='bbox 954 463 1107 506; x_wconf 86' lang='lat' dir='ltr'>semita</span> <span class='ocrx_word' id='word_1_33' title='bbox 1136 463 1263 506; x_wconf 84' lang='lat' dir='ltr'>vitae.</span> 
     </span>
     <span class='ocr_line' id='line_1_8' title="bbox 208 534 1245 594; baseline -0.006 -13"><span class='ocrx_word' id='word_1_34' title='bbox 208 538 279 581; x_wconf 82' lang='lat' dir='ltr'>Me</span> <span class='ocrx_word' id='word_1_35' title='bbox 310 538 477 594; x_wconf 86' lang='lat' dir='ltr'>quoties</span> <span class='ocrx_word' id='word_1_36' title='bbox 508 536 644 579; x_wconf 87' lang='lat' dir='ltr'>reficit</span> <span class='ocrx_word' id='word_1_37' title='bbox 674 535 839 592; x_wconf 88' lang='lat' dir='ltr'>gelidus</span> <span class='ocrx_word' id='word_1_38' title='bbox 869 534 1075 590; x_wconf 79' lang='lat' dir='ltr'>Digentia</span> <span class='ocrx_word' id='word_1_39' title='bbox 1105 534 1245 587; x_wconf 83' lang='lat' dir='ltr'>rivus,</span> 
     </span>
    </p>
   </div>
   <div class='ocr_carea' id='block_1_5' title="bbox 211 604 1325 661">
    <p class='ocr_par' dir='ltr' id='par_1_5' title="bbox 211 604 1325 661">
     <span class='ocr_line' id='line_1_9' title="bbox 211 604 1325 661; baseline -0.004 -11"><span class='ocrx_word' id='word_1_40' title='bbox 211 608 348 657; x_wconf 84' lang='lat' dir='ltr'>Quem</span> <span class='ocrx_word' id='word_1_41' title='bbox 376 607 579 659; x_wconf 24' lang='lat' dir='ltr'>Mandela,</span> <span class='ocrx_word' id='word_1_42' title='bbox 606 607 734 659; x_wconf 86' lang='lat' dir='ltr'>bibit,</span> <span class='ocrx_word' id='word_1_43' title='bbox 766 619 948 661; x_wconf 85' lang='lat' dir='ltr'>rugosus</span> <span class='ocrx_word' id='word_1_44' title='bbox 979 604 1137 660; x_wconf 86' lang='lat' dir='ltr'>frigore</span> <span class='ocrx_word' id='word_1_45' title='bbox 1167 618 1325 660; x_wconf 81' lang='lat' dir='ltr'>pagus,</span> 
     </span>
    </p>
   </div>
   <div class='ocr_carea' id='block_1_6' title="bbox 1520 603 1602 644">
    <p class='ocr_par' dir='ltr' id='par_1_6' title="bbox 1520 603 1602 644">
     <span class='ocr_line' id='line_1_10' title="bbox 1520 603 1602 644; baseline 0.012 -1"><span class='ocrx_word' id='word_1_46' title='bbox 1520 603 1602 644; x_wconf 82' lang='lat'>105</span> 
     </span>
    </p>
   </div>
   <div class='ocr_carea' id='block_1_7' title="bbox 212 674 1514 805">
    <p class='ocr_par' dir='ltr' id='par_1_7' title="bbox 212 674 1514 805">
     <span class='ocr_line' id='line_1_11' title="bbox 212 674 1426 734; baseline -0.004 -13"><span class='ocrx_word' id='word_1_47' title='bbox 212 679 326 728; x_wconf 82' lang='lat' dir='ltr'>Quid</span> <span class='ocrx_word' id='word_1_48' title='bbox 357 680 515 721; x_wconf 85' lang='lat' dir='ltr'>sentire</span> <span class='ocrx_word' id='word_1_49' title='bbox 544 677 701 734; x_wconf 77' lang='lat' dir='ltr'>putas?</span> <span class='ocrx_word' id='word_1_50' title='bbox 732 676 833 732; x_wconf 91' lang='lat' dir='ltr'>quid</span> <span class='ocrx_word' id='word_1_51' title='bbox 863 675 1019 729; x_wconf 87' lang='lat' dir='ltr'>credis,</span> <span class='ocrx_word' id='word_1_52' title='bbox 1051 675 1205 729; x_wconf 81' lang='lat' dir='ltr'>amice,</span> <span class='ocrx_word' id='word_1_53' title='bbox 1236 674 1426 731; x_wconf 82' lang='lat' dir='ltr'>precari?</span> 
     </span>
     <span class='ocr_line' id='line_1_12' title="bbox 214 745 1514 805; baseline -0.005 -13"><span class='ocrx_word' id='word_1_54' title='bbox 214 750 279 791; x_wconf 86' lang='lat' dir='ltr'>Sit</span> <span class='ocrx_word' id='word_1_55' title='bbox 299 749 423 802; x_wconf 91' lang='lat' dir='ltr'>mihi,</span> <span class='ocrx_word' id='word_1_56' title='bbox 455 748 567 805; x_wconf 91' lang='lat' dir='ltr'>quod</span> <span class='ocrx_word' id='word_1_57' title='bbox 588 762 701 790; x_wconf 90' lang='lat' dir='ltr'>nunc</span> <span class='ocrx_word' id='word_1_58' title='bbox 722 752 806 800; x_wconf 85' lang='lat' dir='ltr'>est,</span> <span class='ocrx_word' id='word_1_59' title='bbox 838 747 967 789; x_wconf 88' lang='lat' dir='ltr'>etiam</span> <span class='ocrx_word' id='word_1_60' title='bbox 988 746 1152 799; x_wconf 76' lang='lat' dir='ltr'>minus3</span> <span class='ocrx_word' id='word_1_61' title='bbox 1186 749 1229 788; x_wconf 91' lang='lat' dir='ltr'>et</span> <span class='ocrx_word' id='word_1_62' title='bbox 1249 745 1353 787; x_wconf 92' lang='lat' dir='ltr'>mihi</span> <span class='ocrx_word' id='word_1_63' title='bbox 1374 745 1514 787; x_wconf 85' lang='lat' dir='ltr'>vivam</span> 
     </span>
    </p>
   </div>
   <div class='ocr_carea' id='block_1_8' title="bbox 194 878 595 921">
    <p class='ocr_par' dir='ltr' id='par_1_8' title="bbox 194 878 595 921">
     <span class='ocr_line' id='line_1_13' title="bbox 194 878 595 921; baseline -0.002 -9"><span class='ocrx_word' id='word_1_64' title='bbox 194 881 271 913; x_wconf 71' lang='lat'>107.</span> <span class='ocrx_word' id='word_1_65' title='bbox 298 879 345 921; x_wconf 85' lang='lat' dir='ltr'>et]</span> <span class='ocrx_word' id='word_1_66' title='bbox 369 882 409 912; x_wconf 82' lang='lat' dir='ltr'>ut</span> <span class='ocrx_word' id='word_1_67' title='bbox 435 878 544 920; x_wconf 83' lang='lat' dir='ltr'>bScd,</span> <span class='ocrx_word' id='word_1_68' title='bbox 570 882 595 911; x_wconf 83' lang='lat' dir='ltr'>t.</span> 
     </span>
    </p>
   </div>
   <div class='ocr_carea' id='block_1_9' title="bbox 95 976 834 1910">
    <p class='ocr_par' dir='ltr' id='par_1_9' title="bbox 95 976 833 1910">
     <span class='ocr_line' id='line_1_14' title="bbox 96 976 823 1022; baseline -0.006 -10"><span class='ocrx_word' id='word_1_69' title='bbox 96 989 159 1012; x_wconf 89' lang='lat' dir='ltr'>ros</span> <span class='ocrx_word' id='word_1_70' title='bbox 185 978 393 1022; x_wconf 85' lang='lat' dir='ltr'>sapientes,</span> <span class='ocrx_word' id='word_1_71' title='bbox 426 977 523 1011; x_wconf 85' lang='lat' dir='ltr'>hanc</span> <span class='ocrx_word' id='word_1_72' title='bbox 550 977 687 1009; x_wconf 69' lang='lat' dir='ltr'>emnitis</span> <span class='ocrx_word' id='word_1_73' title='bbox 712 976 823 1009; x_wconf 71' lang='lat' dir='ltr'>vitam</span> 
     </span>
     <span class='ocr_line' id='line_1_15' title="bbox 96 1023 824 1066; baseline -0.005 -7"><span class='ocrx_word' id='word_1_74' title='bbox 96 1035 180 1060; x_wconf 82' lang='lat' dir='ltr'>esse</span> <span class='ocrx_word' id='word_1_75' title='bbox 206 1025 369 1066; x_wconf 83' lang='lat' dir='ltr'>beatam,</span> <span class='ocrx_word' id='word_1_76' title='bbox 403 1027 440 1058; x_wconf 89' lang='lat' dir='ltr'>et</span> <span class='ocrx_word' id='word_1_77' title='bbox 472 1023 674 1057; x_wconf 86' lang='lat' dir='ltr'>consilium</span> <span class='ocrx_word' id='word_1_78' title='bbox 707 1023 824 1057; x_wconf 86' lang='lat' dir='ltr'>amico</span> 
     </span>
     <span class='ocr_line' id='line_1_16' title="bbox 95 1069 825 1114; baseline -0.006 -8"><span class='ocrx_word' id='word_1_79' title='bbox 95 1072 251 1106; x_wconf 82' lang='lat' dir='ltr'>daturos</span> <span class='ocrx_word' id='word_1_80' title='bbox 272 1081 366 1114; x_wconf 82' lang='lat' dir='ltr'>esse,</span> <span class='ocrx_word' id='word_1_81' title='bbox 390 1073 434 1104; x_wconf 88' lang='lat' dir='ltr'>ut</span> <span class='ocrx_word' id='word_1_82' title='bbox 449 1071 560 1104; x_wconf 86' lang='lat' dir='ltr'>aliam</span> <span class='ocrx_word' id='word_1_83' title='bbox 577 1070 673 1103; x_wconf 81' lang='lat' dir='ltr'>viam</span> <span class='ocrx_word' id='word_1_84' title='bbox 699 1069 825 1114; x_wconf 89' lang='lat' dir='ltr'>ingre-</span> 
     </span>
     <span class='ocr_line' id='line_1_17' title="bbox 98 1116 825 1159; baseline -0.006 -6"><span class='ocrx_word' id='word_1_85' title='bbox 98 1118 234 1153; x_wconf 84' lang='lat' dir='ltr'>diatur.</span> <span class='ocrx_word' id='word_1_86' title='bbox 259 1137 304 1142; x_wconf 92' lang='lat'>—</span> <span class='ocrx_word' id='word_1_87' title='bbox 328 1116 692 1159; x_wconf 80' lang='lat' dir='ltr'>traducere-aevum]</span> <span class='ocrx_word' id='word_1_88' title='bbox 720 1116 825 1150; x_wconf 82' lang='lat' dir='ltr'>Conf.</span> 
     </span>
     <span class='ocr_line' id='line_1_18' title="bbox 98 1164 827 1210; baseline -0.004 -11"><span class='ocrx_word' id='word_1_89' title='bbox 98 1165 202 1210; x_wconf 82' lang='lat' dir='ltr'>Virg.</span> <span class='ocrx_word' id='word_1_90' title='bbox 245 1164 327 1199; x_wconf 82' lang='lat' dir='ltr'>Oul.</span> <span class='ocrx_word' id='word_1_91' title='bbox 365 1167 428 1199; x_wconf 84' lang='lat'>96:</span> <span class='ocrx_word' id='word_1_92' title='bbox 469 1167 642 1199; x_wconf 73' lang='lat' dir='ltr'>See-uram</span> <span class='ocrx_word' id='word_1_93' title='bbox 680 1165 827 1205; x_wconf 73' lang='lat' dir='ltr'>placido</span> 
     </span>
     <span class='ocr_line' id='line_1_19' title="bbox 98 1212 825 1256; baseline -0.004 -10"><span class='ocrx_word' id='word_1_94' title='bbox 98 1213 256 1246; x_wconf 75' lang='lat' dir='ltr'>traducit</span> <span class='ocrx_word' id='word_1_95' title='bbox 283 1212 440 1256; x_wconf 84' lang='lat' dir='ltr'>(pastor)</span> <span class='ocrx_word' id='word_1_96' title='bbox 464 1214 608 1253; x_wconf 78' lang='lat' dir='ltr'>pectore</span> <span class='ocrx_word' id='word_1_97' title='bbox 632 1213 757 1244; x_wconf 83' lang='lat' dir='ltr'>vitam.</span> <span class='ocrx_word' id='word_1_98' title='bbox 783 1230 825 1234; x_wconf 93' lang='lat'>—</span> 
     </span>
     <span class='ocr_line' id='line_1_20' title="bbox 102 1259 827 1302; baseline -0.001 -10"><span class='ocrx_word' id='word_1_99' title='bbox 102 1279 145 1283; x_wconf 85' lang='lat'>—-</span> <span class='ocrx_word' id='word_1_100' title='bbox 167 1259 309 1302; x_wconf 82' lang='lat' dir='ltr'>pavor]</span> <span class='ocrx_word' id='word_1_101' title='bbox 343 1259 496 1302; x_wconf 85' lang='lat' dir='ltr'>„timor,</span> <span class='ocrx_word' id='word_1_102' title='bbox 530 1270 577 1292; x_wconf 90' lang='lat' dir='ltr'>ne</span> <span class='ocrx_word' id='word_1_103' title='bbox 603 1262 667 1292; x_wconf 89' lang='lat' dir='ltr'>aut</span> <span class='ocrx_word' id='word_1_104' title='bbox 700 1269 827 1291; x_wconf 84' lang='lat' dir='ltr'>careas</span> 
     </span>
     <span class='ocr_line' id='line_1_21' title="bbox 101 1306 827 1350; baseline -0.004 -11"><span class='ocrx_word' id='word_1_105' title='bbox 101 1316 247 1350; x_wconf 80' lang='lat' dir='ltr'>semper</span> <span class='ocrx_word' id='word_1_106' title='bbox 279 1307 387 1339; x_wconf 78' lang='lat' dir='ltr'>rebus</span> <span class='ocrx_word' id='word_1_107' title='bbox 418 1307 647 1339; x_wconf 78' lang='lat' dir='ltr'>mediocriter</span> <span class='ocrx_word' id='word_1_108' title='bbox 679 1306 827 1338; x_wconf 81' lang='lat' dir='ltr'>utilibus</span> 
     </span>
     <span class='ocr_line' id='line_1_22' title="bbox 101 1352 828 1396; baseline -0.004 -9"><span class='ocrx_word' id='word_1_109' title='bbox 101 1355 167 1387; x_wconf 85' lang='lat' dir='ltr'>aut</span> <span class='ocrx_word' id='word_1_110' title='bbox 204 1353 323 1396; x_wconf 87' lang='lat' dir='ltr'>partis</span> <span class='ocrx_word' id='word_1_111' title='bbox 363 1363 495 1386; x_wconf 85' lang='lat' dir='ltr'>rursus</span> <span class='ocrx_word' id='word_1_112' title='bbox 537 1352 744 1396; x_wconf 49' lang='lat' dir='ltr'>spolieris?</span> <span class='ocrx_word' id='word_1_113' title='bbox 786 1371 828 1374; x_wconf 98' lang='lat'><strong>—</strong></span> 
     </span>
     <span class='ocr_line' id='line_1_23' title="bbox 101 1398 829 1443; baseline -0.001 -11"><span class='ocrx_word' id='word_1_114' title='bbox 101 1399 330 1432; x_wconf 75' lang='lat' dir='ltr'>mediocriter</span> <span class='ocrx_word' id='word_1_115' title='bbox 367 1399 535 1440; x_wconf 75' lang='lat' dir='ltr'>utilium]</span> <span class='ocrx_word' id='word_1_116' title='bbox 580 1410 675 1443; x_wconf 89' lang='lat' dir='ltr'>quae</span> <span class='ocrx_word' id='word_1_117' title='bbox 715 1398 829 1432; x_wconf 79' lang='lat' dir='ltr'>Stoici</span> 
     </span>
     <span class='ocr_line' id='line_1_24' title="bbox 102 1442 831 1492; baseline -0.001 -13"><span class='ocrx_word' id='word_1_118' title='bbox 102 1442 299 1492; x_wconf 77' lang='grc' dir='ltr'><em>ἀδιάφορα</em></span> <span class='ocrx_word' id='word_1_119' title='bbox 313 1445 508 1488; x_wconf 80' lang='lat' dir='ltr'>vocabant,</span> <span class='ocrx_word' id='word_1_120' title='bbox 532 1445 578 1479; x_wconf 89' lang='lat' dir='ltr'>de</span> <span class='ocrx_word' id='word_1_121' title='bbox 605 1446 744 1489; x_wconf 90' lang='lat' dir='ltr'>quibus</span> <span class='ocrx_word' id='word_1_122' title='bbox 770 1456 831 1479; x_wconf 84' lang='lat' dir='ltr'>va-</span> 
     </span>
     <span class='ocr_line' id='line_1_25' title="bbox 105 1492 830 1534; baseline -0.001 -8"><span class='ocrx_word' id='word_1_123' title='bbox 105 1493 158 1527; x_wconf 86' lang='lat' dir='ltr'>let</span> <span class='ocrx_word' id='word_1_124' title='bbox 181 1492 278 1526; x_wconf 89' lang='lat' dir='ltr'>illud</span> <span class='ocrx_word' id='word_1_125' title='bbox 294 1492 560 1526; x_wconf 84' lang='lat' dir='ltr'>Terentianum</span> <span class='ocrx_word' id='word_1_126' title='bbox 581 1492 714 1526; x_wconf 83' lang='lat' dir='ltr'>Heaut.</span> <span class='ocrx_word' id='word_1_127' title='bbox 743 1495 772 1533; x_wconf 90' lang='lat'>1,</span> <span class='ocrx_word' id='word_1_128' title='bbox 798 1494 830 1534; x_wconf 99' lang='grc'><em>2,</em></span> 
     </span>
     <span class='ocr_line' id='line_1_26' title="bbox 106 1540 831 1581; baseline -0.003 -7"><span class='ocrx_word' id='word_1_129' title='bbox 106 1542 170 1574; x_wconf 87' lang='lat'>21:</span> <span class='ocrx_word' id='word_1_130' title='bbox 209 1540 326 1580; x_wconf 76' lang='lat' dir='ltr'>Atque</span> <span class='ocrx_word' id='word_1_131' title='bbox 358 1541 446 1573; x_wconf 79' lang='lat' dir='ltr'>haec</span> <span class='ocrx_word' id='word_1_132' title='bbox 474 1541 624 1581; x_wconf 82' lang='lat' dir='ltr'>perinde</span> <span class='ocrx_word' id='word_1_133' title='bbox 655 1541 758 1581; x_wconf 80' lang='lat' dir='ltr'>sunt,</span> <span class='ocrx_word' id='word_1_134' title='bbox 791 1542 831 1572; x_wconf 84' lang='lat' dir='ltr'>ut</span> 
     </span>
     <span class='ocr_line' id='line_1_27' title="bbox 105 1587 833 1628; baseline -0.001 -9"><span class='ocrx_word' id='word_1_135' title='bbox 105 1587 205 1620; x_wconf 74' lang='lat' dir='ltr'>iltius</span> <span class='ocrx_word' id='word_1_136' title='bbox 229 1587 382 1628; x_wconf 73' lang='lat' dir='ltr'>animus,</span> <span class='ocrx_word' id='word_1_137' title='bbox 408 1588 471 1627; x_wconf 81' lang='lat' dir='ltr'>qui</span> <span class='ocrx_word' id='word_1_138' title='bbox 495 1595 538 1620; x_wconf 87' lang='lat' dir='ltr'>ea</span> <span class='ocrx_word' id='word_1_139' title='bbox 557 1588 736 1627; x_wconf 76' lang='lat' dir='ltr'>possidet:</span> <span class='ocrx_word' id='word_1_140' title='bbox 762 1587 833 1627; x_wconf 80' lang='lat' dir='ltr'>Qui</span> 
     </span>
     <span class='ocr_line' id='line_1_28' title="bbox 105 1634 833 1675; baseline -0.001 -9"><span class='ocrx_word' id='word_1_141' title='bbox 105 1634 161 1666; x_wconf 75' lang='lat' dir='ltr'>ati</span> <span class='ocrx_word' id='word_1_142' title='bbox 182 1634 266 1675; x_wconf 73' lang='lat' dir='ltr'>scit,</span> <span class='ocrx_word' id='word_1_143' title='bbox 302 1635 335 1666; x_wconf 79' lang='lat' dir='ltr'>ei</span> <span class='ocrx_word' id='word_1_144' title='bbox 355 1635 473 1673; x_wconf 83' lang='lat' dir='ltr'>·t›ona‚·</span> <span class='ocrx_word' id='word_1_145' title='bbox 512 1634 587 1675; x_wconf 83' lang='lat' dir='ltr'>illi,</span> <span class='ocrx_word' id='word_1_146' title='bbox 622 1635 684 1673; x_wconf 82' lang='lat' dir='ltr'>qui</span> <span class='ocrx_word' id='word_1_147' title='bbox 715 1635 833 1666; x_wconf 80' lang='lat' dir='ltr'>utitur</span> 
     </span>
     <span class='ocr_line' id='line_1_29' title="bbox 105 1680 831 1722; baseline 0 -9"><span class='ocrx_word' id='word_1_148' title='bbox 105 1688 179 1713; x_wconf 81' lang='lat' dir='ltr'>non</span> <span class='ocrx_word' id='word_1_149' title='bbox 193 1682 301 1722; x_wconf 83' lang='lat' dir='ltr'>reete,</span> <span class='ocrx_word' id='word_1_150' title='bbox 317 1681 430 1713; x_wconf 84' lang='lat' dir='ltr'>mala.</span> <span class='ocrx_word' id='word_1_151' title='bbox 457 1680 533 1714; x_wconf 83' lang='lat' dir='ltr'>Oie.</span> <span class='ocrx_word' id='word_1_152' title='bbox 547 1680 593 1714; x_wconf 87' lang='lat' dir='ltr'>de</span> <span class='ocrx_word' id='word_1_153' title='bbox 606 1680 716 1714; x_wconf 82' lang='lat' dir='ltr'>Finn.</span> <span class='ocrx_word' id='word_1_154' title='bbox 728 1682 760 1722; x_wconf 88' lang='lat'>3,</span> <span class='ocrx_word' id='word_1_155' title='bbox 777 1682 831 1722; x_wconf 83' lang='lat'>16,</span> 
     </span>
     <span class='ocr_line' id='line_1_30' title="bbox 105 1728 833 1770; baseline 0 -10"><span class='ocrx_word' id='word_1_156' title='bbox 105 1728 170 1760; x_wconf 84' lang='lat'>53:</span> <span class='ocrx_word' id='word_1_157' title='bbox 209 1728 390 1768; x_wconf 75' lang='lat' dir='ltr'>Quoniam</span> <span class='ocrx_word' id='word_1_158' title='bbox 423 1730 544 1760; x_wconf 79' lang='lat' dir='ltr'>autem</span> <span class='ocrx_word' id='word_1_159' title='bbox 578 1736 702 1770; x_wconf 87' lang='lat' dir='ltr'>omne,</span> <span class='ocrx_word' id='word_1_160' title='bbox 737 1729 833 1768; x_wconf 81' lang='lat' dir='ltr'>quod</span> 
     </span>
     <span class='ocr_line' id='line_1_31' title="bbox 106 1775 832 1816; baseline 0 -9"><span class='ocrx_word' id='word_1_161' title='bbox 106 1776 156 1807; x_wconf 70' lang='lat' dir='ltr'>est</span> <span class='ocrx_word' id='word_1_162' title='bbox 181 1775 330 1816; x_wconf 78' lang='lat' dir='ltr'>bonum,</span> <span class='ocrx_word' id='word_1_163' title='bbox 363 1775 526 1815; x_wconf 77' lang='lat' dir='ltr'>primum</span> <span class='ocrx_word' id='word_1_164' title='bbox 561 1775 677 1808; x_wconf 83' lang='lat' dir='ltr'>locum</span> <span class='ocrx_word' id='word_1_165' title='bbox 710 1776 832 1808; x_wconf 83' lang='lat' dir='ltr'>tenere</span> 
     </span>
     <span class='ocr_line' id='line_1_32' title="bbox 104 1821 833 1863; baseline 0 -9"><span class='ocrx_word' id='word_1_166' title='bbox 104 1821 275 1863; x_wconf 77' lang='lat' dir='ltr'>dicimus,</span> <span class='ocrx_word' id='word_1_167' title='bbox 323 1829 462 1855; x_wconf 80' lang='lat' dir='ltr'>neeesse</span> <span class='ocrx_word' id='word_1_168' title='bbox 504 1823 554 1855; x_wconf 82' lang='lat' dir='ltr'>est</span> <span class='ocrx_word' id='word_1_169' title='bbox 595 1830 660 1854; x_wconf 86' lang='lat' dir='ltr'>nec</span> <span class='ocrx_word' id='word_1_170' title='bbox 701 1823 833 1854; x_wconf 83' lang='lat' dir='ltr'>bonum</span> 
     </span>
     <span class='ocr_line' id='line_1_33' title="bbox 107 1869 834 1910; baseline 0 -9"><span class='ocrx_word' id='word_1_171' title='bbox 107 1876 180 1901; x_wconf 74' lang='lat' dir='ltr'>me</span> <span class='ocrx_word' id='word_1_172' title='bbox 210 1876 275 1901; x_wconf 77' lang='lat' dir='ltr'>nee</span> <span class='ocrx_word' id='word_1_173' title='bbox 303 1869 442 1902; x_wconf 80' lang='lat' dir='ltr'>malum</span> <span class='ocrx_word' id='word_1_174' title='bbox 467 1870 548 1910; x_wconf 83' lang='lat' dir='ltr'>hoc,</span> <span class='ocrx_word' id='word_1_175' title='bbox 583 1870 679 1909; x_wconf 80' lang='lat' dir='ltr'>quod</span> <span class='ocrx_word' id='word_1_176' title='bbox 708 1877 834 1910; x_wconf 85' lang='lat' dir='ltr'>prae-</span> 
     </span>
    </p>
   </div>
   <div class='ocr_carea' id='block_1_10' title="bbox 103 1915 834 1962">
    <p class='ocr_par' dir='ltr' id='par_1_10' title="bbox 103 1915 834 1962">
     <span class='ocr_line' id='line_1_34' title="bbox 103 1915 834 1962; baseline 0.001 -15"><span class='ocrx_word' id='word_1_177' title='bbox 103 1915 296 1956; x_wconf 75' lang='lat' dir='ltr'>positum</span> <span class='ocrx_word' id='word_1_178' title='bbox 319 1915 376 1948; x_wconf 88' lang='lat' dir='ltr'>vel</span> <span class='ocrx_word' id='word_1_179' title='bbox 395 1917 693 1956; x_wconf 76' lang='lat' dir='ltr'>praecipuum</span> <span class='ocrx_word' id='word_1_180' title='bbox 719 1917 834 1962; x_wconf 82' lang='grc' dir='ltr'>(προ-</span> 
     </span>
    </p>
   </div>
   <div class='ocr_carea' id='block_1_11' title="bbox 82 1962 844 2754">
    <p class='ocr_par' dir='ltr' id='par_1_11' title="bbox 82 1962 837 2188">
     <span class='ocr_line' id='line_1_35' title="bbox 106 1962 835 2005; baseline 0.003 -12"><span class='ocrx_word' id='word_1_181' title='bbox 106 1962 295 2005; x_wconf 77' lang='grc' dir='ltr'>ηγμένον)</span> <span class='ocrx_word' id='word_1_182' title='bbox 337 1963 576 1995; x_wconf 76' lang='lat' dir='ltr'>nominamus.</span> <span class='ocrx_word' id='word_1_183' title='bbox 626 1964 740 2003; x_wconf 76' lang='lat' dir='ltr'>quue</span> <span class='ocrx_word' id='word_1_184' title='bbox 781 1964 835 1995; x_wconf 84' lang='lat' dir='ltr'>ita</span> 
     </span>
     <span class='ocr_line' id='line_1_36' title="bbox 107 2009 836 2049; baseline 0 -8"><span class='ocrx_word' id='word_1_185' title='bbox 107 2009 305 2049; x_wconf 73' lang='lat' dir='ltr'>definimus,</span> <span class='ocrx_word' id='word_1_186' title='bbox 335 2010 430 2047; x_wconf 80' lang='lat' dir='ltr'>quod</span> <span class='ocrx_word' id='word_1_187' title='bbox 453 2010 498 2041; x_wconf 72' lang='lat' dir='ltr'>sit</span> <span class='ocrx_word' id='word_1_188' title='bbox 523 2010 730 2049; x_wconf 80' lang='lat' dir='ltr'>indifferens</span> <span class='ocrx_word' id='word_1_189' title='bbox 755 2017 836 2042; x_wconf 80' lang='lat' dir='ltr'>eum</span> 
     </span>
     <span class='ocr_line' id='line_1_37' title="bbox 109 2055 837 2095; baseline 0.003 -9"><span class='ocrx_word' id='word_1_190' title='bbox 109 2055 359 2086; x_wconf 76' lang='lat' dir='ltr'>aestimatione</span> <span class='ocrx_word' id='word_1_191' title='bbox 375 2056 604 2095; x_wconf 80' lang='lat' dir='ltr'>mediocri,·</span> <span class='ocrx_word' id='word_1_192' title='bbox 629 2057 725 2095; x_wconf 82' lang='lat' dir='ltr'>quod</span> <span class='ocrx_word' id='word_1_193' title='bbox 743 2057 837 2088; x_wconf 82' lang='lat' dir='ltr'>enim</span> 
     </span>
     <span class='ocr_line' id='line_1_38' title="bbox 82 2097 837 2146; baseline 0.003 -14"><span class='ocrx_word' id='word_1_194' title='bbox 82 2101 86 2104; x_wconf 86' lang='grc'><strong>’</strong></span> <span class='ocrx_word' id='word_1_195' title='bbox 109 2100 168 2132; x_wconf 87' lang='lat' dir='ltr'>illi</span> <span class='ocrx_word' id='word_1_196' title='bbox 192 2097 408 2146; x_wconf 81' lang='grc' dir='ltr'><em>ἀδιάφορον</em></span> <span class='ocrx_word' id='word_1_197' title='bbox 433 2103 572 2143; x_wconf 81' lang='lat' dir='ltr'>dicunt,</span> <span class='ocrx_word' id='word_1_198' title='bbox 608 2102 646 2134; x_wconf 81' lang='lat' dir='ltr'>id</span> <span class='ocrx_word' id='word_1_199' title='bbox 669 2103 758 2134; x_wconf 80' lang='lat' dir='ltr'>mihi</span> <span class='ocrx_word' id='word_1_200' title='bbox 782 2103 837 2134; x_wconf 88' lang='lat' dir='ltr'>ita</span> 
     </span>
     <span class='ocr_line' id='line_1_39' title="bbox 111 2144 836 2189; baseline 0.001 -10"><span class='ocrx_word' id='word_1_201' title='bbox 111 2148 285 2189; x_wconf 68' lang='lat' dir='ltr'>occurrit,</span> <span class='ocrx_word' id='word_1_202' title='bbox 310 2150 351 2180; x_wconf 83' lang='lat' dir='ltr'>ut</span> <span class='ocrx_word' id='word_1_203' title='bbox 375 2149 646 2188; x_wconf 76' lang='lat' dir='ltr'>indifferens</span> <span class='ocrx_word' id='word_1_204' title='bbox 671 2144 836 2181; x_wconf 77' lang='lat' dir='ltr'>dicerem.</span> 
     </span>
    </p>

    <p class='ocr_par' dir='ltr' id='par_1_12' title="bbox 113 2195 843 2754">
     <span class='ocr_line' id='line_1_40' title="bbox 162 2195 838 2235; baseline 0.002 -9"><span class='ocrx_word' id='word_1_205' title='bbox 162 2195 253 2226; x_wconf 88' lang='lat'>100-</span> <span class='ocrx_word' id='word_1_206' title='bbox 265 2196 341 2228; x_wconf 87' lang='lat'>103.</span> <span class='ocrx_word' id='word_1_207' title='bbox 386 2195 557 2227; x_wconf 84' lang='lat' dir='ltr'>Virtutem</span> <span class='ocrx_word' id='word_1_208' title='bbox 582 2195 748 2227; x_wconf 81' lang='lat' dir='ltr'>doctrina-</span> <span class='ocrx_word' id='word_1_209' title='bbox 770 2204 838 2235; x_wconf 83' lang='lat' dir='ltr'>pa-</span> 
     </span>
     <span class='ocr_line' id='line_1_41' title="bbox 113 2239 837 2295; baseline 0.003 -22"><span class='ocrx_word' id='word_1_210' title='bbox 113 2239 183 2282; x_wconf 79' lang='lat' dir='ltr'>ret]</span> <span class='ocrx_word' id='word_1_211' title='bbox 209 2239 326 2274; x_wconf 83' lang='lat' dir='ltr'>Solita</span> <span class='ocrx_word' id='word_1_212' title='bbox 341 2241 651 2295; x_wconf 84' lang='lat' dir='ltr'>philosophorum</span> <span class='ocrx_word' id='word_1_213' title='bbox 668 2242 837 2285; x_wconf 81' lang='lat' dir='ltr'>quaestio</span> 
     </span>
     <span class='ocr_line' id='line_1_42' title="bbox 114 2284 839 2334; baseline 0.004 -15"><span class='ocrx_word' id='word_1_214' title='bbox 114 2288 198 2334; x_wconf 76' lang='grc' dir='ltr'>περὶ</span> <span class='ocrx_word' id='word_1_215' title='bbox 221 2284 376 2334; x_wconf 76' lang='grc' dir='ltr'><em>ἀρετῆς,</em></span> <span class='ocrx_word' id='word_1_216' title='bbox 409 2289 443 2320; x_wconf 76' lang='grc' dir='ltr'>εἰ</span> <span class='ocrx_word' id='word_1_217' title='bbox 465 2284 653 2320; x_wconf 76' lang='grc' dir='ltr'>διδακτόν·</span> <span class='ocrx_word' id='word_1_218' title='bbox 685 2287 731 2321; x_wconf 91' lang='lat' dir='ltr'>de</span> <span class='ocrx_word' id='word_1_219' title='bbox 765 2299 839 2332; x_wconf 88' lang='lat' dir='ltr'>qua</span> 
     </span>
     <span class='ocr_line' id='line_1_43' title="bbox 113 2333 839 2369; baseline 0.001 -2"><span class='ocrx_word' id='word_1_220' title='bbox 113 2333 182 2367; x_wconf 76' lang='lat' dir='ltr'>cfr.</span> <span class='ocrx_word' id='word_1_221' title='bbox 206 2333 374 2368; x_wconf 78' lang='lat' dir='ltr'>Platonis</span> <span class='ocrx_word' id='word_1_222' title='bbox 398 2334 607 2369; x_wconf 82' lang='lat' dir='ltr'>Menonem.</span> <span class='ocrx_word' id='word_1_223' title='bbox 650 2334 725 2368; x_wconf 84' lang='lat' dir='ltr'>Cic.</span> <span class='ocrx_word' id='word_1_224' title='bbox 749 2335 839 2368; x_wconf 91' lang='lat' dir='ltr'>Par-</span> 
     </span>
     <span class='ocr_line' id='line_1_44' title="bbox 113 2380 839 2423; baseline 0 -9"><span class='ocrx_word' id='word_1_225' title='bbox 113 2380 185 2415; x_wconf 75' lang='lat' dir='ltr'>titt.</span> <span class='ocrx_word' id='word_1_226' title='bbox 212 2391 265 2414; x_wconf 85' lang='lat' dir='ltr'>or.</span> <span class='ocrx_word' id='word_1_227' title='bbox 284 2382 339 2423; x_wconf 90' lang='lat'>18,</span> <span class='ocrx_word' id='word_1_228' title='bbox 366 2383 431 2415; x_wconf 83' lang='lat'>64:</span> <span class='ocrx_word' id='word_1_229' title='bbox 457 2390 613 2422; x_wconf 82' lang='lat' dir='ltr'>quonam</span> <span class='ocrx_word' id='word_1_230' title='bbox 635 2384 742 2423; x_wconf 85' lang='lat' dir='ltr'>paeto</span> <span class='ocrx_word' id='word_1_231' title='bbox 766 2383 839 2415; x_wconf 85' lang='lat' dir='ltr'>vir-</span> 
     </span>
     <span class='ocr_line' id='line_1_45' title="bbox 113 2429 840 2471; baseline 0.001 -10"><span class='ocrx_word' id='word_1_232' title='bbox 113 2430 172 2461; x_wconf 75' lang='lat' dir='ltr'>tus</span> <span class='ocrx_word' id='word_1_233' title='bbox 192 2429 383 2471; x_wconf 80' lang='lat' dir='ltr'>pariatur,</span> <span class='ocrx_word' id='word_1_234' title='bbox 417 2431 599 2462; x_wconf 79' lang='lat' dir='ltr'>naturane</span> <span class='ocrx_word' id='word_1_235' title='bbox 624 2438 674 2462; x_wconf 86' lang='lat' dir='ltr'>an</span> <span class='ocrx_word' id='word_1_236' title='bbox 697 2430 840 2462; x_wconf 86' lang='lat' dir='ltr'>ratione</span> 
     </span>
     <span class='ocr_line' id='line_1_46' title="bbox 115 2475 839 2518; baseline 0.003 -10"><span class='ocrx_word' id='word_1_237' title='bbox 115 2483 166 2508; x_wconf 88' lang='lat' dir='ltr'>an</span> <span class='ocrx_word' id='word_1_238' title='bbox 189 2484 270 2508; x_wconf 79' lang='lat' dir='ltr'>usu.</span> <span class='ocrx_word' id='word_1_239' title='bbox 297 2494 340 2499; x_wconf 88' lang='lat'>—-</span> <span class='ocrx_word' id='word_1_240' title='bbox 366 2477 452 2516; x_wconf 81' lang='lat' dir='ltr'>quid</span> <span class='ocrx_word' id='word_1_241' title='bbox 477 2478 509 2508; x_wconf 88' lang='lat' dir='ltr'>te</span> <span class='ocrx_word' id='word_1_242' title='bbox 534 2477 598 2508; x_wconf 83' lang='lat' dir='ltr'>tibi</span> <span class='ocrx_word' id='word_1_243' title='bbox 623 2475 707 2518; x_wconf 62' lang='lat' dir='ltr'>cet]</span> <span class='ocrx_word' id='word_1_244' title='bbox 733 2475 839 2510; x_wconf 83' lang='lat' dir='ltr'>Plato</span> 
     </span>
     <span class='ocr_line' id='line_1_47' title="bbox 114 2520 841 2576; baseline 0.001 -22"><span class='ocrx_word' id='word_1_245' title='bbox 114 2520 161 2555; x_wconf 85' lang='lat' dir='ltr'>de</span> <span class='ocrx_word' id='word_1_246' title='bbox 184 2521 277 2566; x_wconf 85' lang='lat' dir='ltr'>Rep.</span> <span class='ocrx_word' id='word_1_247' title='bbox 305 2524 359 2556; x_wconf 93' lang='grc'>10.</span> <span class='ocrx_word' id='word_1_248' title='bbox 383 2533 477 2576; x_wconf 89' lang='lat' dir='ltr'>pag.</span> <span class='ocrx_word' id='word_1_249' title='bbox 493 2524 572 2556; x_wconf 82' lang='lat'>621.</span> <span class='ocrx_word' id='word_1_250' title='bbox 600 2522 646 2556; x_wconf 82' lang='lat' dir='ltr'>C:</span> <span class='ocrx_word' id='word_1_251' title='bbox 688 2522 841 2555; x_wconf 83' lang='grc' dir='ltr'>Δικαιο-</span> 
     </span>
     <span class='ocr_line' id='line_1_48' title="bbox 115 2565 842 2625; baseline 0.001 -24"><span class='ocrx_word' id='word_1_252' title='bbox 115 2565 235 2612; x_wconf 84' lang='grc' dir='ltr'>σύνην</span> <span class='ocrx_word' id='word_1_253' title='bbox 243 2579 339 2611; x_wconf 80' lang='grc' dir='ltr'><em>μετα</em></span> <span class='ocrx_word' id='word_1_254' title='bbox 345 2581 380 2610; x_wconf 72' lang='grc' dir='ltr'>,ᾳ</span> <span class='ocrx_word' id='word_1_255' title='bbox 382 2565 576 2623; x_wconf 79' lang='grc' dir='ltr'><em>ρονήσεως</em></span> <span class='ocrx_word' id='word_1_256' title='bbox 590 2580 664 2602; x_wconf 78' lang='grc' dir='ltr'>παι</span> <span class='ocrx_word' id='word_1_257' title='bbox 658 2571 701 2602; x_wconf 83' lang='grc' dir='ltr'>τὶ</span> <span class='ocrx_word' id='word_1_258' title='bbox 715 2567 842 2625; x_wconf 76' lang='grc' dir='ltr'><em>τρόπῳ</em></span> 
     </span>
     <span class='ocr_line' id='line_1_49' title="bbox 116 2607 843 2661; baseline 0.003 -14"><span class='ocrx_word' id='word_1_259' title='bbox 116 2612 420 2661; x_wconf 78' lang='grc' dir='ltr'><em>ἐπιτηδεύσομεν,</em></span> <span class='ocrx_word' id='word_1_260' title='bbox 443 2615 504 2649; x_wconf 83' lang='grc' dir='ltr'>ι’να</span> <span class='ocrx_word' id='word_1_261' title='bbox 520 2618 585 2649; x_wconf 81' lang='grc' dir='ltr'>καὶ</span> <span class='ocrx_word' id='word_1_262' title='bbox 603 2614 695 2660; x_wconf 80' lang='grc' dir='ltr'>ἡμῖν</span> <span class='ocrx_word' id='word_1_263' title='bbox 711 2607 843 2658; x_wconf 72' lang='grc' dir='ltr'><em>αὐτοῖς</em></span> 
     </span>
     <span class='ocr_line' id='line_1_50' title="bbox 118 2660 842 2707; baseline 0.004 -13"><span class='ocrx_word' id='word_1_264' title='bbox 118 2660 227 2701; x_wconf 75' lang='grc' dir='ltr'>φίλοι</span> <span class='ocrx_word' id='word_1_265' title='bbox 249 2661 350 2706; x_wconf 74' lang='grc' dir='ltr'><em>ὦμεν</em></span> <span class='ocrx_word' id='word_1_266' title='bbox 366 2665 433 2696; x_wconf 84' lang='grc' dir='ltr'>καὶ</span> <span class='ocrx_word' id='word_1_267' title='bbox 455 2667 535 2705; x_wconf 76' lang='grc' dir='ltr'><em>τοῖς</em></span> <span class='ocrx_word' id='word_1_268' title='bbox 552 2663 667 2705; x_wconf 82' lang='grc' dir='ltr'><em>θεοῖς.</em></span> <span class='ocrx_word' id='word_1_269' title='bbox 682 2683 724 2687; x_wconf 95' lang='grc'><strong>-</strong></span> <span class='ocrx_word' id='word_1_270' title='bbox 737 2664 842 2707; x_wconf 87' lang='lat' dir='ltr'>pure]</span> 
     </span>
     <span class='ocr_line' id='line_1_51' title="bbox 122 2706 844 2754; baseline 0.004 -14"><span class='ocrx_word' id='word_1_271' title='bbox 122 2706 289 2749; x_wconf 84' lang='lat' dir='ltr'>„sincere</span> <span class='ocrx_word' id='word_1_272' title='bbox 315 2720 357 2744; x_wconf 85' lang='lat' dir='ltr'>ac</span> <span class='ocrx_word' id='word_1_273' title='bbox 380 2710 563 2754; x_wconf 79' lang='lat' dir='ltr'>perfecte,</span> <span class='ocrx_word' id='word_1_274' title='bbox 598 2711 689 2745; x_wconf 89' lang='lat' dir='ltr'>adeo</span> <span class='ocrx_word' id='word_1_275' title='bbox 716 2713 758 2743; x_wconf 89' lang='lat' dir='ltr'>ut</span> <span class='ocrx_word' id='word_1_276' title='bbox 788 2711 844 2743; x_wconf 89' lang='lat' dir='ltr'>ni-</span> 
     </span>
    </p>
   </div>
   <div class='ocr_carea' id='block_1_12' title="bbox 875 975 1622 2754">
    <p class='ocr_par' dir='ltr' id='par_1_13' title="bbox 875 975 1612 1631">
     <span class='ocr_line' id='line_1_52' title="bbox 875 975 1608 1009; baseline -0.004 -1"><span class='ocrx_word' id='word_1_277' title='bbox 875 975 929 1008; x_wconf 92' lang='lat' dir='ltr'>hil</span> <span class='ocrx_word' id='word_1_278' title='bbox 953 976 1026 1009; x_wconf 86' lang='lat' dir='ltr'>iam</span> <span class='ocrx_word' id='word_1_279' title='bbox 1045 975 1144 1008; x_wconf 87' lang='lat' dir='ltr'>ultra</span> <span class='ocrx_word' id='word_1_280' title='bbox 1161 975 1429 1009; x_wconf 81' lang='lat' dir='ltr'>desideretur.</span> <span class='ocrx_word' id='word_1_281' title='bbox 1449 994 1488 997; x_wconf 30' lang='grc' dir='ltr'>-ν-</span> <span class='ocrx_word' id='word_1_282' title='bbox 1505 976 1608 1006; x_wconf 85' lang='lat' dir='ltr'>tran-</span> 
     </span>
     <span class='ocr_line' id='line_1_53' title="bbox 876 1021 1606 1066; baseline -0.001 -11"><span class='ocrx_word' id='word_1_283' title='bbox 876 1022 1024 1065; x_wconf 81' lang='lat' dir='ltr'>quillet]</span> <span class='ocrx_word' id='word_1_284' title='bbox 1069 1021 1238 1064; x_wconf 86' lang='lat' dir='ltr'>„Quibus</span> <span class='ocrx_word' id='word_1_285' title='bbox 1281 1021 1416 1055; x_wconf 87' lang='lat' dir='ltr'>studiis</span> <span class='ocrx_word' id='word_1_286' title='bbox 1455 1031 1606 1066; x_wconf 88' lang='lat' dir='ltr'>quoque</span> 
     </span>
     <span class='ocr_line' id='line_1_54' title="bbox 875 1068 1608 1113; baseline -0.001 -11"><span class='ocrx_word' id='word_1_287' title='bbox 875 1069 972 1103; x_wconf 84' lang='lat' dir='ltr'>vitae</span> <span class='ocrx_word' id='word_1_288' title='bbox 1006 1069 1179 1103; x_wconf 85' lang='lat' dir='ltr'>instituto</span> <span class='ocrx_word' id='word_1_289' title='bbox 1214 1069 1259 1103; x_wconf 85' lang='lat' dir='ltr'>ad</span> <span class='ocrx_word' id='word_1_290' title='bbox 1285 1068 1469 1113; x_wconf 79' lang='lat' dir='ltr'>placidam</span> <span class='ocrx_word' id='word_1_291' title='bbox 1502 1068 1608 1112; x_wconf 88' lang='lat' dir='ltr'>quie-</span> 
     </span>
     <span class='ocr_line' id='line_1_55' title="bbox 876 1115 1607 1160; baseline -0.003 -10"><span class='ocrx_word' id='word_1_292' title='bbox 876 1119 1027 1160; x_wconf 88' lang='lat' dir='ltr'>tamque</span> <span class='ocrx_word' id='word_1_293' title='bbox 1042 1116 1313 1150; x_wconf 85' lang='lat' dir='ltr'>constantiam“</span> <span class='ocrx_word' id='word_1_294' title='bbox 1325 1116 1383 1159; x_wconf 91' lang='lat' dir='ltr'>(ut</span> <span class='ocrx_word' id='word_1_295' title='bbox 1393 1115 1607 1160; x_wconf 85' lang='lat' dir='ltr'>tranquilli-</span> 
     </span>
     <span class='ocr_line' id='line_1_56' title="bbox 875 1163 1608 1204; baseline 0 -8"><span class='ocrx_word' id='word_1_296' title='bbox 875 1167 989 1198; x_wconf 85' lang='lat' dir='ltr'>tatem</span> <span class='ocrx_word' id='word_1_297' title='bbox 1026 1163 1158 1197; x_wconf 87' lang='lat' dir='ltr'>definit</span> <span class='ocrx_word' id='word_1_298' title='bbox 1191 1163 1321 1197; x_wconf 85' lang='lat' dir='ltr'>Cicero</span> <span class='ocrx_word' id='word_1_299' title='bbox 1356 1163 1467 1197; x_wconf 85' lang='lat' dir='ltr'>Tusc.</span> <span class='ocrx_word' id='word_1_300' title='bbox 1500 1165 1541 1204; x_wconf 81' lang='lat'>4,</span> <span class='ocrx_word' id='word_1_301' title='bbox 1574 1164 1608 1204; x_wconf 84' lang='lat'>5,</span> 
     </span>
     <span class='ocr_line' id='line_1_57' title="bbox 880 1210 1606 1255; baseline -0.001 -12"><span class='ocrx_word' id='word_1_302' title='bbox 880 1211 949 1252; x_wconf 92' lang='lat'>10.)</span> <span class='ocrx_word' id='word_1_303' title='bbox 978 1213 1250 1255; x_wconf 76' lang='lat' dir='ltr'>„perventurus</span> <span class='ocrx_word' id='word_1_304' title='bbox 1277 1211 1353 1244; x_wconf 77' lang='lat' dir='ltr'>sis?</span> <span class='ocrx_word' id='word_1_305' title='bbox 1387 1213 1514 1243; x_wconf 86' lang='lat' dir='ltr'>utrum</span> <span class='ocrx_word' id='word_1_306' title='bbox 1540 1210 1606 1243; x_wconf 88' lang='lat' dir='ltr'>ho-</span> 
     </span>
     <span class='ocr_line' id='line_1_58' title="bbox 877 1257 1610 1300; baseline -0.001 -10"><span class='ocrx_word' id='word_1_307' title='bbox 877 1258 1055 1299; x_wconf 88' lang='lat' dir='ltr'>noribus,</span> <span class='ocrx_word' id='word_1_308' title='bbox 1089 1268 1137 1291; x_wconf 88' lang='lat' dir='ltr'>an</span> <span class='ocrx_word' id='word_1_309' title='bbox 1163 1257 1322 1299; x_wconf 83' lang='lat' dir='ltr'>divitiis,</span> <span class='ocrx_word' id='word_1_310' title='bbox 1356 1267 1403 1290; x_wconf 86' lang='lat' dir='ltr'>an</span> <span class='ocrx_word' id='word_1_311' title='bbox 1430 1258 1507 1290; x_wconf 85' lang='lat' dir='ltr'>vita</span> <span class='ocrx_word' id='word_1_312' title='bbox 1530 1257 1610 1300; x_wconf 82' lang='lat' dir='ltr'>pla-</span> 
     </span>
     <span class='ocr_line' id='line_1_59' title="bbox 878 1303 1610 1349; baseline -0.003 -11"><span class='ocrx_word' id='word_1_313' title='bbox 878 1304 962 1338; x_wconf 85' lang='lat' dir='ltr'>cida</span> <span class='ocrx_word' id='word_1_314' title='bbox 996 1312 1032 1338; x_wconf 83' lang='lat' dir='ltr'>et</span> <span class='ocrx_word' id='word_1_315' title='bbox 1065 1304 1213 1348; x_wconf 88' lang='lat' dir='ltr'>quieta,</span> <span class='ocrx_word' id='word_1_316' title='bbox 1251 1304 1362 1349; x_wconf 88' lang='lat' dir='ltr'>longe</span> <span class='ocrx_word' id='word_1_317' title='bbox 1388 1315 1409 1338; x_wconf 90' lang='lat' dir='ltr'>a</span> <span class='ocrx_word' id='word_1_318' title='bbox 1440 1303 1610 1337; x_wconf 85' lang='lat' dir='ltr'>multitu·</span> 
     </span>
     <span class='ocr_line' id='line_1_60' title="bbox 878 1351 1611 1385; baseline 0 -1"><span class='ocrx_word' id='word_1_319' title='bbox 878 1351 977 1384; x_wconf 88' lang='lat' dir='ltr'>dinis</span> <span class='ocrx_word' id='word_1_320' title='bbox 1012 1351 1132 1385; x_wconf 85' lang='lat' dir='ltr'>turbis</span> <span class='ocrx_word' id='word_1_321' title='bbox 1164 1351 1384 1385; x_wconf 77' lang='lat' dir='ltr'>traducta?“</span> <span class='ocrx_word' id='word_1_322' title='bbox 1410 1369 1459 1375; x_wconf 96' lang='lat'>—-</span> <span class='ocrx_word' id='word_1_323' title='bbox 1482 1352 1611 1384; x_wconf 79' lang='lat' dir='ltr'>semita</span> 
     </span>
     <span class='ocr_line' id='line_1_61' title="bbox 878 1397 1610 1440; baseline 0.001 -10"><span class='ocrx_word' id='word_1_324' title='bbox 878 1399 1011 1439; x_wconf 79' lang='lat' dir='ltr'>fallens</span> <span class='ocrx_word' id='word_1_325' title='bbox 1052 1401 1109 1432; x_wconf 85' lang='lat' dir='ltr'>est</span> <span class='ocrx_word' id='word_1_326' title='bbox 1149 1398 1270 1432; x_wconf 87' lang='lat' dir='ltr'>latens</span> <span class='ocrx_word' id='word_1_327' title='bbox 1311 1397 1610 1440; x_wconf 80' lang='lat' dir='ltr'>multitudinem3</span> 
     </span>
     <span class='ocr_line' id='line_1_62' title="bbox 880 1445 1612 1490; baseline 0 -12"><span class='ocrx_word' id='word_1_328' title='bbox 880 1454 992 1489; x_wconf 84' lang='lat' dir='ltr'>quam</span> <span class='ocrx_word' id='word_1_329' title='bbox 1019 1446 1187 1479; x_wconf 81' lang='lat' dir='ltr'>semitam</span> <span class='ocrx_word' id='word_1_330' title='bbox 1213 1445 1279 1490; x_wconf 90' lang='lat' dir='ltr'>qui</span> <span class='ocrx_word' id='word_1_331' title='bbox 1305 1445 1517 1490; x_wconf 85' lang='lat' dir='ltr'>ingreditur</span> <span class='ocrx_word' id='word_1_332' title='bbox 1542 1446 1612 1478; x_wconf 78' lang='lat' dir='ltr'>iter</span> 
     </span>
     <span class='ocr_line' id='line_1_63' title="bbox 879 1492 1612 1527; baseline 0 -2"><span class='ocrx_word' id='word_1_333' title='bbox 879 1492 992 1526; x_wconf 86' lang='lat' dir='ltr'>habet</span> <span class='ocrx_word' id='word_1_334' title='bbox 1015 1495 1190 1525; x_wconf 78' lang='lat' dir='ltr'>secretum</span> <span class='ocrx_word' id='word_1_335' title='bbox 1214 1492 1261 1527; x_wconf 85' lang='lat' dir='ltr'>ab</span> <span class='ocrx_word' id='word_1_336' title='bbox 1286 1493 1480 1526; x_wconf 90' lang='lat' dir='ltr'>hominum</span> <span class='ocrx_word' id='word_1_337' title='bbox 1501 1492 1612 1526; x_wconf 86' lang='lat' dir='ltr'>vesti-</span> 
     </span>
     <span class='ocr_line' id='line_1_64' title="bbox 880 1539 1614 1584; baseline 0 -12"><span class='ocrx_word' id='word_1_338' title='bbox 880 1539 951 1584; x_wconf 85' lang='lat' dir='ltr'>giis</span> <span class='ocrx_word' id='word_1_339' title='bbox 977 1549 1020 1572; x_wconf 87' lang='lat' dir='ltr'>ac</span> <span class='ocrx_word' id='word_1_340' title='bbox 1046 1539 1270 1574; x_wconf 87' lang='lat' dir='ltr'>solitarium.</span> <span class='ocrx_word' id='word_1_341' title='bbox 1315 1539 1384 1573; x_wconf 82' lang='lat' dir='ltr'>Est</span> <span class='ocrx_word' id='word_1_342' title='bbox 1408 1550 1542 1574; x_wconf 85' lang='lat' dir='ltr'>rursus</span> <span class='ocrx_word' id='word_1_343' title='bbox 1567 1539 1614 1572; x_wconf 86' lang='lat' dir='ltr'>il-</span> 
     </span>
     <span class='ocr_line' id='line_1_65' title="bbox 880 1582 1611 1631; baseline 0.001 -12"><span class='ocrx_word' id='word_1_344' title='bbox 880 1587 946 1619; x_wconf 92' lang='lat' dir='ltr'>lud</span> <span class='ocrx_word' id='word_1_345' title='bbox 964 1582 1058 1619; x_wconf 76' lang='grc' dir='ltr'>λάθε</span> <span class='ocrx_word' id='word_1_346' title='bbox 1074 1583 1234 1628; x_wconf 80' lang='grc' dir='ltr'><em>βιώσας,</em></span> <span class='ocrx_word' id='word_1_347' title='bbox 1260 1589 1302 1620; x_wconf 88' lang='lat' dir='ltr'>ut</span> <span class='ocrx_word' id='word_1_348' title='bbox 1318 1586 1411 1631; x_wconf 83' lang='lat' dir='ltr'>Epp,</span> <span class='ocrx_word' id='word_1_349' title='bbox 1432 1589 1463 1628; x_wconf 87' lang='lat'>1,</span> <span class='ocrx_word' id='word_1_350' title='bbox 1483 1588 1538 1628; x_wconf 80' lang='grc'>17,</span> <span class='ocrx_word' id='word_1_351' title='bbox 1558 1588 1611 1620; x_wconf 88' lang='grc'>10,</span> 
     </span>
    </p>

    <p class='ocr_par' dir='ltr' id='par_1_14' title="bbox 881 1630 1622 2754">
     <span class='ocr_line' id='line_1_66' title="bbox 931 1630 1613 1676; baseline -0.002 -9"><span class='ocrx_word' id='word_1_352' title='bbox 931 1635 1094 1667; x_wconf 81' lang='lat'>104-108.</span> <span class='ocrx_word' id='word_1_353' title='bbox 1127 1634 1183 1667; x_wconf 81' lang='lat' dir='ltr'>De</span> <span class='ocrx_word' id='word_1_354' title='bbox 1209 1630 1392 1676; x_wconf 73' lang='lat' dir='ltr'>Diqentia,</span> <span class='ocrx_word' id='word_1_355' title='bbox 1417 1633 1529 1667; x_wconf 87' lang='lat' dir='ltr'>hodie</span> <span class='ocrx_word' id='word_1_356' title='bbox 1555 1634 1613 1666; x_wconf 87' lang='lat' dir='ltr'>Li-</span> 
     </span>
     <span class='ocr_line' id='line_1_67' title="bbox 881 1680 1612 1725; baseline -0.001 -11"><span class='ocrx_word' id='word_1_357' title='bbox 881 1690 998 1722; x_wconf 86' lang='lat' dir='ltr'>cenza,</span> <span class='ocrx_word' id='word_1_358' title='bbox 1024 1680 1108 1714; x_wconf 87' lang='lat' dir='ltr'>vide</span> <span class='ocrx_word' id='word_1_359' title='bbox 1125 1681 1217 1725; x_wconf 84' lang='lat' dir='ltr'>Epp.</span> <span class='ocrx_word' id='word_1_360' title='bbox 1238 1684 1268 1722; x_wconf 88' lang='lat'>1,</span> <span class='ocrx_word' id='word_1_361' title='bbox 1293 1683 1347 1723; x_wconf 87' lang='lat'>16,</span> <span class='ocrx_word' id='word_1_362' title='bbox 1375 1682 1430 1714; x_wconf 82' lang='lat'>12.</span> <span class='ocrx_word' id='word_1_363' title='bbox 1446 1681 1612 1715; x_wconf 79' lang='lat' dir='ltr'>—Man-</span> 
     </span>
     <span class='ocr_line' id='line_1_68' title="bbox 881 1706 1610 1770; baseline -0.001 -9"><span class='ocrx_word' id='word_1_364' title='bbox 881 1728 965 1761; x_wconf 78' lang='lat' dir='ltr'>dela</span> <span class='ocrx_word' id='word_1_365' title='bbox 991 1727 1084 1770; x_wconf 86' lang='lat' dir='ltr'>cet.]</span> <span class='ocrx_word' id='word_1_366' title='bbox 1124 1706 1328 1769; x_wconf 82' lang='lat' dir='ltr'>„Mandela</span> <span class='ocrx_word' id='word_1_367' title='bbox 1354 1728 1405 1770; x_wconf 90' lang='lat' dir='ltr'>(h.</span> <span class='ocrx_word' id='word_1_368' title='bbox 1431 1727 1610 1770; x_wconf 84' lang='lat' dir='ltr'>Bardela)</span> 
     </span>
     <span class='ocr_line' id='line_1_69' title="bbox 881 1774 1614 1819; baseline -0.001 -11"><span class='ocrx_word' id='word_1_369' title='bbox 881 1785 1000 1819; x_wconf 84' lang='lat' dir='ltr'>pagus</span> <span class='ocrx_word' id='word_1_370' title='bbox 1034 1778 1090 1808; x_wconf 84' lang='lat' dir='ltr'>est</span> <span class='ocrx_word' id='word_1_371' title='bbox 1123 1775 1161 1808; x_wconf 88' lang='lat' dir='ltr'>in</span> <span class='ocrx_word' id='word_1_372' title='bbox 1195 1774 1346 1808; x_wconf 87' lang='lat' dir='ltr'>Sabinis</span> <span class='ocrx_word' id='word_1_373' title='bbox 1380 1774 1492 1808; x_wconf 90' lang='lat' dir='ltr'>nimis</span> <span class='ocrx_word' id='word_1_374' title='bbox 1525 1785 1614 1808; x_wconf 90' lang='lat' dir='ltr'>con-</span> 
     </span>
     <span class='ocr_line' id='line_1_70' title="bbox 882 1821 1615 1867; baseline 0 -12"><span class='ocrx_word' id='word_1_375' title='bbox 882 1822 1037 1855; x_wconf 84' lang='lat' dir='ltr'>trahens</span> <span class='ocrx_word' id='word_1_376' title='bbox 1070 1824 1182 1866; x_wconf 84' lang='lat' dir='ltr'>atque</span> <span class='ocrx_word' id='word_1_377' title='bbox 1220 1821 1366 1867; x_wconf 87' lang='lat' dir='ltr'>algidus</span> <span class='ocrx_word' id='word_1_378' title='bbox 1403 1822 1543 1866; x_wconf 87' lang='lat' dir='ltr'>frigore</span> <span class='ocrx_word' id='word_1_379' title='bbox 1579 1824 1615 1855; x_wconf 86' lang='lat' dir='ltr'>et</span> 
     </span>
     <span class='ocr_line' id='line_1_71' title="bbox 882 1869 1611 1913; baseline 0.001 -11"><span class='ocrx_word' id='word_1_380' title='bbox 882 1879 1020 1913; x_wconf 85' lang='lat' dir='ltr'>rugosa</span> <span class='ocrx_word' id='word_1_381' title='bbox 1036 1869 1180 1902; x_wconf 85' lang='lat' dir='ltr'>faciens</span> <span class='ocrx_word' id='word_1_382' title='bbox 1196 1869 1392 1903; x_wconf 88' lang='lat' dir='ltr'>hominum</span> <span class='ocrx_word' id='word_1_383' title='bbox 1419 1879 1590 1913; x_wconf 83' lang='lat' dir='ltr'>corpora.</span> <span class='ocrx_word' id='word_1_384' title='bbox 1594 1869 1611 1887; x_wconf 73' lang='lat'>‘⁶</span> 
     </span>
     <span class='ocr_line' id='line_1_72' title="bbox 882 1915 1614 1950; baseline 0.001 -2"><span class='ocrx_word' id='word_1_385' title='bbox 882 1915 1031 1949; x_wconf 64' lang='lat' dir='ltr'>Pomm.</span> <span class='ocrx_word' id='word_1_386' title='bbox 1072 1916 1241 1950; x_wconf 76' lang='lat' dir='ltr'>Passow:</span> <span class='ocrx_word' id='word_1_387' title='bbox 1280 1917 1614 1949; x_wconf 78' lang='lat' dir='ltr'>hautrunzeln-</span> 
     </span>
     <span class='ocr_line' id='line_1_73' title="bbox 883 1963 1615 2005; baseline 0.001 -10"><span class='ocrx_word' id='word_1_388' title='bbox 883 1965 960 1995; x_wconf 77' lang='lat' dir='ltr'>des</span> <span class='ocrx_word' id='word_1_389' title='bbox 984 1964 1222 2004; x_wconf 79' lang='lat' dir='ltr'>Do&#39;rschen</span> <span class='ocrx_word' id='word_1_390' title='bbox 1247 1979 1293 1987; x_wconf 91' lang='lat'>-—-</span> <span class='ocrx_word' id='word_1_391' title='bbox 1319 1963 1426 2005; x_wconf 77' lang='lat' dir='ltr'>bibit]</span> <span class='ocrx_word' id='word_1_392' title='bbox 1457 1963 1540 1996; x_wconf 75' lang='lat' dir='ltr'>vid.</span> <span class='ocrx_word' id='word_1_393' title='bbox 1567 1963 1615 1997; x_wconf 87' lang='lat' dir='ltr'>ad</span> 
     </span>
     <span class='ocr_line' id='line_1_74' title="bbox 885 2008 1615 2051; baseline 0.001 -9"><span class='ocrx_word' id='word_1_394' title='bbox 885 2008 951 2042; x_wconf 89' lang='lat' dir='ltr'>Od.</span> <span class='ocrx_word' id='word_1_395' title='bbox 979 2011 1020 2051; x_wconf 85' lang='lat'>2,</span> <span class='ocrx_word' id='word_1_396' title='bbox 1045 2011 1111 2050; x_wconf 81' lang='grc'><em>20,</em></span> <span class='ocrx_word' id='word_1_397' title='bbox 1138 2012 1201 2044; x_wconf 83' lang='grc' dir='ltr'>2οε</span> <span class='ocrx_word' id='word_1_398' title='bbox 1235 2011 1474 2050; x_wconf 78' lang='lat' dir='ltr'>Rhodanique</span> <span class='ocrx_word' id='word_1_399' title='bbox 1496 2012 1615 2051; x_wconf 83' lang='lat' dir='ltr'>potor.</span> 
     </span>
     <span class='ocr_line' id='line_1_75' title="bbox 885 2057 1616 2099; baseline 0.001 -11"><span class='ocrx_word' id='word_1_400' title='bbox 885 2074 928 2078; x_wconf 90' lang='lat'><strong>—</strong></span> <span class='ocrx_word' id='word_1_401' title='bbox 946 2057 998 2089; x_wconf 86' lang='lat' dir='ltr'>Sit</span> <span class='ocrx_word' id='word_1_402' title='bbox 1023 2058 1113 2088; x_wconf 79' lang='lat' dir='ltr'>mihi</span> <span class='ocrx_word' id='word_1_403' title='bbox 1130 2057 1214 2099; x_wconf 73' lang='lat' dir='ltr'>cet]</span> <span class='ocrx_word' id='word_1_404' title='bbox 1243 2057 1488 2098; x_wconf 85' lang='lat' dir='ltr'>„Permaneat</span> <span class='ocrx_word' id='word_1_405' title='bbox 1512 2057 1616 2098; x_wconf 85' lang='lat' dir='ltr'>mihi,</span> 
     </span>
     <span class='ocr_line' id='line_1_76' title="bbox 886 2102 1615 2146; baseline 0.001 -11"><span class='ocrx_word' id='word_1_406' title='bbox 886 2102 989 2146; x_wconf 89' lang='lat' dir='ltr'>quod</span> <span class='ocrx_word' id='word_1_407' title='bbox 1030 2113 1132 2136; x_wconf 91' lang='lat' dir='ltr'>nunc</span> <span class='ocrx_word' id='word_1_408' title='bbox 1172 2103 1366 2146; x_wconf 89' lang='lat' dir='ltr'>possideo;</span> <span class='ocrx_word' id='word_1_409' title='bbox 1407 2104 1541 2146; x_wconf 86' lang='lat' dir='ltr'>etiam,</span> <span class='ocrx_word' id='word_1_410' title='bbox 1583 2104 1615 2137; x_wconf 87' lang='lat' dir='ltr'>si</span> 
     </span>
     <span class='ocr_line' id='line_1_77' title="bbox 885 2149 1617 2192; baseline 0.003 -11"><span class='ocrx_word' id='word_1_411' title='bbox 885 2152 1027 2192; x_wconf 82' lang='lat' dir='ltr'>partem</span> <span class='ocrx_word' id='word_1_412' title='bbox 1053 2150 1107 2182; x_wconf 87' lang='lat' dir='ltr'>rei</span> <span class='ocrx_word' id='word_1_413' title='bbox 1133 2149 1331 2183; x_wconf 86' lang='lat' dir='ltr'>familiaris</span> <span class='ocrx_word' id='word_1_414' title='bbox 1356 2151 1530 2191; x_wconf 77' lang='lat' dir='ltr'>amisero,</span> <span class='ocrx_word' id='word_1_415' title='bbox 1559 2150 1617 2192; x_wconf 47' lang='lat' dir='ltr'>id?</span> 
     </span>
     <span class='ocr_line' id='line_1_78' title="bbox 887 2195 1615 2241; baseline 0.004 -13"><span class='ocrx_word' id='word_1_416' title='bbox 887 2196 986 2228; x_wconf 89' lang='lat' dir='ltr'>circo</span> <span class='ocrx_word' id='word_1_417' title='bbox 1018 2195 1210 2229; x_wconf 85' lang='lat' dir='ltr'>infelicem</span> <span class='ocrx_word' id='word_1_418' title='bbox 1235 2207 1312 2230; x_wconf 89' lang='lat' dir='ltr'>non</span> <span class='ocrx_word' id='word_1_419' title='bbox 1337 2207 1396 2230; x_wconf 88' lang='lat' dir='ltr'>me</span> <span class='ocrx_word' id='word_1_420' title='bbox 1420 2198 1615 2241; x_wconf 74' lang='lat' dir='ltr'>reputabo.</span> 
     </span>
     <span class='ocr_line' id='line_1_79' title="bbox 888 2241 1616 2288; baseline 0.004 -13"><span class='ocrx_word' id='word_1_421' title='bbox 888 2241 1060 2275; x_wconf 86' lang='lat' dir='ltr'>Secundo</span> <span class='ocrx_word' id='word_1_422' title='bbox 1086 2243 1169 2276; x_wconf 88' lang='lat' dir='ltr'>loco</span> <span class='ocrx_word' id='word_1_423' title='bbox 1195 2245 1302 2288; x_wconf 86' lang='lat' dir='ltr'>opto,</span> <span class='ocrx_word' id='word_1_424' title='bbox 1327 2246 1368 2277; x_wconf 83' lang='lat' dir='ltr'>ut</span> <span class='ocrx_word' id='word_1_425' title='bbox 1392 2244 1494 2288; x_wconf 88' lang='lat' dir='ltr'>quod</span> <span class='ocrx_word' id='word_1_426' title='bbox 1519 2245 1616 2278; x_wconf 83' lang='lat' dir='ltr'>vitae</span> 
     </span>
     <span class='ocr_line' id='line_1_80' title="bbox 886 2288 1616 2334; baseline 0.005 -12"><span class='ocrx_word' id='word_1_427' title='bbox 886 2288 978 2322; x_wconf 84' lang='lat' dir='ltr'>mihi</span> <span class='ocrx_word' id='word_1_428' title='bbox 1019 2292 1211 2334; x_wconf 86' lang='lat' dir='ltr'>superest,</span> <span class='ocrx_word' id='word_1_429' title='bbox 1251 2290 1342 2324; x_wconf 88' lang='lat' dir='ltr'>mihi</span> <span class='ocrx_word' id='word_1_430' title='bbox 1382 2301 1465 2325; x_wconf 88' lang='lat' dir='ltr'>meo</span> <span class='ocrx_word' id='word_1_431' title='bbox 1507 2291 1616 2326; x_wconf 89' lang='lat' dir='ltr'>modo</span> 
     </span>
     <span class='ocr_line' id='line_1_81' title="bbox 888 2336 1617 2381; baseline 0.004 -12"><span class='ocrx_word' id='word_1_432' title='bbox 888 2336 1013 2370; x_wconf 86' lang='lat' dir='ltr'>vivere</span> <span class='ocrx_word' id='word_1_433' title='bbox 1037 2336 1167 2371; x_wconf 88' lang='lat' dir='ltr'>liceat:</span> <span class='ocrx_word' id='word_1_434' title='bbox 1195 2348 1315 2381; x_wconf 81' lang='lat' dir='ltr'>„quae</span> <span class='ocrx_word' id='word_1_435' title='bbox 1341 2339 1529 2372; x_wconf 85' lang='lat' dir='ltr'>sententia</span> <span class='ocrx_word' id='word_1_436' title='bbox 1553 2339 1617 2373; x_wconf 91' lang='lat' dir='ltr'>ob-</span> 
     </span>
     <span class='ocr_line' id='line_1_82' title="bbox 889 2383 1618 2427; baseline 0.004 -11"><span class='ocrx_word' id='word_1_437' title='bbox 889 2386 1060 2417; x_wconf 88' lang='lat' dir='ltr'>scuratur</span> <span class='ocrx_word' id='word_1_438' title='bbox 1086 2383 1248 2418; x_wconf 87' lang='lat' dir='ltr'>lectione</span> <span class='ocrx_word' id='word_1_439' title='bbox 1273 2387 1313 2418; x_wconf 84' lang='lat' dir='ltr'>ut</span> <span class='ocrx_word' id='word_1_440' title='bbox 1330 2386 1430 2427; x_wconf 75' lang='lat' dir='ltr'>mitti,</span> <span class='ocrx_word' id='word_1_441' title='bbox 1457 2386 1534 2419; x_wconf 77' lang='lat' dir='ltr'>sive</span> <span class='ocrx_word' id='word_1_442' title='bbox 1556 2397 1618 2419; x_wconf 85' lang='lat' dir='ltr'>ex-</span> 
     </span>
     <span class='ocr_line' id='line_1_83' title="bbox 887 2429 1622 2474; baseline 0.004 -11"><span class='ocrx_word' id='word_1_443' title='bbox 887 2430 1046 2474; x_wconf 83' lang='lat' dir='ltr'>plicabis</span> <span class='ocrx_word' id='word_1_444' title='bbox 1082 2429 1143 2463; x_wconf 82' lang='grc' dir='ltr'>ἴνα</span> <span class='ocrx_word' id='word_1_445' title='bbox 1176 2430 1270 2471; x_wconf 62' lang='grc' dir='ltr'><em>κτλ,</em></span> <span class='ocrx_word' id='word_1_446' title='bbox 1304 2432 1381 2466; x_wconf 86' lang='lat' dir='ltr'>sive</span> <span class='ocrx_word' id='word_1_447' title='bbox 1414 2443 1500 2466; x_wconf 91' lang='lat' dir='ltr'>cum</span> <span class='ocrx_word' id='word_1_448' title='bbox 1529 2432 1622 2466; x_wconf 89' lang='lat' dir='ltr'>Por-</span> 
     </span>
     <span class='ocr_line' id='line_1_84' title="bbox 888 2477 1617 2522; baseline 0.004 -12"><span class='ocrx_word' id='word_1_449' title='bbox 888 2477 1092 2522; x_wconf 78' lang='lat' dir='ltr'>phyrione:</span> <span class='ocrx_word' id='word_1_450' title='bbox 1112 2477 1332 2520; x_wconf 86' lang='lat' dir='ltr'>„dummodo</span> <span class='ocrx_word' id='word_1_451' title='bbox 1350 2479 1441 2512; x_wconf 90' lang='lat' dir='ltr'>mihi</span> <span class='ocrx_word' id='word_1_452' title='bbox 1456 2480 1617 2521; x_wconf 81' lang='lat' dir='ltr'>vivam3“</span> 
     </span>
     <span class='ocr_line' id='line_1_85' title="bbox 890 2523 1619 2569; baseline 0.003 -12"><span class='ocrx_word' id='word_1_453' title='bbox 890 2523 967 2558; x_wconf 85' lang='lat' dir='ltr'>sive</span> <span class='ocrx_word' id='word_1_454' title='bbox 1003 2535 1076 2566; x_wconf 89' lang='lat' dir='ltr'>„ea</span> <span class='ocrx_word' id='word_1_455' title='bbox 1105 2525 1346 2569; x_wconf 88' lang='lat' dir='ltr'>condicione,</span> <span class='ocrx_word' id='word_1_456' title='bbox 1383 2527 1453 2560; x_wconf 83' lang='lat' dir='ltr'>ut“</span> <span class='ocrx_word' id='word_1_457' title='bbox 1489 2530 1559 2560; x_wconf 83' lang='lat' dir='ltr'>eet.</span> <span class='ocrx_word' id='word_1_458' title='bbox 1586 2529 1619 2559; x_wconf 81' lang='lat' dir='ltr'>el</span> 
     </span>
     <span class='ocr_line' id='line_1_86' title="bbox 889 2572 1619 2607; baseline 0.004 -4"><span class='ocrx_word' id='word_1_459' title='bbox 889 2572 978 2604; x_wconf 75' lang='lat' dir='ltr'>mihi</span> <span class='ocrx_word' id='word_1_460' title='bbox 1000 2573 1122 2605; x_wconf 81' lang='lat' dir='ltr'>vivam</span> <span class='ocrx_word' id='word_1_461' title='bbox 1146 2575 1203 2606; x_wconf 86' lang='lat' dir='ltr'>est</span> <span class='ocrx_word' id='word_1_462' title='bbox 1236 2572 1335 2607; x_wconf 88' lang='lat' dir='ltr'>idem</span> <span class='ocrx_word' id='word_1_463' title='bbox 1362 2583 1405 2606; x_wconf 86' lang='lat' dir='ltr'>ac</span> <span class='ocrx_word' id='word_1_464' title='bbox 1440 2574 1469 2606; x_wconf 88' lang='lat' dir='ltr'>si</span> <span class='ocrx_word' id='word_1_465' title='bbox 1504 2573 1619 2606; x_wconf 80' lang='lat' dir='ltr'>dixis-</span> 
     </span>
     <span class='ocr_line' id='line_1_87' title="bbox 891 2619 1619 2660; baseline 0.001 -9"><span class='ocrx_word' id='word_1_466' title='bbox 891 2620 966 2651; x_wconf 86' lang='lat' dir='ltr'>set:</span> <span class='ocrx_word' id='word_1_467' title='bbox 1002 2621 1061 2660; x_wconf 86' lang='lat' dir='ltr'>„et</span> <span class='ocrx_word' id='word_1_468' title='bbox 1084 2619 1154 2653; x_wconf 88' lang='lat' dir='ltr'>hoc</span> <span class='ocrx_word' id='word_1_469' title='bbox 1181 2619 1274 2653; x_wconf 89' lang='lat' dir='ltr'>bene</span> <span class='ocrx_word' id='word_1_470' title='bbox 1311 2622 1422 2653; x_wconf 83' lang='lat' dir='ltr'>utens</span> <span class='ocrx_word' id='word_1_471' title='bbox 1449 2619 1540 2652; x_wconf 87' lang='lat' dir='ltr'>mihi</span> <span class='ocrx_word' id='word_1_472' title='bbox 1565 2620 1619 2653; x_wconf 79' lang='lat' dir='ltr'>vi·</span> 
     </span>
     <span class='ocr_line' id='line_1_88' title="bbox 891 2665 1621 2710; baseline 0.003 -13"><span class='ocrx_word' id='word_1_473' title='bbox 891 2665 1005 2707; x_wconf 83' lang='lat' dir='ltr'>vam‚“</span> <span class='ocrx_word' id='word_1_474' title='bbox 1033 2666 1237 2710; x_wconf 78' lang='lat' dir='ltr'>optativus,</span> <span class='ocrx_word' id='word_1_475' title='bbox 1264 2677 1340 2699; x_wconf 91' lang='lat' dir='ltr'>non</span> <span class='ocrx_word' id='word_1_476' title='bbox 1366 2666 1552 2707; x_wconf 83' lang='lat' dir='ltr'>futurum,</span> <span class='ocrx_word' id='word_1_477' title='bbox 1578 2669 1621 2700; x_wconf 88' lang='lat' dir='ltr'>ut</span> 
     </span>
     <span class='ocr_line' id='line_1_89' title="bbox 892 2711 1620 2754; baseline 0.003 -9"><span class='ocrx_word' id='word_1_478' title='bbox 892 2711 957 2745; x_wconf 79' lang='lat' dir='ltr'>alii</span> <span class='ocrx_word' id='word_1_479' title='bbox 983 2713 1054 2746; x_wconf 87' lang='lat' dir='ltr'>rati</span> <span class='ocrx_word' id='word_1_480' title='bbox 1080 2716 1185 2754; x_wconf 80' lang='lat' dir='ltr'>sunt3</span> <span class='ocrx_word' id='word_1_481' title='bbox 1211 2713 1266 2746; x_wconf 84' lang='lat' dir='ltr'>vis</span> <span class='ocrx_word' id='word_1_482' title='bbox 1293 2713 1391 2746; x_wconf 90' lang='lat' dir='ltr'>enim</span> <span class='ocrx_word' id='word_1_483' title='bbox 1411 2713 1620 2747; x_wconf 85' lang='lat' dir='ltr'>sententiae</span> 
     </span>
    </p>
   </div>
  </div>
 </body>
</html>
