1774 2930
623 163 718 199 LIB.
741 163 774 198 1.
820 161 975 197 EPIS'r.
998 160 1100 197 xlv.

1536 160 1625 203 345

224 267 278 309 In
305 266 431 323 eulpa
459 269 527 308 est
555 265 744 319 animus,
776 265 849 320 qui
878 277 929 307 se
956 276 1045 306 non
1075 261 1229 319 effugit
1257 275 1460 318 unquam.

227 337 296 379 Tu
323 335 604 380 mediastinus
634 335 765 378 tacita
791 348 921 391 prece
950 347 1052 376 rura
1078 333 1281 390 petebaS,

225 406 351 450 Nunc
377 407 527 450 urbem
558 411 602 449 et
631 405 755 448 ludos
786 409 830 448 et
859 405 1014 448 balnea
1042 404 1194 447 vilicus
1225 406 1375 460 optas3

1571 402 1623 444 15

225 477 296 521 Me
324 482 519 520 constare
549 477 655 519 mihi
687 477 771 519 scis
802 479 847 519 et
876 474 1096 518 discedere
1126 474 1315 528 tristem,

227 548 576 605 Quandocumque
604 547 780 589 trahunt
809 547 950 589 invisa
978 546 1153 602 negotia
1182 545 1378 588 Romam.

225 619 323 662 Non
351 618 502 662 eadem
530 619 756 672 miramur3
788 632 840 660 eo
870 617 1137 660 disconvenit
1168 617 1281 659 inter

225 688 381 747 Meque
410 694 454 733 et
482 694 550 732 te:
581 703 700 739 nam,
730 703 840 745 quae
869 687 1042 731 deserta
1071 691 1115 730 et
1144 687 1363 743 inhospita
1390 690 1510 729 tesca

205 833 260 865 15.
291 832 420 864 vilicus
444 830 501 864 ΒΕ
525 831 625 874 (ιιοιι
652 829 727 871 bc).
769 847 812 854 —
849 831 903 863 19.
936 832 1063 869 tesqua
1088 828 1178 863 Ood.
1205 831 1306 863 certe
1336 826 1574 862 Einsiedlen-

157 878 210 912 sis
235 881 272 912 et
295 877 389 912 Edd.

109 992 229 1031 cetur,
252 989 315 1024 vix
338 989 449 1023 aliter
465 988 547 1023 fieri
564 991 698 1033 potest,
725 998 836 1032 quam

109 1039 154 1070 ut
176 1046 261 1070 cum
284 1035 479 1080 plerisque
504 1035 592 1070 inde
618 1047 640 1070 a
662 1034 835 1069 Laudine

107 1093 229 1127 usque
268 1081 317 1118 ad
358 1081 535 1117 Vossinm
585 1082 836 1127 explicemus:

109 1140 201 1175 „ego
226 1139 271 1164 ac
295 1129 371 1171 tu“,
403 1129 456 1164 ita
480 1132 523 1163 ut
546 1129 719 1163 dominus
746 1140 838 1174 quo-

106 1175 303 1211 dammodo
329 1187 436 1211 servo
455 1188 495 1211 se
513 1177 746 1231 aequiparet,
772 1177 838 1210 sed

107 1223 189 1257 κατ’
229 1225 434 1271 εἰρωνείαν.
491 1223 582 1258 Nam
623 1224 729 1268 ipse,
770 1224 836 1268 qui

107 1281 175 1305 rus
199 1269 285 1305 ideo
310 1270 566 1324 praeferebat,
598 1274 641 1304 ut
672 1271 723 1304 ibi
750 1272 838 1304 sim-

107 1317 245 1362 plicius
286 1317 428 1351 viveret
472 1320 586 1362 atque
627 1318 667 1351 in
710 1328 837 1352 emen·

108 1363 234 1398 dando
252 1375 291 1398 se
309 1364 665 1409 tranquillandoque
678 1364 837 1409 diligen-

108 1414 166 1445 ter
202 1411 429 1453 elaboraret,
467 1412 623 1445 stultum
660 1411 760 1446 serio
798 1422 838 1445 se

108 1467 244 1492 vocare
268 1468 507 1502 nequaquam
531 1461 689 1502 poterat.
724 1457 838 1503 Ergo,

109 1504 211 1550 quod
248 1505 294 1539 ad
331 1515 460 1539 verum
501 1515 652 1541 sensum
694 1506 838 1547 attinet,

110 1555 167 1586 est
183 1552 291 1596 quasi
307 1552 494 1597 generalis
512 1553 716 1586 sententia:
744 1551 837 1593 „Ae-

109 1609 184 1643 que
199 1599 339 1633 stultus
353 1603 409 1633 est
422 1602 580 1643 uterque
598 1603 635 1633 et
652 1599 717 1644 qui
731 1599 839 1633 nulla

108 1648 212 1679 certa
236 1646 383 1680 ratione
401 1646 537 1680 ductus
556 1646 687 1680 urbem
714 1647 772 1689 (ut
796 1649 837 1680 tu

107 1691 217 1735 facis)
243 1695 281 1726 et
306 1694 370 1737 qui
398 1703 463 1727 rus
487 1693 688 1737 praefert.“
715 1712 761 1717 —
787 1694 838 1727 lo-

108 1747 190 1772 cum
211 1741 434 1773 immeritum
460 1740 651 1784 causatur]
678 1740 837 1782 ,loeum‚

107 1786 217 1820 cuius
250 1787 357 1821 nulla
395 1790 452 1821 est
489 1788 619 1832 culpa,
659 1787 837 1828 αἰτιᾶται,

106 1835 293 1868 accusat!
322 1834 384 1868 Sic
410 1833 478 1868 Od.
507 1837 545 1876 1,
580 1836 643 1877 17,
677 1836 740 1868 28:
771 1836 837 1868 im-

105 1881 448 1915 meritam-vestem.
487 1881 562 1915 Sat.
588 1884 621 1923 2,
647 1883 679 1924 3,
706 1884 745 1916 7:
771 1884 837 1915 im-

106 1928 447 1969 meritus-mariae.
468 1948 509 1952 —
531 1929 742 1972 se-effuoit]
767 1928 836 1963 Od.

109 1975 150 2015 2,
185 1976 248 2015 16,
283 1977 345 2008 19;
383 1977 531 2008 Patriae
563 1977 642 2015 quie
677 1978 764 2010 exal
792 1979 836 2010 Se

109 2028 251 2060 quoque
275 2022 393 2062 sunit?
420 2041 462 2045 -—
488 2023 739 2065 mediastinus]
766 2034 787 2056 a
804 2034 836 2056 v.

109 2067 265 2108 medius,
299 2070 342 2100 ut
369 2069 613 2102 clandestinus
638 2080 661 2102 a
684 2080 717 2102 v.
743 2071 838 2102 clam

109 2122 242 2146 servus
278 2113 395 2147 infimi
433 2114 597 2156 ordinis,
637 2116 677 2148 in
713 2116 837 2150 medio

109 2162 274 2203 paratus,
298 2160 394 2194 nulli
413 2165 514 2194 certo
538 2161 748 2196 ministerio
774 2163 837 2196 ad-

110 2205 254 2247 dictus,
288 2207 354 2240 sed
386 2207 520 2241 viliora
552 2219 724 2253 quaeque
758 2220 838 2242 mu-

108 2262 203 2286 nera
239 2253 343 2288 obire
384 2254 536 2293 solitus
576 2255 683 2289 iussu
725 2256 837 2289 etiam

110 2309 375 2334 conservorum
400 2301 584 2335 artificum
601 2303 661 2335 vel
683 2304 836 2347 proprio

109 2346 237 2391 aliquo
253 2358 410 2382 munere
426 2349 673 2403 fungentium,
691 2354 732 2383 ut
749 2353 838 2383 sunt

110 2393 406 2437 dispensatores,
442 2396 747 2437 ratiocinatores,
773 2407 837 2430 ci·-

110 2440 297 2475 bioularii.
339 2442 482 2476 Colum.
509 2446 541 2485 l,
565 2445 599 2485 9,
624 2446 664 2476 3:
697 2421 819 2477 Media

107 2489 224 2521 tainus
257 2490 519 2530 qualiscunque
549 2493 666 2523 status
699 2492 837 2533 (statu-

110 2535 196 2576 rae)
220 2538 335 2576 potest
368 2545 460 2578 esse,
493 2537 686 2570 dummodo
707 2547 836 2579 perpe-

109 2582 230 2614 tiendo
256 2583 375 2616 labori
395 2584 443 2616 eit
467 2585 628 2617 idoneus.
665 2584 698 2617 A
722 2585 835 2619 verbo

110 2628 344 2663 mediastinus
359 2629 553 2664 ducuntur
570 2642 626 2664 vv.
643 2633 834 2673 meschino,

110 2676 291 2717 Meuia,
330 2679 511 2719 mezquin,
556 2678 693 2722 quibus
734 2689 835 2713 nunc

112 2722 222 2754 exuta
250 2722 440 2765 primitiva
470 2725 745 2769 significatione
770 2727 834 2760 ho—

885 987 1028 1021 minum
1046 987 1261 1021 tenuiorum
1279 986 1455 1021 miseram
1484 989 1623 1020 sortem

885 1034 1104 1080 designant3
1135 1034 1201 1068 illa
1228 1036 1360 1068 contra
1385 1033 1556 1067 cernitur
1582 1033 1623 1067 in

884 1081 1021 1116 Dantis
1038 1081 1239 1116 Furiarum
1257 1080 1621 1124 circumscriptione,

885 1130 1038 1171 Inserno
1071 1131 1111 1170 9,
1145 1130 1208 1162 45:
1252 1129 1283 1162 te
1320 1129 1497 1161 meschine
1532 1128 1624 1170 (me-

886 1176 1087 1217 diastinae)
1114 1176 1225 1209 Delta
1248 1177 1379 1217 regina
1396 1175 1480 1209 aete*
1499 1177 1623 1208 eterno

883 1225 1022 1264 pianto.
1050 1242 1093 1247 -—
1128 1225 1154 1256 t.
1184 1231 1242 1264 pr.
1278 1231 1310 1255 r.
1341 1222 1511 1264 petebas]
1550 1224 1624 1263 „ut

886 1281 951 1304 rus
977 1270 1182 1310 mitterere,
1208 1270 1375 1313 optabas,
1402 1272 1440 1302 et
1465 1268 1621 1313 quidem

886 1317 1011 1358 tacite,
1036 1317 1185 1357 timens,
1211 1327 1259 1350 ne
1276 1317 1391 1350 herus
1409 1315 1448 1350 id
1465 1316 1534 1350 tibi
1553 1326 1620 1350 ne·

886 1368 1012 1408 garet3
1049 1374 1118 1408 ego
1143 1367 1268 1397 tamen
1295 1366 1423 1407 optata
1447 1365 1513 1396 tua
1537 1373 1623 1407 per-

887 1410 1051 1455 spiciens
1084 1411 1143 1444 his
1175 1410 1375 1444 satisfeci.“
1402 1429 1446 1434 —
1473 1410 1623 1454 balnea]

887 1457 1077 1492 Videlicet
1107 1458 1148 1491 in
1180 1457 1319 1491 Sabino
1353 1458 1519 1492 thermae
1552 1468 1621 1502 pu-

887 1505 1026 1546 blicae,
1060 1505 1201 1549 quibus
1234 1504 1345 1539 otiosi
1378 1504 1490 1538 etiam
1522 1504 1623 1539 inter

887 1562 927 1585 se
953 1551 1220 1586 confabulandi
1246 1561 1361 1586 causa
1384 1551 1623 1586 delectaban—

886 1601 961 1637 tur,
986 1609 1063 1633 non
1081 1602 1199 1633 erant.
1219 1618 1262 1622 —
1281 1598 1437 1641 tristem]
1466 1599 1622 1643 „iniqua

886 1649 1029 1687 mente,
1069 1647 1386 1687 abellauniaf‘
1429 1664 1472 1669 —
1511 1646 1622 1689 tesca]

885 1695 1184 1734 Beroheiden
1225 1694 1493 1735 (Steppen,
1532 1692 1623 1727 Pas-

886 1741 995 1782 sow),
1019 1740 1244 1774 vocabulum
1271 1739 1463 1774 Sabinum.
1501 1740 1621 1774 Acro:

887 1788 994 1829 „loca
1017 1787 1169 1821 deserta
1193 1790 1231 1821 et
1255 1786 1439 1821 difficilia.
1472 1786 1622 1832 Lingua

886 1834 1111 1868 Sabinorum
1131 1834 1281 1868 deserta
1306 1838 1343 1868 et
1367 1834 1513 1878 repleta
1536 1845 1622 1868 sen-

885 1882 986 1915 tibus
1012 1882 1068 1915 sic
1086 1882 1363 1916 nominantur!
1390 1881 1619 1926 Porphyrio.

887 1929 993 1968 „loca
1009 1939 1143 1973 aspera
1160 1933 1197 1962 et
1210 1929 1409 1963 silvestria.
1414 1930 1432 1947 ⁴⁶
1452 1928 1620 1963 Glossar.

885 1975 1046 2010 Labbei:
1084 1972 1358 2022 Κατάκοηιινοι
1389 1977 1457 2008 καὶ
1489 1973 1622 2022 ῥάχεις

886 2025 951 2054 καὶ
974 2019 1113 2068 ἔρημοι
1130 2020 1252 2056 τόποι.
1279 2023 1445 2056 Accius'
1435 2034 1475 2056 m
1494 2023 1621 2058 Philo-

886 2071 985 2103 cteta
1001 2070 1180 2103 Lemnio.
1207 2071 1295 2111 Quis
1322 2072 1362 2102 tu
1387 2078 1423 2102 es
1440 2071 1620 2112 mortalis,

886 2117 949 2156 qui
971 2118 1011 2148 in
1035 2118 1178 2150 deserta
1203 2120 1235 2149 et
1262 2120 1357 2149 tesca
1390 2119 1423 2149 te
1448 2119 1620 2157 apportes

888 2163 994 2195 loca?
1023 2163 1123 2206 apud
1149 2163 1257 2196 Varr.
1282 2162 1324 2196 L.
1350 2162 1394 2196 L.
1419 2164 1452 2204 7,
1482 2166 1549 2205 11.,
1573 2174 1621 2198 ex

887 2220 962 2253 quo
976 2209 1140 2253 praetuli
1158 2210 1382 2254 scripturam
1400 2213 1507 2243 tesca.
1534 2211 1620 2251 „Te-

884 2256 962 2298 sca]
987 2256 1070 2290 loca
1094 2257 1258 2298 inutilia,
1285 2267 1380 2301 quae
1399 2257 1523 2302 subigi
1541 2268 1618 2292 non

885 2306 1054 2346 possunt.
1089 2303 1276 2348 Loquitur
1292 2304 1332 2337 in
1350 2304 1516 2338 vilicum.
1542 2304 1618 2338 Lu-

885 2349 997 2384 cilius
1020 2351 1060 2384 in
1084 2350 1132 2384 11.
1168 2350 1287 2394 (Gerl.
1312 2362 1348 2395 p.
1373 2354 1408 2393 9,
1432 2352 1527 2392 98.):
1550 2361 1619 2393 per

883 2398 1067 2439 inhospita
1107 2401 1202 2431 tesca
1246 2401 1439 2439 vaaantem
1477 2400 1620 2432 Rerum

884 2445 1006 2477 animo
1054 2446 1220 2485 sequitur
1260 2448 1454 2487 captarum
1495 2447 1619 2487 qratia

883 2492 1036 2525 maior.“
1086 2492 1213 2526 Barth.
1263 2492 1377 2525 Advv.
1421 2495 1484 2535 15,
1526 2495 1558 2526 3.
1596 2503 1618 2526 e

885 2537 1009 2582 glossa
1049 2538 1266 2573 Horatiana.
1338 2539 1440 2573 Haec
1490 2543 1615 2572 autem

884 2585 1067 2627 Lucilius,
1092 2589 1133 2620 ut
1149 2586 1324 2620 similiter
1341 2587 1533 2627 Horatius,
1550 2596 1616 2630 op-

883 2633 1056 2676 posuisse
1093 2633 1241 2667 videtur
1278 2633 1381 2666 vilici
1420 2633 1480 2666 sni
1516 2633 1617 2667 vitae

883 2680 1045 2713 rusticae
1086 2680 1364 2724 impatientiae3
1405 2680 1476 2714 hoc
1517 2680 1617 2713 enim

884 2726 993 2760 dicit:
1033 2727 1143 2767 „dum
1177 2730 1218 2760 tu
1243 2726 1290 2760 de
1315 2727 1461 2760 miseris
1484 2737 1530 2760 ac
1556 2737 1615 2761 so-
