1774 2930
138 144 221 186 158

639 142 846 178 ΗΟΒΑΤΠ
870 142 1156 177 SATJRARUM

252 244 460 302 Eupolin,
494 243 816 298 Archilochum,
849 244 1026 286 comites
1058 243 1238 287 educere
1268 244 1439 286 tantos?

252 316 462 358 Invidiam
492 316 661 372 placare
692 328 818 371 paras
847 314 1004 388 virtute
1034 315 1209 357 relicta?

254 387 540 430 Contemnere
572 387 724 440 miser,
757 385 932 428 vitanda
962 389 1029 428 est
1057 386 1253 442 improba
1283 385 1408 429 Siren

252 458 452 512 Desidia,
485 462 577 511 aut,
611 456 819 513 quidquid
848 457 938 499 vita
966 457 1143 500 meliore
1174 458 1355 514 parasti,

1598 458 1651 499 15

252 529 506 572 Ponendum
537 542 674 584 aequo
705 529 861 571 animo.
902 527 960 570 Di
990 531 1054 581 te,
1085 527 1370 585 Damasippe,
1402 528 1594 584 deaeque

253 600 416 642 Verum
448 600 501 642 ob
534 599 760 642 consilium
791 599 951 642 donent
980 603 1167 641 tonsore.

1229 599 1315 642 Sed
1344 599 1458 642 unde

255 670 365 713 Tam
394 671 506 713 bene
536 685 606 713 me
637 670 782 713 nosti?
812 670 1048 727 Postquam
1070 671 1207 712 omnis
1229 685 1298 714 res
1318 685 1416 714 mea
1445 671 1595 713 Ianum

253 741 323 784 Ad
353 742 541 785 medium
570 745 706 784 tracta
737 745 822 796 est,
855 742 996 785 aliena
1025 742 1200 798 negotia
1229 755 1350 795 curo,

233 867 288 900 12.
313 866 528 900 Archilocho
554 878 574 901 e
601 866 690 901 God.
715 866 850 912 Regin.
876 877 898 901 a
924 877 998 900 sec.
1024 877 1071 900 m.
1098 866 1234 910 Bentl.,
1259 877 1306 901 ex
1330 866 1415 901 aliis
1440 865 1480 899 F.

135 968 295 1001 Platona
325 967 547 1012 intelligunt
578 969 726 1011 poetam
760 966 874 1001 comi-

135 1025 241 1056 cum,
266 1014 533 1059 Aristophanis
558 1015 766 1059 aequalem.
816 1014 872 1048 De

134 1061 343 1096 Menandro
370 1062 468 1096 conf.
493 1061 586 1107 Epp.
613 1065 645 1105 2,
675 1065 705 1105 1,
731 1063 800 1104 57.,
826 1062 871 1095 de

136 1109 275 1154 Eupoli
293 1109 367 1144 Sat.
388 1112 420 1152 1,
445 1112 479 1151 4,
508 1112 551 1152 1.‚
578 1110 623 1144 de
643 1109 872 1143 Archilocho

135 1156 253 1201 Epod.
280 1160 314 1199 6,
341 1159 396 1190 13.
445 1157 540 1202 Epp.
569 1160 600 1199 1,
628 1159 683 1199 19,
709 1159 765 1191 28.
803 1157 874 1191 Le-

137 1205 263 1238 ctione
281 1205 496 1238 Archilocho
515 1204 628 1238 nimis
653 1204 760 1248 paria
777 1204 873 1238 fiunt

136 1252 316 1294 membra,
343 1263 428 1286 cum
453 1252 494 1285 in
519 1254 650 1286 nostra
668 1254 872 1296 utrumque

136 1299 210 1333 iam
229 1300 400 1333 comitem
416 1299 565 1333 Horatii
583 1299 724 1333 factum
741 1299 872 1333 videre

137 1346 247 1381 nobis
264 1347 469 1381 videamur.
488 1366 532 1370 —
551 1347 718 1390 educere]
735 1358 768 1380 v.
786 1357 874 1391 pro-

136 1395 261 1438 prium
294 1394 341 1428 de
373 1394 439 1436 iis,
473 1404 569 1438 quos
604 1394 802 1428 nobiscum
828 1405 875 1428 ex

137 1442 232 1476 urbe
257 1452 321 1476 rus
349 1441 534 1475 ducimus.
566 1441 643 1475 Cic.
668 1441 716 1475 ad
743 1441 786 1481 Q.
811 1441 873 1475 Fr.

137 1491 170 1531 3,
196 1492 230 1531 3,
255 1491 296 1522 4:
334 1491 371 1523 Si
395 1491 580 1522 nobiscum
607 1498 688 1523 eum
711 1498 777 1523 rus
803 1490 873 1522 ali-

137 1545 209 1578 quo
236 1537 480 1570 edumei-imus.
509 1555 552 1560 ——
588 1536 730 1579 tantos]
771 1539 873 1579 „tam

136 1586 370 1628 praestantes
397 1586 510 1628 atque
537 1584 743 1628 egregios.“

187 1634 307 1665 13-16.
333 1632 521 1664 Invidiam
546 1631 632 1674 cet]
667 1630 872 1673 „Credisne

137 1679 262 1712 minus
287 1678 503 1712 invidorum
519 1678 818 1723 iniquorumque
835 1681 872 1712 te

136 1726 376 1769 habiturum,
410 1726 476 1759 ubi
513 1726 710 1768 virtutem,
743 1725 782 1759 id
816 1727 874 1760 est

137 1773 376 1815 industriam,
402 1773 643 1807 deserueris?
680 1773 811 1815 Immo,
837 1774 875 1807 et

137 1821 272 1855 merito
299 1820 471 1865 quidem,
504 1821 733 1865 contemptui
758 1820 873 1854 habe-

138 1868 261 1902 bere.“
290 1887 333 1892 —-
359 1868 479 1910 Siren]
512 1867 673 1910 „blanda
698 1868 780 1910 (scd
805 1868 874 1901 im-

137 1916 301 1960 pudens)
329 1915 665 1949 conciliatricula.“
693 1914 786 1957 (Cic.
803 1926 873 1959 pro

140 1963 261 1997 Sestio
288 1966 321 2005 9,
348 1963 421 2005 21.)
442 1981 485 1986 —-
505 1963 707 2003 quidquid·
713 1962 873 2005 parasti]

137 2010 315 2055 Intellige
349 2010 500 2043 laudem
525 2011 563 2043 et
586 2020 785 2043 assensum
809 2009 873 2042 bo-

139 2068 277 2092 norum
302 2057 510 2091 hominum.
529 2076 572 2080 —
590 2057 756 2100 meliore]
776 2067 874 2099 „ma—

139 2106 196 2151 gis
222 2105 446 2139 industria.“
463 2124 506 2128 —
522 2106 734 2138 Ponendum
757 2113 875 2145 aequo

139 2152 276 2195 animo]
298 2153 475 2195 „missum
487 2151 704 2186 faciendum
718 2154 776 2185 est
793 2152 875 2186 sine

139 2200 258 2234 animi
275 2200 426 2243 dolore3
453 2199 554 2244 quod
570 2199 692 2243 ipsum
710 2198 874 2233 hominis

139 2250 198 2281 est
230 2247 372 2281 desidis
404 2257 449 2280 ac
481 2247 602 2280 vilis.“
639 2266 683 2270 —
716 2248 766 2280 Di
790 2246 875 2289 cet.]

139 2294 367 2328 Pontificum
393 2294 555 2328 formula
581 2296 638 2328 est
654 2296 692 2327 di
717 2295 875 2334 deaeque

139 2341 201 2375 vel
224 2343 298 2374 sive
324 2343 412 2374 deus
435 2343 509 2374 sive
535 2343 615 2374 dea.
655 2341 791 2374 Catull.
818 2343 874 2383 28,

142 2390 205 2422 14:
241 2390 285 2421 At
310 2390 411 2421 nobis
436 2389 538 2421 mata
563 2390 682 2422 multa
707 2390 744 2421 di
769 2389 875 2421 deae-

141 2444 211 2476 que
236 2437 343 2469 Dcnt.
363 2455 406 2459 —
432 2437 673 2478 Damasippe]
702 2435 874 2469 Licinius

140 2483 391 2527 Damasippus
434 2486 624 2526 tamquam
667 2485 876 2517 statuarum

142 2533 180 2564 et
211 2531 406 2564 hortorum
440 2530 612 2563 venditor
647 2532 875 2564 memoratur

142 2578 216 2611 iam
239 2588 261 2612 a
279 2577 461 2611 Cicerone
487 2577 535 2611 ad
560 2577 659 2611 Fam.
688 2579 720 2619 7,
747 2579 803 2611 23.
829 2577 876 2611 ad

142 2625 219 2659 Att.
248 2627 304 2667 12,
331 2627 387 2659 29.
414 2627 451 2658 et
477 2626 531 2657 33.

193 2675 234 2706 17
250 2674 336 2706 -20,
386 2671 551 2714 tonsore]
591 2671 687 2715 „qui
724 2671 876 2705 immani

143 2720 308 2754 barbate
322 2719 501 2762 liberet;“
530 2719 640 2763 quasi
655 2729 742 2752 vero
757 2718 876 2752 maius

922 966 1149 1000 beneficium
1173 967 1401 1012 Damasippo
1425 967 1487 1001 vel
1512 966 1550 1000 di
1581 967 1655 1011 ipsi

921 1015 1114 1058 impertire
1141 1026 1216 1048 non
1242 1017 1408 1059 possent.
1443 1013 1655 1049 Stoicorum

921 1062 1124 1106 praecipue
1149 1065 1188 1095 et
1213 1062 1442 1107 Cynicorum
1471 1065 1551 1096 erat
1573 1073 1655 1097 mos

922 1109 1093 1152 barbam,
1125 1120 1201 1154 quo
1226 1110 1344 1155 magis
1371 1120 1393 1143 a
1416 1109 1567 1154 popello
1593 1120 1656 1143 su·-

923 1157 1171 1201 spicerentur,
1196 1156 1455 1201 promittendi.
1470 1156 1596 1190 -Confi
1621 1167 1655 1190 v.

924 1206 979 1238 35.
1006 1207 1044 1238 et
1069 1204 1143 1238 Sat.
1171 1206 1202 1246 1,
1229 1206 1261 1246 3,
1289 1206 1368 1238 133.
1418 1203 1515 1238 Gell.
1540 1203 1584 1237 N.
1610 1203 1654 1238 A.

922 1254 955 1294 9,
974 1253 1006 1293 2,
1027 1254 1128 1285 1—4.
1144 1270 1187 1276 —
1202 1253 1397 1292 Postquam
1415 1250 1500 1294 cet]
1527 1250 1656 1294 „Post-

923 1310 1035 1343 quam
1060 1309 1147 1333 aere
1164 1299 1290 1333 alieno
1309 1299 1470 1333 conflato
1487 1298 1657 1332 fortuna-

921 1357 1005 1380 rum
1031 1346 1271 1391 naufragium
1296 1346 1388 1388 feci,
1419 1353 1609 1388 excussus,
1634 1356 1658 1380 a

923 1394 1176 1428 creditoribus
1200 1394 1355 1436 eiectus,
1380 1403 1427 1427 ex
1450 1393 1657 1437 possessio-

923 1441 1038 1475 nibus
1071 1441 1185 1484 meis,
1219 1441 1311 1476 adeo
1336 1443 1380 1474 ut
1404 1440 1502 1474 nihil
1524 1450 1655 1474 earum

923 1488 1133 1523 curandum
1150 1489 1243 1522 mihi
1260 1490 1387 1530 restet,
1413 1498 1515 1522 nunc
1531 1488 1655 1532 philo-

923 1537 1064 1580 sophus
1097 1536 1218 1570 factus
1245 1535 1286 1569 in
1311 1536 1472 1570 aliorum
1504 1535 1656 1580 negotia

922 1594 980 1617 me
1021 1584 1174 1627 ingero,
1215 1583 1419 1617 identidem
1458 1593 1655 1627 quaerens,

923 1631 1108 1675 quomodo
1143 1641 1207 1665 eos
1233 1641 1256 1664 a
1280 1630 1442 1664 stultitia
1477 1629 1655 1663 dehortor

922 1681 1036 1722 atque
1070 1678 1117 1712 ad
1149 1688 1275 1712 veram
1314 1677 1538 1722 sapientiam
1569 1687 1655 1721 per-

921 1725 1091 1759 ducam.“
1127 1744 1171 1749 ——
1208 1727 1346 1758 Ianum
1384 1725 1443 1758 Aa
1481 1724 1656 1768 medium]

924 1772 1000 1806 Cic.
1027 1773 1073 1806 de
1098 1771 1204 1807 Offic.
1231 1774 1265 1815 2,
1291 1773 1349 1815 25,
1374 1774 1439 1806 90:
1464 1773 1519 1806 De
1545 1780 1657 1813 quae-

921 1822 1052 1862 renda,
1077 1822 1120 1853 de
1146 1821 1360 1853 collocanda
1381 1821 1559 1861 pecunia,
1583 1819 1658 1852 vel·

926 1868 994 1900 lem
1019 1869 1129 1901 etiam
1153 1869 1195 1901 de
1219 1869 1367 1909 utenda,
1391 1867 1611 1900 commodius
1633 1875 1658 1900 a

925 1916 1140 1955 quibusdam
1166 1915 1308 1956 optimis
1332 1915 1424 1947 viris
1449 1915 1498 1947 ad
1522 1916 1657 1947 Ianum

922 1963 1083 1995 medium
1114 1963 1319 1995 sedentibus
1345 1969 1457 2002 quam·
1490 1962 1536 1994 ab
1569 1962 1658 1994 ullis

919 2010 1143 2050 philosophis
1175 2009 1257 2042 ulla
1281 2010 1321 2041 in
1344 2009 1470 2042 schola
1494 2009 1658 2050 disputa-

924 2059 996 2089 tur.
1021 2055 1105 2090 Iani
1131 2055 1355 2090 dicebantur
1381 2065 1511 2090 omnes
1537 2057 1658 2088 tram-

921 2105 1053 2137 itiones
1082 2105 1234 2145 perviae
1269 2103 1365 2146 (Cic.
1390 2102 1434 2136 N.
1459 2102 1505 2136 D.
1531 2105 1573 2145 2,
1599 2103 1658 2145 27,

925 2151 1010 2193 67.),
1034 2151 1369 2193 Durchqa'nae,
1394 2160 1553 2195 quorum
1577 2152 1657 2184 tres
1704 2177 1710 2182 .

925 2201 1286 2241 commemorantur,
1320 2208 1507 2240 summus,
1545 2197 1657 2239 imus,

924 2246 1081 2280 medius.
1130 2247 1294 2280 Medium
1326 2248 1450 2279 tamen
1483 2244 1657 2289 plerique

924 2293 971 2327 de
997 2294 1118 2338 spatio
1146 2293 1246 2327 inter
1278 2300 1457 2325 summum
1483 2294 1521 2326 et
1544 2293 1657 2324 imum

925 2340 1002 2374 sive
1028 2342 1128 2374 inter
1149 2341 1376 2382 superiorem
1392 2342 1429 2373 et
1445 2339 1657 2380 inferiorem

924 2388 1153 2432 intelligunt.
1215 2386 1389 2431 Dezobry
1430 2385 1566 2429 (Rome
1607 2395 1657 2420 au

923 2433 1037 2469 siecle
1073 2435 1267 2475 d'Auauste
1303 2445 1339 2478 p.
1377 2436 1434 2468 89.
1468 2444 1505 2478 p.
1543 2433 1656 2475 230.):

926 2484 1014 2525 „Les
1046 2483 1143 2515 deust=
1175 2484 1291 2515 Ianus
1326 2479 1458 2514 etaient
1483 2482 1527 2514 de
1549 2481 1657 2522 petits

925 2532 1011 2563 Arcs
1052 2529 1406 2571 quadranqulaires,
1449 2525 1574 2569 perce's
1614 2529 1657 2561 de

926 2580 1057 2617 quatre
1071 2578 1206 2618 portes,
1231 2584 1303 2608 une
1320 2584 1386 2608 sur
1403 2575 1540 2615 chaque
1564 2575 1655 2617 face,

926 2627 958 2657 et
983 2622 1128 2657 decores
1154 2625 1197 2656 de
1230 2625 1367 2656 statues
1399 2623 1491 2655 dam
1527 2622 1577 2655 les
1601 2623 1656 2654 ni-

925 2673 1016 2704 ches.
1051 2672 1104 2704 Its
1128 2669 1339 2703 s'elevaient
1363 2677 1428 2702 sur
1455 2670 1487 2702 le
1511 2671 1657 2711 Forum,

926 2716 948 2751 ἀ
968 2720 1106 2759 qauche
1130 2719 1173 2751 de
1201 2719 1237 2750 la
1260 2718 1340 2751 veie
1356 2714 1499 2759 Sacree,
1527 2718 1559 2750 le
1574 2725 1658 2758 pre-
