1786 2912
665 158 760 193 LIB.
784 157 815 193 Ι.
865 157 968 193 snt
991 156 1039 192 X.

1526 157 1609 198 113

214 261 297 304 Est
323 261 534 304 brevitate
564 274 686 317 opuS,
716 264 765 302 ut
795 263 935 301 currat
965 258 1179 301 sententia
1207 271 1294 300 neu
1325 271 1373 300 se

215 332 432 396 Impediat.
454 332 597 375 verbis
627 332 763 374 lassas
795 329 1069 373 onerantibus
1102 342 1254 382 aures3

1556 328 1609 368 10

170 429 174 431 Δ
215 403 274 446 Et
305 417 500 446 sermone
532 417 639 459 opus
672 407 738 445 est
767 401 894 444 modo
925 401 1051 454 tristi,
1083 413 1214 456 saepe
1243 399 1401 452 iocoso,

213 473 484 517 Defendente
513 474 651 516 vicem
680 472 805 515 modo
835 472 1020 514 rhetoris
1051 475 1179 526 atque
1207 473 1378 526 poetae,

215 544 431 588 Interdum
462 544 628 598 urbani,
658 543 872 600 parcentis
901 541 1066 584 viribus
1097 545 1226 597 atque

213 615 501 658 Extenuantis
534 629 606 658 eas
638 614 842 657 consulto.

213 685 386 729 Fortius
418 690 462 729 et
491 686 643 728 melius
674 699 852 741 magnas
882 683 1134 740 plerumque
1166 685 1283 725 secat
1313 695 1397 724 res.

890 612 1136 654 Ridiculum
1168 611 1254 654 acri

1556 682 1575 722 1
1583 681 1609 722 5

215 757 296 810 Illi,
328 757 486 813 scripta
516 757 669 813 quibus
701 754 920 798 comoedia
950 754 1098 810 prisca*
1120 753 1224 794 viris
1257 758 1336 806 est,

214 828 310 870 Hoc
330 827 513 881 stabant,
534 827 615 869 hoo
636 830 738 868 sunt
757 825 973 878 imitandi;
1007 838 1112 880 quos
1133 837 1274 879 neque
1294 822 1472 879 pulcher

475 911 502 926 f

98 999 142 1004 —
160 980 347 1024 brwitdte]
373 979 449 1014 Cic.
467 980 513 1014 de
531 979 596 1014 Or.
614 981 647 1022 2,
664 982 721 1022 80,
739 981 826 1013 326:

95 1029 128 1061 si
168 1029 324 1061 brevitas
364 1028 586 1070 appellanda
628 1029 696 1070 est,
748 1035 828 1060 cum

95 1076 247 1108 verbum
262 1075 405 1108 nullum
418 1075 611 1108 redundat.
625 1093 668 1097 —
683 1074 826 1117 currat]

99 1146 115 1163 „
128 1122 245 1156 multa
277 1131 363 1155 cum
395 1121 574 1156 facilitate
611 1121 828 1166 progredia-

95 1173 159 1203 tur
174 1178 300 1214 neque
316 1168 504 1203 claudicet
525 1179 618 1202 neve
641 1168 826 1202 insistat.“

95 1215 353 1261 Reprehendit
386 1215 525 1250 Lucilii
557 1215 711 1249 nimiam
744 1226 828 1249 ver-

96 1263 294 1298 bositatem
320 1264 370 1305 (v.
395 1263 484 1297 Exc.
508 1262 584 1305 IL),
609 1262 827 1307 frequentes

97 1321 119 1344 a
156 1321 199 1344 re
236 1309 508 1355 digressiones,
549 1309 687 1354 quibus
726 1309 827 1343 vitiis

96 1357 397 1402 defatigabamur
422 1357 581 1390 fortasse
614 1356 724 1390 multi
740 1357 827 1401 ‚iam

95 1403 294 1437 Horatiani
327 1403 503 1447 temporis
534 1403 713 1444 lectores,
750 1414 828 1437 non

97 1461 185 1484 vero
216 1449 357 1484 Lucilii
394 1450 582 1494 aequales.
608 1469 650 1473 —
677 1449 830 1484 Mirabi-

96 1497 184 1531 liter
215 1499 340 1531 autem
373 1497 546 1531 versibus
576 1498 617 1530 11
646 1507 750 1541 seqq.
774 1499 829 1531 to-

96 1547 176 1578 tum
201 1543 345 1578 Satirae
376 1543 603 1590 χαρακτῆρα
638 1543 827 1578 describit.

96 1590 245 1625 Etenim
269 1589 530 1624 difficillimum
554 1591 626 1624 hoc
643 1602 762 1636 genus
788 1591 827 1625 id

95 1638 272 1683 requirit,
309 1639 370 1680 ut,
408 1637 474 1682 qui
507 1638 547 1671 in
579 1649 623 1672 eo
648 1638 827 1681 elaborat,

94 1685 206 1719 modo
231 1686 359 1719 utatur
383 1693 547 1718 sermone
571 1686 680 1726 tristi,
707 1685 746 1718 id
770 1689 828 1719 est

97 1732 235 1777 „gravi,
252 1732 351 1766 serio
366 1735 404 1766 et
416 1731 462 1765 ad
476 1731 687 1766 docendum
703 1733 827 1776 apto“,

95 1779 222 1823 qualis
245 1780 426 1812 rhetorem
456 1779 688 1821 (oratorem)
716 1782 827 1820 atque

91 1828 239 1867 poetam
274 1826 401 1868 decet,
437 1826 601 1871 graviter
636 1826 827 1860 interdum

94 1874 286 1907 hominum
344 1873 435 1907 vitia
495 1873 826 1918 reprehendentes,

94 1920 204 1954 modo
240 1921 377 1963 iocoso,
415 1920 538 1964 qualis
572 1923 629 1954 est
664 1921 826 1954 hominis

94 1968 239 2010 urbani,
263 1967 288 2000 i.
314 1977 346 2000 e.
374 1966 518 2009 „faceti,
544 1967 764 2012 elegantis“,
790 1971 827 2001 et

95 2014 220 2047 locum
254 2014 368 2048 habet
404 2014 585 2058 imprimis
622 2014 662 2047 in
698 2025 827 2048 narra-

95 2061 277 2094 tiunculis
293 2060 459 2102 comicis,
475 2061 624 2095 fabellis
642 2061 826 2105 Aesopiis,

95 2108 264 2152 dialogis.
279 2126 323 2131 —-
336 2108 442 2140 modo
455 2126 471 2132 -
482 2117 590 2149 saepe
604 2126 619 2132 -
630 2134 639 2149 ,
665 2111 772 2141 modo
784 2126 799 2132 —
812 2128 827 2134 -

95 2154 310 2197 Interdum]
350 2153 456 2187 Gonf.
481 2155 557 2188 Sat.
589 2157 629 2196 1,
655 2157 697 2196 9,
722 2158 755 2188 9.
783 2174 825 2178 -—

93 2203 318 2243 Defendente
335 2202 448 2234 vicem
464 2201 549 2243 cet.]
574 2202 826 2245 „suscipiente

94 2251 220 2291 partes
238 2248 397 2282 oratoris
414 2257 458 2281 ac
473 2249 648 2292 poetae;“
674 2249 826 2292 proprie

95 2295 165 2337 ita,
198 2297 242 2328 ut
265 2295 361 2329 aliae
385 2294 512 2328 minus
538 2298 646 2339 aptae
671 2305 826 2329 arcean-

95 2345 168 2375 tur.
206 2341 386 2376 Similiter
418 2342 462 2375 A.
487 2342 528 2375 P.
563 2344 654 2375 193:
687 2344 827 2375 Actoris

92 2391 217 2430 partes
266 2390 394 2422 chorus
442 2390 672 2430 officiumque
720 2390 827 2423 virile

23 2440 25 2442 ’
94 2436 284 2477 Defendet.
299 2455 342 2459 —
356 2436 504 2479 urbam]
520 2436 709 2470 Domitius
730 2435 827 2469 Mar-

96 2493 160 2516 sus
185 2493 243 2527 ap.
261 2483 419 2522 Quintil.
447 2485 480 2525 6,
504 2485 536 2525 3,
556 2486 635 2517 105.
662 2483 827 2525 Catonis,

96 2533 139 2562 ut
162 2530 226 2572 ait,
252 2530 466 2574 opinionem
493 2529 645 2564 secutus
671 2529 826 2564 urbani-

97 2578 208 2610 tatem
241 2577 295 2610 ita
327 2576 480 2610 definit:
521 2579 684 2610 Urbanus
723 2578 827 2610 homo

98 2624 176 2665 erit,
202 2625 305 2657 cuius
320 2625 439 2657 multa
457 2625 544 2657 bene
560 2626 655 2657 dicta
679 2633 826 2665 respon-

95 2678 210 2710 saque
235 2673 357 2713 erunt,
383 2673 416 2704 et
442 2672 504 2711 qui
528 2672 567 2703 in
590 2673 826 2714 sermonibus,

97 2718 261 2759 circulis,
295 2719 484 2760 conviviis,
518 2719 602 2751 item
626 2719 666 2750 in
692 2720 827 2751 contio-

202 2786 303 2812 Horat.
320 2787 385 2812 Vol.
403 2787 443 2812 11.
467 2787 520 2812 Ed.
538 2788 634 2812 minor
651 2788 685 2812 V.

876 979 999 1021 nibus,
1031 979 1131 1011 omni
1162 978 1317 1018 denique
1351 978 1428 1010 loco
1456 977 1611 1009 ridicule

876 1026 1127 1066 commodeque
1151 1026 1255 1058 dicet.
1280 1043 1323 1048 —
1346 1025 1531 1065 parcentis
1555 1025 1610 1056 vi-

875 1074 976 1106 ribus
994 1072 1079 1115 cet.]
1104 1071 1340 1106 Dfintzerus:
1367 1073 1450 1113 „Da
1472 1079 1529 1103 wo
1545 1072 1611 1104 der

876 1121 950 1153 Yon
1000 1121 1060 1153 des
1109 1121 1272 1152 Redners
1321 1119 1399 1151 und
1445 1118 1610 1151 Die-Mers

876 1168 1031 1209 eintritt,
1067 1168 1159 1208 zeiqt
1190 1167 1265 1199 sich
1299 1167 1357 1199 die
1381 1165 1475 1198 voue
1500 1166 1610 1206 Krast

876 1216 942 1247 der
965 1215 1086 1254 Rede5
1118 1214 1214 1247 diese
1247 1221 1344 1246 muse
1370 1214 1459 1245 aber
1483 1213 1611 1245 zuwei-

879 1262 937 1294 ten
968 1262 1219 1294 zurucktreten
1251 1261 1330 1293 und
1359 1261 1446 1292 statt
1484 1260 1610 1292 dessen

876 1310 934 1341 die
980 1309 1222 1349 qewohnliche
1263 1307 1328 1339 Art
1377 1308 1443 1340 der
1490 1307 1611 1346 [einen

880 1355 1211 1396 Umqanqssprache
1245 1354 1399 1394 οεωᾶὴιι
1431 1354 1608 1386 werden.“

875 1420 924 1425 —
947 1402 1156 1435 Ridiculum
1188 1402 1267 1434 acri
1295 1400 1389 1443 cet]
1428 1398 1528 1434 Scite
1562 1400 1612 1434 si·

876 1448 1030 1493 gnificat
1061 1458 1274 1482 sermonem
1307 1451 1343 1481 et
1375 1448 1543 1481 iocosum
1575 1450 1612 1480 et

876 1494 1063 1529 urbinum
1100 1496 1142 1529 in
1178 1497 1258 1529 toto
1293 1495 1365 1528 hoc
1402 1493 1612 1528 Satirarum

876 1553 1015 1587 genere
1039 1542 1087 1576 ad
1117 1541 1391 1587 permovendos
1425 1541 1611 1575 lectorum

875 1590 1021 1623 animos
1077 1590 1301 1634 plerumque
1358 1588 1611 1623 efficaciorem

876 1647 958 1670 esse
996 1647 1108 1681 quam
1142 1636 1451 1670 declamatorium
1487 1636 1609 1677 illum,

876 1684 1020 1717 tristem
1054 1694 1098 1718 ac
1128 1684 1282 1718 serium.
1332 1683 1491 1722 Quintil.
1518 1686 1551 1724 6,
1577 1685 1611 1725 3,

876 1733 921 1763 9:
946 1732 1083 1764 Rerum
1115 1740 1224 1772 saepe
1255 1732 1504 1764 maximarum
1534 1738 1611 1763 mo-

875 1781 998 1811 menta
1022 1780 1129 1812 vertit
1157 1778 1301 1820 (risus),
1326 1780 1368 1811 ut
1385 1786 1466 1810 cum
1487 1778 1610 1810 odium

876 1826 1041 1866 iramque
1066 1827 1357 1866 frequentissime
1381 1826 1547 1866 sranoat.
1566 1843 1609 1848 -—-

872 1873 1104 1915 plerumque]
1132 1874 1193 1914 „in
1211 1873 1293 1905 sehr
1309 1873 1427 1905 vielen
1444 1872 1609 1904 Fallenf‘

876 1938 919 1942 —
945 1920 1058 1962 secat]
1099 1919 1290 1961 „dirimit,
1323 1919 1498 1952 decidit.“
1549 1918 1611 1952 Sic

874 1966 968 2010 Epp.
997 1969 1037 2009 1,
1064 1969 1126 2009 16,
1152 1969 1221 2000 42;
1256 1968 1335 2008 Quo
1366 1967 1507 1999 multae
1531 1974 1610 1998 ma·

875 2022 1039 2054 anaeque
1062 2017 1234 2047 secantur
1255 2015 1375 2046 iudice
1401 2014 1490 2046 lites.

924 2062 1074 2094 16—19.
1108 2062 1174 2093 1111·
1203 2061 1288 2103 oea]
1327 2060 1402 2094 Sat.
1430 2063 1468 2101 1,
1494 2062 1535 2101 4,
1562 2062 1610 2092 1:

874 2108 1027 2148 Eupolis
1060 2111 1169 2148 atque
1202 2109 1374 2140 Cratinus
1399 2107 1611 2148 Aristopha-

875 2162 1008 2194 nesque
1030 2157 1160 2195 poetae
1184 2156 1302 2195 Atque
1331 2155 1418 2196 alii,
1454 2162 1611 2194 quorum

876 2203 1061 2234 comoedia
1089 2202 1213 2242 prisca
1241 2202 1406 2234 virorum
1441 2203 1501 2233 est.
1553 2201 1611 2234 De

876 2248 1157 2281 constructione
1181 2248 1278 2281 conf.
1302 2248 1420 2292 Epod.
1438 2249 1471 2289 2,
1489 2250 1546 2281 37.
1565 2267 1608 2271 —

849 2313 855 2318 -
875 2297 957 2328 Hoc
971 2296 1118 2328 stabant
1135 2294 1220 2337 cet.]
1248 2295 1338 2336 „His
1355 2294 1449 2339 ipsis
1462 2294 1611 2328 virtuti-

876 2341 962 2380 bus,
989 2352 1083 2385 quas
1107 2343 1179 2384 (vv.
1205 2343 1350 2383 9—15.)
1380 2343 1610 2384 enumeravi,

876 2389 968 2423 scite
994 2389 1095 2422 inter
1119 2399 1160 2422 se
1185 2389 1399 2423 coniunctis
1425 2388 1518 2422 adeo
1542 2399 1610 2433 po-

874 2436 965 2479 pulo
981 2436 1192 2479 placebant,
1218 2438 1261 2469 ut
1287 2437 1332 2469 ab
1358 2436 1469 2469 initio
1487 2446 1610 2480 usque

874 2483 922 2516 ad
946 2482 1060 2516 finem
1089 2483 1266 2527 plausum
1298 2483 1461 2525 ferrent3
1495 2486 1610 2526 atque

875 2531 1090 2563 etiamnunc
1139 2541 1204 2564 eos
1251 2541 1321 2564 nos
1369 2530 1610 2570 admiramur,

875 2577 944 2611 etsi
986 2577 1202 2621 pulchellus
1243 2577 1310 2611 ille
1350 2580 1387 2610 et
1425 2576 1610 2609 delicatus

876 2624 1238 2668 (stutzerhaste)
1264 2624 1522 2667 Hermogenes
1548 2622 1611 2655 'ri-

875 2671 1012 2716 gellius
1054 2670 1150 2713 (Sat.
1179 2674 1217 2713 1,
1243 2673 1284 2711 4,
1311 2673 1366 2704 7⁸2.
1404 2674 1442 2711 1,
1468 2673 1508 2711 9,
1535 2670 1608 2711 25.)

876 2729 1068 2762 nunquam
1105 2719 1174 2752 hos
1212 2718 1322 2762 legit,
1364 2717 1505 2760 quippe
1544 2716 1608 2760 qui

1378 2787 1395 2810 s
