1774 2930
674 164 768 200 Ans
791 163 1015 200 Pon'nca.

1518 166 1604 207 529

211 265 351 314 Quem
380 265 449 308 bis
478 270 599 308 terve
628 265 788 308 bonum
818 278 915 309 cum
943 265 1034 306 risu
1061 264 1217 319 miror;
1249 269 1294 308 et
1321 264 1437 307 idem

207 335 426 393 Indignor,
457 336 712 393 quandoque
740 335 879 378 bonus
909 335 1110 378 dormitat
1135 334 1366 378 Homerus.

211 406 375 450 Verum
405 407 525 463 operi
554 407 683 463 longo
712 406 778 449 fas
809 410 875 449 est
905 406 1112 463 obrepere
1142 420 1353 448 somnum.

1519 407 1604 448 360

207 476 267 519 Ut
294 478 479 534 pictura,
510 478 679 534 poesis:
712 477 811 531 erit,
844 491 974 533 quae,
1006 477 1043 518 si
1073 477 1251 534 propius
1282 481 1391 531 stes,

210 547 276 590 'l'e
305 548 446 604 capiat
475 548 635 603 magis,
666 552 711 591 et
741 547 968 604 quaedam,
999 548 1036 589 si
1065 547 1235 604 longius
1266 548 1425 590 abstes.

186 676 266 710 358.
291 679 417 717 terque
442 676 594 718 bSTcd,
619 675 734 711 LctJ.
759 677 871 719 (terve
896 676 955 719 B.)
981 694 1028 701 ——·
1052 678 1132 710 360.
1158 685 1266 719 opere
1291 679 1331 710 in
1356 678 1463 718 lonae
1488 677 1557 719 b'l',

136 721 216 756 Lct
240 723 331 765 (non
356 723 490 766 BScd).
510 725 651 757 —·361.
681 725 722 757 m
744 725 903 766 pictura,
926 725 1045 765 poe‘n’s
1071 725 1141 757 erit
1166 733 1260 765 quae
1284 724 1485 769 distinguit
1507 724 1556 758 M.

88 838 181 884 Epp.
208 841 241 882 2,
267 842 306 882 1,
331 841 399 874 232
425 851 529 884 seqq.
580 839 821 882 „Choerilus,

89 887 155 931 qui
202 890 307 932 gesta
349 887 551 921 Alexandri
601 887 821 922 describens

89 936 231 977 septem
269 936 413 967 tantum
445 945 576 968 versus
609 934 820 968 laudabiles

86 979 195 1023 fecit3
235 999 251 1006 -
282 1000 298 1006 -
327 981 389 1014 cui
436 980 650 1020 Alexander
698 982 820 1016 fertur

88 1025 240 1069 dixisse,
262 1027 374 1062 malle
391 1038 432 1062 se
449 1027 649 1062 Thersiten
664 1028 820 1063 Homeri

87 1083 172 1108 esse
189 1084 301 1118 quam
317 1075 432 1109 huius
443 1074 640 1109 Achillem.
659 1076 821 1110 Alexan-

86 1119 155 1154 der
188 1123 313 1155 autem
344 1124 478 1166 pactus
506 1133 591 1156 cum
617 1133 673 1165 eo,
698 1125 762 1165 ut,
787 1122 819 1156 si

33 1180 41 1185 ·
85 1166 226 1201 bonum
251 1168 394 1203 faceret
417 1179 577 1211 versum,
607 1180 724 1204 aureo
749 1181 820 1203 nu-

85 1214 254 1249 mismate
278 1215 496 1258 donaretur,
527 1216 559 1250 si
583 1217 734 1260 malum,
760 1227 821 1251 co-

86 1260 197 1304 lapho
221 1262 419 1296 feriretur:
444 1263 511 1307 qui
537 1264 686 1308 saepius
722 1265 820 1298 male

86 1307 285 1343 scribendo
322 1310 491 1355 colaphis
532 1314 690 1345 necatus
727 1312 818 1345 est.“

86 1353 215 1389 Con.
240 1355 360 1395 GRUQ.
406 1355 478 1391 Sed
503 1357 550 1391 de
574 1357 734 1392 insulsis
759 1358 820 1392 his

86 1400 382 1438 Scholiastarum
429 1404 727 1439 narratiunculis
777 1408 820 1439 tu

85 1449 215 1484 confer
243 1450 378 1485 Naekii
403 1448 622 1485 Choeriluni
651 1462 737 1496 pag.
762 1453 818 1486 36.

85 1497 165 1530 208.
202 1498 283 1531 207.
341 1497 515 1532 Ceterum
558 1497 757 1533 Choerilus
797 1510 820 1533 a

86 1541 347 1579 Grammaticis
407 1544 571 1578 Homero
631 1545 819 1580 tralaticio

67 1591 196 1633 ‚quasi
228 1592 397 1635 exemplo
431 1591 627 1636 oppositus
655 1603 739 1626 esse
764 1593 819 1626 vi-

85 1635 206 1670 detur.
238 1637 300 1671 Sic
325 1639 436 1672 etiam
460 1638 635 1673 Hermiae
660 1639 708 1673 ad
724 1639 818 1674 Plat.

83 1681 242 1718 Phaedr.
266 1695 304 1729 p.
331 1687 420 1719 112:
461 1687 506 1718 Τι’
530 1683 603 1733 γὰρ
626 1681 768 1729 ὅμοιον
792 1685 818 1731 ἡ

83 1728 272 1776 Χοιρίλον
299 1733 365 1765 καὶ
389 1729 639 1775 Καλλιμάχου
664 1735 820 1777 ποίησις

84 1774 179 1822 πρὸς
210 1775 282 1822 τὴν
307 1775 474 1827 Ὀμήρου
507 1781 572 1812 καὶ
600 1777 819 1828 Πινδάρου,·

85 1841 128 1846 ——
154 1825 269 1868 teu-ve]
305 1825 404 1866 Quid
436 1827 587 1861 intersit
616 1828 717 1862 inter
741 1828 817 1863 for-

83 1870 206 1906 mulas
223 1873 276 1905 bis
291 1876 388 1907 terve
413 1876 450 1907 et
474 1874 526 1906 bis
551 1877 687 1917 terque,
712 1875 818 1910 facil-

84 1916 172 1950 lime
207 1920 458 1963 persentisces
496 1921 631 1955 collato
668 1932 701 1955 v,
735 1925 816 1956 440.

84 1962 160 1997 Cfr.
183 1965 303 2009 Epod.
328 1969 362 2009 5,
387 1969 444 2001 33.
464 1986 506 1990 —
525 1969 705 2009 Indianor
730 1969 816 2012 cet]

82 2010 300 2056 Aegeu-ime
324 2013 413 2048 item
437 2014 537 2055 fero,
570 2015 817 2058 quandocun-

85 2067 159 2101 que
198 2059 239 2092 in
279 2059 443 2095 Homero
484 2060 615 2094 vitium
662 2062 816 2106 aliquod

83 2104 351 2150 animadverto,
376 2108 466 2152 quia
482 2118 568 2141 eum
584 2108 644 2141 his
660 2119 816 2152 prorsus

83 2155 294 2197 exemptum
319 2164 505 2198 cuperem.
554 2153 728 2189 Attamen
765 2155 818 2190 ita

81 2197 288 2233 Homerum
312 2211 458 2234 mecum
482 2202 563 2244 ipse
581 2211 730 2244 excuso,
757 2212 817 2236 co-

82 2244 207 2288 gitans
232 2247 444 2281 mirandum
470 2258 547 2281 non
572 2258 667 2290 esse,
700 2249 732 2282 si
757 2250 816 2283 vel

83 2301 251 2327 summus
287 2296 400 2338 poeta
434 2295 474 2327 in
516 2295 700 2338 poematis
741 2299 816 2330 tam

83 2338 206 2384 longis
222 2340 425 2384 interdum,
450 2341 515 2375 sed
536 2351 634 2384 raro,
659 2343 814 2377 cesset.“

3 2391 18 2421 ι’
82 2383 221 2420 Refero
253 2388 346 2421 haec
379 2388 494 2422 verba
524 2388 571 2421 ad
604 2387 817 2431 διαφωνίας

83 2441 127 2464 ac
158 2433 273 2467 miras
306 2434 393 2468 illas
427 2434 685 2477 difficultates,
720 2447 815 2480 quae

27 2473 35 2487 ³
83 2475 214 2512 λύσεσι
239 2482 458 2524 praesertim
475 2481 815 2517 Alexandrinorum

84 2526 266 2571 originem
304 2527 509 2570 dederunt,
546 2531 660 2572 atque
693 2529 739 2563 ad
772 2540 817 2564 ea

85 2573 228 2615 omnia,
266 2585 362 2618 quae
387 2579 541 2619 propter
566 2576 720 2609 nimiam
746 2577 817 2610 sci-

84 2618 174 2652 licet
221 2621 498 2665 simplicitatem
546 2623 607 2655 vel
660 2626 816 2667 propter

84 2674 228 2700 morum
246 2678 289 2701 ac
312 2669 500 2702 sentiendi
527 2669 816 2713 discrepantiam

85 2711 334 2756 displicebant
365 2715 630 2749 Alexandrinis
667 2720 705 2750 et
740 2716 818 2751 Ro-

191 2781 293 2808 Horat.
309 2783 374 2809 Vol.
392 2784 432 2809 ΙΙ.
451 2784 504 2810 Ed.
521 2786 618 2810 minor
636 2786 670 2811 V.

870 841 993 875 manis
1015 841 1150 875 horum
1176 841 1356 876 iudicium
1379 842 1604 888 plerumque

869 889 1022 922 secutis.
1086 888 1315 923 Incredibile
1363 893 1487 923 autem
1536 892 1605 934 est,

869 945 967 979 quae
993 938 1030 969 et
1046 935 1175 980 qualia
1191 936 1502 979 reprehenderint
1526 948 1604 971 non

868 982 990 1016 solum
1016 983 1264 1027 grammatici,
1292 983 1357 1017 sed
1384 984 1495 1017 etiam
1520 985 1604 1028 phi-

867 1029 1016 1073 losophi
1048 1030 1089 1063 in
1121 1028 1297 1072 Homero,
1333 1031 1451 1064 veluti
1481 1031 1605 1065 Schol.

868 1076 965 1120 volg.
990 1076 1037 1110 ad
1064 1075 1197 1120 Odyss.
1222 1076 1255 1117 λ,
1282 1079 1473 1112 157-159;
1497 1076 1606 1112 Ὠκε-

868 1121 977 1164 ανός,
1003 1143 1023 1148 -
1046 1143 1067 1148 -
1092 1122 1160 1157 τὸν
1183 1120 1312 1166 οὔπως
1334 1121 1415 1157 ἔστι
1440 1125 1606 1172 περῆσαι

867 1167 989 1212 Πεζόν
1037 1167 1162 1203 ἐόντα·
1208 1168 1447 1205 Ἄθετοῦνται
1495 1177 1604 1220 τρεῖς·

868 1216 1021 1260 γέλοιον
1045 1216 1085 1250 δὲ
1110 1215 1251 1260 πεζὸν
1275 1215 1449 1262 ἐόντα.)

916 1266 1086 1298 361-365.
1113 1265 1290 1308 „Verum‚
1314 1269 1357 1300 ut
1377 1266 1470 1301 iusti
1487 1267 1604 1302 simus

868 1313 1083 1355 poematum
1108 1312 1400 1355 existimatores,
1438 1314 1476 1347 id
1510 1325 1604 1359 quo-

869 1368 944 1401 que
968 1359 1191 1403 requiritur,
1223 1363 1266 1393 ut
1289 1371 1366 1394 non
1393 1362 1520 1395 omnia
1542 1372 1605 1395 eo-

868 1404 963 1439 dem
981 1407 1141 1441 modulo
1182 1415 1227 1439 ac
1262 1409 1357 1448 pede
1391 1408 1605 1451 metiamur,

868 1452 934 1485 sed
969 1463 1039 1497 pro
1077 1453 1226 1487 diverso
1262 1464 1402 1499 genere
1438 1457 1478 1489 et
1516 1456 1604 1490 stilo

867 1498 1016 1533 diversa
1048 1501 1160 1534 etiam
1194 1500 1240 1534 de
1270 1501 1431 1546 singulis
1463 1502 1606 1537 iudicia

867 1545 1090 1581 faciamus.“
1118 1566 1162 1571 -
1195 1549 1237 1580 Ut
1265 1549 1435 1592 pictura,
1468 1549 1603 1592 poesis]

866 1593 1034 1638 Antiqua
1081 1597 1138 1628 est
1187 1596 1435 1639 comparatio,
1491 1606 1604 1641 saepe

866 1651 981 1684 prave
1005 1641 1219 1683 intellecta,
1250 1642 1431 1685 maxime,
1467 1643 1535 1677 ubi
1561 1644 1602 1677 in

867 1689 1019 1729 τέχναις
1067 1693 1284 1732 ποιητικαῖς
1332 1690 1475 1724 divolso
1517 1701 1604 1725 cum

867 1735 1115 1779 sequentibus
1156 1747 1273 1778 nexu,
1316 1737 1372 1771 sic
1412 1738 1603 1772 interdum

865 1781 1043 1816 affertur:
1087 1784 1130 1815 m
1162 1784 1329 1825 pictura,
1366 1786 1488 1826 poesis
1523 1787 1603 1819 erit.

865 1827 916 1861 At
945 1829 1143 1864 manifesto
1176 1831 1249 1864 hoc
1286 1830 1403 1864 dicit:
1447 1832 1526 1873 „Ut
1561 1833 1602 1866 in

863 1876 1033 1919 pictura,
1057 1876 1096 1910 id
1123 1879 1198 1919 est,
1231 1877 1370 1912 tabulis
1395 1879 1518 1922 pictis,
1542 1890 1604 1914 ac·

865 1922 976 1965 cidit,
1014 1923 1067 1957 ita
1100 1924 1210 1958 etiam
1242 1925 1283 1958 in
1314 1926 1499 1969 poematis
1530 1938 1602 1961 usu

864 1970 996 2003 venire
1038 1971 1135 2004 solet
1175 1973 1277 2005 cet.“
1330 1971 1472 2017 Utique
1514 1973 1603 2007 Plu·

865 2017 982 2049 tarch.
1009 2016 1056 2050 de
1085 2018 1210 2071 gloria
1239 2018 1374 2053 Athen.
1402 2030 1433 2053 c.
1460 2022 1493 2053 3.
1518 2031 1602 2066 pag.

866 2064 947 2096 346.
983 2063 1049 2096 F.:
1095 2065 1125 2096 Ο
1166 2065 1380 2108 Σιμωνίδης
1420 2064 1489 2109 τὴν
1530 2068 1603 2110 μὲν

864 2111 1088 2155 ζωγραφίαν
1101 2112 1257 2154 ποίησιν
1270 2112 1477 2146 σιωπῶσαν
1491 2125 1603 2160 προς-

864 2154 1060 2203 αγορεύει,
1093 2155 1164 2201 τὴν
1196 2157 1237 2190 δὲ
1269 2161 1427 2202 ποίησιν
1458 2163 1603 2208 ζωγρα-

866 2205 960 2243 φίαν
993 2203 1197 2237 λαλοῦσαν.
1247 2204 1326 2239 Scr.
1357 2206 1404 2240 ad
1434 2207 1602 2243 Herenn.

865 2253 898 2292 4,
924 2252 981 2292 28,
1005 2253 1074 2284 39:
1111 2253 1246 2285 Poema
1274 2254 1421 2294 loquens
1443 2256 1602 2299 pictura,

860 2298 1011 2338 pictura
1043 2300 1194 2331 tacitum
1222 2302 1355 2341 poema
1387 2302 1490 2334 debet
1516 2312 1600 2337 esse.

866 2343 937 2378 Sed
962 2345 1002 2377 hi
1028 2356 1072 2379 ac
1098 2345 1239 2380 similes
1264 2347 1337 2380 loci
1362 2348 1422 2390 (ut
1438 2348 1548 2383 Tusa.
1566 2352 1602 2392 5,

864 2392 929 2433 89,
955 2392 1051 2434 114.)
1082 2392 1130 2426 ad
1155 2394 1360 2436 internam,
1395 2398 1438 2428 ut
1468 2397 1521 2430 ita
1545 2396 1601 2430 ‹li-

864 2447 956 2479 cam,
980 2440 1180 2484 utriusque
1205 2442 1296 2474 artis
1314 2442 1600 2476 similitudinem

863 2485 991 2528 potius
1015 2486 1252 2529 referuntur3
1289 2488 1335 2521 de
1362 2491 1516 2522 externa
1547 2490 1601 2523 lo-

865 2532 995 2574 quitur
1018 2532 1209 2575 Horatius,
1234 2534 1273 2567 id
1299 2535 1452 2577 docens,
1476 2536 1600 2569 diver-

865 2587 907 2611 sa
938 2579 1139 2623 utriusque
1171 2581 1264 2614 artis
1303 2592 1418 2625 opera
1450 2581 1599 2617 diverso

865 2625 977 2658 etiam
1009 2626 1119 2659 modo
1153 2628 1315 2670 spectari
1354 2631 1468 2672 atque
1501 2629 1601 2663 ‹liiu-

865 2671 984 2704 dicari
1010 2682 1032 2706 a
1054 2674 1187 2717 peritis
1214 2677 1599 2719 oportere-absus]

865 2717 1034 2752 Verbum
1089 2721 1236 2753 abstare
1293 2721 1442 2755 videtur
1498 2719 1600 2765 ἅπαξ

1351 2792 1385 2815 34
