1774 2930
188 165 276 206 390

669 165 877 200 HORATII
902 166 1248 202 EPISTOLARUM

308 265 476 308 Ennius
509 267 604 323 ipse
635 271 758 323 pater
789 281 1008 324 nunquam
1038 269 1122 310 nisi
1153 274 1279 325 potus
1311 270 1365 312 ad
1395 285 1514 321 arma

306 336 513 379 Prosiluit
544 337 737 380 dicenda.
784 337 943 380 Forum
973 339 1204 396 putealque
1234 340 1413 383 Libonis
1556 331 1558 333 ’

305 407 519 450 Mandabo
551 409 695 462 siccis,
729 409 913 452 adimam
945 414 1116 453 cantare
1148 412 1338 454 severis:

307 478 404 521 Hoc
436 479 563 520 simul
595 479 730 532 edixi,
762 495 847 522 non
880 495 1102 524 cessavere
1133 485 1288 538 poetae

1656 485 1711 526 10

309 549 350 591 N
352 554 528 592 octurno
562 554 724 594 certare
755 566 894 605 mero,
926 555 1077 608 putere
1109 547 1274 595 diurno.

288 687 341 719 10.
368 687 478 720 edixit
505 697 524 720 c
552 697 636 720 cum
662 688 775 732 gloss.
801 689 955 730 Ennia-⁹,
980 688 1069 722 item
1087 688 1132 729 d,'
1149 699 1243 723 corr.
1261 689 1298 732 b,
1323 700 1356 729 κ,
1380 689 1555 724 Pottierii
1581 690 1661 736 ple-

237 734 360 777 rique,
386 736 463 767 tum
490 734 578 776 LCt,
606 736 719 768 edioeli
743 734 787 767 D.
813 735 1006 769 Heinsius.

191 853 303 878 nnus.
334 864 374 868 —
401 846 555 889 Enni-us]
583 847 724 891 quippe
752 848 816 891 qui
843 847 924 891 ipse

190 892 237 926 de
279 903 317 926 se
359 892 515 927 dixerit:
558 895 759 935 Nunquam
798 897 927 936 poe‘lor

190 940 262 972 m'si
298 941 471 981 podaqer.
509 960 551 964 —
585 942 715 984 paler]
754 942 924 986 Propert.

190 989 223 1029 4,
250 989 282 1027 2,
309 990 349 1021 5:
376 989 570 1028 Parvaque
596 991 670 1021 tam
695 991 835 1030 magmis
860 991 924 1022 ad—

192 1042 332 1067 moram
364 1036 524 1076 sontibus
557 1044 642 1078 ora,
685 1037 780 1068 Unde
815 1038 925 1077 pater

188 1082 313 1115 siciens
339 1084 478 1115 Ennius
505 1085 590 1116 ame
617 1084 711 1116 bibit.
751 1083 925 1126 (Utrobi-

191 1139 264 1174 que
287 1132 395 1171 pater
417 1130 634 1164 nominatur
661 1132 698 1164 et
723 1131 816 1175 quia
833 1131 925 1164 duo-

191 1176 262 1210 bus
288 1179 375 1210 ante
402 1177 540 1211 seculis
566 1177 748 1211 floruerat
773 1181 811 1211 et
835 1178 925 1222 quia

192 1234 277 1257 eum
315 1224 422 1258 Livio
456 1223 674 1258 Andronico
709 1224 925 1269 Naevioque

191 1273 321 1305 auctor
355 1272 481 1315 poesis
513 1271 670 1306 Latinae
704 1272 924 1306 habebatur.

194 1318 269 1352 cfr.
297 1318 366 1352 Od.
385 1321 418 1361 4,
437 1321 470 1361 8,
497 1321 553 1353 20.
579 1319 672 1364 Epp.
693 1322 725 1362 2,
746 1322 778 1362 1,
804 1321 860 1353 50.
881 1339 923 1343 -

192 1367 241 1399 ad
276 1374 385 1399 arma
401 1386 416 1392 -
433 1367 607 1410 dicenda]
633 1367 860 1401 Praesertim
886 1367 925 1400 in

190 1413 424 1456 Annalibus,
458 1424 621 1458 quorum
654 1415 819 1458 primum
845 1425 926 1448 ver-

193 1471 276 1494 sum
317 1461 408 1495 fecit
447 1460 610 1495 Merula:
654 1463 820 1495 Horrida
853 1464 926 1495 Ro—

191 1509 352 1542 muleum
378 1510 580 1542 certamina
602 1518 726 1551 panae
752 1510 924 1542 duellum.

191 1574 239 1579 —
271 1555 468 1598 Prosiluit]
510 1558 698 1590 ,πᾶν-νην
742 1566 789 1590 er
827 1558 930 1590 her-

191 1612 295 1643 vor,·
322 1603 432 1648 quasi
459 1604 539 1648 ipse
565 1614 730 1648 pugnam
750 1604 927 1638 initurus.

195 1670 238 1673 -
263 1652 464 1692 pateatque
489 1651 654 1694 Libonis]
692 1651 767 1684 Cfr.
795 1651 869 1685 Sat.
895 1653 928 1693 2,

194 1700 227 1740 6,
255 1700 312 1731 35.
354 1698 508 1741 „Puteal
534 1700 659 1732 autem
686 1698 843 1732 Libonis
871 1709 927 1732 se-

193 1745 259 1779 des
300 1745 486 1789 praetoris
527 1746 600 1779 fuit
635 1756 754 1790 prope
801 1757 928 1779 areum

195 1792 414 1835 Fabianum,
442 1792 582 1826 dictum
610 1793 711 1836 quod
737 1804 758 1826 a
783 1792 927 1826 Libone

193 1839 274 1873 illic
298 1840 463 1883 primum
489 1840 657 1873 tribunal
683 1842 720 1873 et
746 1839 929 1873 subsellia

195 1886 378 1920 collocata
404 1887 513 1920 sint.“
557 1886 705 1920 Pomm.
748 1887 804 1920 Ex
827 1889 927 1920 vete-

194 1944 277 1967 rum
296 1933 342 1967 de
355 1934 504 1967 Puteali
523 1933 616 1967 locis
635 1936 810 1968 accurate
827 1934 927 1967 inter

125 1992 134 2001 ·
195 1991 234 2015 se
277 1981 424 2015 collatis
466 1981 558 2014 haec
607 1981 761 2025 collegit
803 1980 845 2014 Gr.
886 1981 927 2014 F.

193 2028 456 2063 Hermannus:
485 2028 631 2071 „Unum
657 2031 802 2062 tantum
829 2029 927 2071 (non

195 2075 286 2118 duo,
312 2078 354 2109 ut
378 2076 490 2121 vulgo
519 2075 753 2117 statuebant)
780 2075 820 2109 in
846 2075 928 2110 foro

195 2123 423 2168 comitioque
447 2123 616 2157 Romano
643 2123 759 2157 fuisse
783 2123 929 2165 Puteal,

196 2171 297 2215 quod
330 2172 456 2215 prisca
490 2172 611 2204 aetate
646 2171 723 2204 sive
750 2170 796 2204 ob
822 2170 928 2204 Navii

195 2218 350 2263 auguris
389 2219 609 2252 novaculam
649 2218 725 2252 sive
768 2219 815 2252 ob
856 2218 929 2251 ful-

196 2277 290 2310 gura
307 2265 360 2299 ibi
379 2265 532 2299 condita
550 2268 811 2299 consecratum
828 2268 930 2309 post-

196 2313 305 2347 modo
331 2324 353 2346 a
372 2312 567 2347 Scribonio
595 2311 752 2355 Libone,
778 2313 838 2346 cui
865 2323 930 2346 ne·

197 2361 339 2405 gotium
387 2360 540 2404 publice
583 2359 930 2404 conquirendorum

197 2407 422 2441 sacellorum
449 2407 712 2442 demandatum
738 2410 850 2449 esset,
873 2407 931 2440 in-

198 2456 407 2489 stauratum
456 2457 570 2499 atque
616 2454 668 2487 ita
710 2456 930 2488 exornatum

198 2502 264 2544 sit,
290 2505 332 2535 ut
358 2501 487 2535 eadem
515 2512 629 2546 opera
654 2502 838 2545 praetori,
866 2502 929 2546 qui

198 2550 237 2582 in
271 2549 338 2583 illo
373 2548 457 2583 loco
490 2559 607 2593 prope
640 2559 768 2582 arcum
796 2548 928 2582 Fabia-

198 2607 288 2630 num
319 2596 379 2630 ius
414 2596 540 2629 dicere
575 2595 732 2638 soleret,
766 2595 930 2630 tribunal

198 2647 311 2688 atque
354 2643 536 2678 subsellia
577 2645 807 2685 exstrueret,
855 2654 930 2687 quo

199 2691 295 2725 facto
323 2694 360 2725 et
392 2691 627 2725 feneratores
654 2692 690 2723 et
715 2690 828 2732 alios,
864 2689 930 2734 qui

198 2738 285 2772 lites
311 2739 473 2782 privatas
499 2740 831 2782 persequerentur,
856 2737 930 2770 fre-

977 850 1140 891 quenter
1178 858 1222 882 eo
1260 859 1467 883 commeare
1510 851 1710 883 consenta-

975 905 1088 928 neum
1115 895 1228 929 erat.“
1269 895 1404 939 („Lib0
1430 896 1491 930 hic
1517 897 1602 940 quis
1627 896 1710 930 fue-

974 942 1025 975 rit
1063 945 1100 976 et
1137 942 1288 987 quando
1326 943 1479 984 vixerit,
1516 943 1711 988 ambigunt

974 989 1094 1032 docti;
1120 990 1284 1033 plurima
1308 992 1433 1024 tamen
1461 990 1640 1032 suadent,
1666 991 1712 1023 ut

973 1035 1015 1069 L.
1059 1036 1296 1070 Scribonium
1337 1037 1521 1071 Libonem
1569 1037 1711 1081 ample-

975 1085 1142 1125 ctamur,
1177 1084 1240 1128 qui
1269 1083 1347 1118 Ser.
1375 1084 1516 1118 Galbae
1549 1085 1709 1118 maxime

974 1131 1214 1165 accusatione
1251 1142 1285 1165 a.
1323 1143 1360 1165 u.
1399 1143 1430 1166 c.
1470 1133 1549 1165 604.
1592 1131 1708 1165 incla-

973 1178 1102 1220 ruit“.)
1130 1197 1173 1202 ——
1206 1179 1392 1214 Mandabo
1428 1178 1553 1221 siccis]
1591 1178 1709 1212 Futu-

974 1225 1028 1258 ris
1054 1225 1193 1267 utitur,
1227 1227 1271 1259 ut
1295 1226 1415 1260 facete
1439 1225 1608 1259 imitetur
1632 1225 1714 1259 for-

974 1272 1096 1306 mulas
1122 1272 1236 1306 edicti
1260 1273 1457 1316 praetoris.
1496 1271 1573 1306 Cic.
1599 1271 1711 1306 Verrf

973 1319 1109 1353 Aecus.
1138 1322 1175 1362 1,
1201 1322 1241 1362 4,
1269 1322 1355 1354 113:
1387 1319 1488 1353 Nnc
1513 1327 1710 1352 PETITI-

976 1373 1709 1401 ONEMNEOPOSSESSIONEMDABO.

977 1416 1115 1456 „Siccos
1141 1414 1278 1459 igitur,
1312 1414 1514 1449 abstemios
1549 1414 1616 1456 (ut
1640 1412 1708 1447 Od.

977 1464 1008 1504 1,
1029 1464 1085 1504 18,
1105 1462 1151 1504 3.)
1177 1461 1291 1496 iubeo
1317 1462 1373 1496 rei
1391 1461 1538 1496 fenebri
1563 1470 1709 1503 vacare,

976 1509 1117 1553 quippe
1138 1509 1202 1553 qui
1219 1509 1367 1553 poetico
1386 1519 1501 1543 sensu
1520 1507 1708 1542 careant.“

978 1556 1037 1589 Ad
1075 1556 1287 1591 causidicos
1325 1558 1362 1590 et
1398 1557 1481 1590 iure
1514 1555 1709 1590 consultos

977 1604 1102 1637 minus
1137 1606 1240 1638 recte
1273 1603 1391 1638 refert
1418 1603 1639 1648 Porphyrio.
1664 1620 1711 1625 —

979 1652 1141 1684 adimam
1165 1650 1339 1694 camare]
1376 1661 1528 1693 „severe
1554 1648 1710 1683 interdi-

980 1708 1080 1740 cam,
1106 1709 1153 1732 ne
1179 1700 1351 1742 poemata
1376 1696 1635 1741 componant.“
1663 1713 1708 1719 -—-

977 1745 1132 1788 severis]
1169 1745 1265 1789 „qui
1290 1745 1336 1779 ab
1367 1746 1467 1778 omni
1493 1743 1582 1777 ludo
1609 1742 1711 1776 ioco-

979 1803 1052 1836 que
1085 1791 1333 1833 abhorrent,“
1372 1792 1443 1824 die
1477 1790 1707 1824 Grdmler.

1027 1841 1081 1872 10.
1113 1841 1168 1872 11.
1203 1838 1322 1881 edm]
1357 1841 1575 1882 „tamquam
1600 1847 1708 1881 prae-

977 1886 1069 1919 tor.“
1114 1884 1220 1920 Conf.
1247 1885 1322 1919 Sat.
1349 1886 1381 1928 2,
1408 1887 1440 1928 2,
1466 1887 1522 1918 51.
1564 1883 1708 1928 Lepide

977 1934 1102 1966 autem
1143 1932 1295 1967 simulat
1330 1942 1480 1975 omnes,
1522 1931 1588 1976 qui
1629 1933 1708 1964 tum

976 1982 1172 2024 poetarum
1197 1989 1336 2014 nomen
1362 1979 1431 2023 affe
1456 1977 1711 2022 tarent,.ipsi—

978 2038 1023 2061 us
1069 2027 1333 2062 auctoritatem
1373 2026 1560 2071 extemplo
1603 2035 1709 2059 secu-

977 2077 1035 2108 tos
1061 2085 1163 2117 esse,
1194 2074 1302 2119 quasi
1326 2084 1416 2108 vero
1441 2073 1562 2119 ipsius
1587 2071 1709 2107 edicto

979 2122 1279 2166 obtemperantes
1313 2122 1430 2155 multo
1460 2119 1711 2166 praestantio-

978 2180 1039 2203 res
1066 2169 1437 2213 evaderentpoetae.
1456 2187 1499 2192 —-
1523 2169 1710 2202 Nocturno

980 2216 1065 2259 cet]
1090 2216 1148 2250 Ad
1166 2216 1344 2250 versiculi
1370 2226 1503 2250 sonum
1521 2215 1588 2249 cfr.
1605 2214 1648 2247 A.
1666 2213 1707 2246 P.

980 2265 1067 2298 169:
1102 2265 1293 2297 Nocturna
1316 2265 1456 2297 versate
1481 2270 1604 2303 manu,
1629 2269 1710 2295 ver-

978 2313 1057 2344 sate
1081 2312 1228 2344 diurna.
1254 2329 1297 2334 —
1323 2313 1466 2344 certare
1492 2308 1613 2352 mero]
1639 2306 1709 2343 Od.

979 2361 1020 2400 4,
1047 2359 1064 2391 1
1079 2383 1088 2401 ,
1115 2360 1177 2391 31:
1208 2359 1280 2391 Nec
1306 2359 1446 2391 certare
1469 2357 1572 2390 iuvat
1596 2363 1708 2389 mero.

980 2425 1023 2428 —
1047 2404 1195 2447 putere]
1228 2406 1437 2445 riecnen,
1475 2414 1508 2437 v.
1543 2403 1709 2437 odiosius

980 2463 1092 2498 quam
1126 2463 1159 2486 v.
1193 2455 1226 2486 5.
1263 2453 1379 2493 olere,
1413 2451 1590 2492 dusten.
1633 2449 1710 2484 Ofr.

978 2499 1139 2534 Martial.
1177 2501 1215 2542 1,
1251 2500 1314 2532 29:
1356 2499 1535 2532 Hesterno
1571 2498 1708 2539 foetere

978 2556 1078 2580 ‘mero
1118 2547 1181 2587 qm·
1217 2547 1330 2579 credit
1363 2547 1556 2587 Acerram,
1595 2544 1710 2576 Falli-

979 2597 1064 2628 tur.-
1120 2595 1158 2626 in
1217 2595 1330 2626 lucem
1385 2599 1525 2633 semper
1571 2592 1709 2624 Acerra
1770 2629 1774 2638 .

980 2642 1076 2675 bibit.
1242 2639 1253 2649 ⁴
1770 2643 1774 2668 '-

1030 2689 1164 2722 12-14.
1201 2688 1304 2720 voltu
1341 2685 1463 2728 torvo]
1496 2684 1595 2718 Plut.
1630 2683 1711 2718 Cat.
1766 2683 1774 2724 ἰ,

979 2735 1069 2769 min.
1098 2739 1140 2769 1:
1174 2734 1337 2778 Λέγεται
1364 2732 1404 2765 δὲ
1429 2729 1566 2766 Κάτων
1595 2728 1709 2772 εὐθὺς
1762 2723 1774 2779 *¹
