1774 2930
172 135 258 178 528

837 137 1050 174 HOBATII

289 236 398 280 Sunt
429 238 585 282 delicta
617 242 782 293 tamen,
815 239 970 295 quibus
1001 240 1220 296 ignovisse
1249 242 1456 300 velimus;

285 308 397 352 Nam
413 323 553 365 neque
573 309 731 352 chorda
747 323 899 352 sonum
914 310 1068 365 reddit,
1087 326 1214 368 quem
1224 313 1315 355 volt
1329 327 1481 356 manus
1497 318 1542 358 et
1554 329 1694 370 mens,

286 379 574 436 Poscentique
606 395 781 436 gravem
812 395 1022 438 persaepe
1052 383 1234 425 remittit
1263 387 1458 440 acutum3

285 451 377 494 Nec
409 466 578 508 semper
610 452 737 495 feriet
769 452 1051 509 quodcunque
1082 454 1317 497 minabitur
1347 469 1484 498 arcus.

1605 458 1695 500 350

285 522 447 565 Verum
479 523 554 565 ubi
584 523 710 579 plura
738 524 879 566 nitent
909 524 955 565 in
987 525 1195 579 carmine,
1227 539 1315 568 non
1347 540 1428 583 ego
1457 528 1606 584 paucis

286 593 492 636 Offendar
521 594 721 648 maculis,
755 608 859 650 quas
891 598 965 637 aut
995 595 1160 638 incuria
1188 595 1300 638 fudit

284 663 374 708 Aut
403 664 592 707 humana
622 679 775 722 parum
807 666 920 708 cavit
950 670 1118 709 natura.
1167 666 1283 716 Quid
1313 682 1415 725 ergo
1445 669 1543 712 est?

283 735 341 777 Ut
373 736 555 792 scriptor
586 737 622 778 si
654 741 804 793 peccat
834 737 948 779 idem
978 737 1179 780 librarius
1211 753 1367 795 usque,

285 806 492 855 Quamvis
526 811 592 850 est
623 808 831 862 monitus,
863 809 993 851 venia
1024 813 1163 864 caret3
1196 814 1245 851 ut
1275 810 1546 854 citharoedus
1603 812 1692 854 355

282 877 484 932 Ridetur,
518 878 677 921 chorda
709 879 781 935 qui
814 893 984 936 semper
1015 880 1186 923 oberrat
1217 880 1390 924 eadem:

283 948 354 992 Sic
383 949 508 1004 mihi,
542 950 615 1006 qui
646 950 827 991 multum
860 955 1020 1005 cessat,
1051 951 1099 993 fit
1131 951 1356 995 Choerilus
1386 953 1479 1007 ille,

257 1087 338 1119 355.
366 1088 399 1118 et
424 1085 514 1119 BbT
542 1089 580 1119 et
605 1096 703 1120 corr.
730 1095 760 1119 c.
789 1103 831 1110 -·-
860 1087 942 1120 356.
968 1087 1110 1120 oberret
1135 1086 1191 1121 bT
1217 1088 1309 1130 (non
1335 1087 1469 1131 BScd).
1488 1107 1530 1112 —
1558 1091 1638 1123 357.

210 1133 394 1166 Choerilus
418 1133 629 1167 Bentleius.

160 1254 249 1290 gum
282 1243 365 1278 fiat·
357 1245 389 1263 ·“
424 1246 480 1278 uti
510 1244 623 1300 soph.
656 1244 788 1280 Trach.
816 1246 903 1279 679:

159 1292 303 1334 μείζον’
329 1292 469 1325 ἐκτενῶ
496 1289 627 1337 λόγον.

209 1341 294 1373 347-
298 1341 378 1374 352.
405 1341 496 1374 Sum
515 1341 649 1373 delicta
668 1340 752 1383 cet]
774 1339 900 1383 „Nun-

160 1397 273 1430 quam
311 1389 436 1421 tamen
476 1386 678 1421 obliviscar
716 1387 763 1421 ad
796 1388 900 1421 illam

158 1434 404 1478 perfectionis
467 1435 662 1469 absolutae
725 1435 900 1479 speciem,

160 1492 272 1525 quam
296 1484 423 1516 mente
450 1483 596 1516 tantum
615 1482 786 1516 videmus
814 1480 899 1526 (τὴν

159 1527 262 1562 ἰδέαν
288 1529 356 1562 τοῦ
383 1528 546 1572 καλοῦ),
572 1529 772 1574 pervenire
799 1540 899 1563 eam-

158 1587 233 1620 que
269 1577 426 1621 exsequi
461 1577 685 1611 mortalibus
719 1579 898 1622 negatum

157 1633 261 1667 esse3
297 1625 477 1669 quocirca
509 1635 633 1669 aequa
669 1627 710 1659 et
734 1626 898 1658 humana

158 1670 236 1705 sint
261 1674 393 1706 nostra
423 1671 567 1705 iudicia
592 1672 637 1706 de
665 1682 897 1706 summorum

156 1720 354 1762 poetarum
397 1719 593 1753 erroribus
631 1721 669 1752 et
709 1719 894 1754 delictis.“

157 1765 252 1799 Tota
277 1768 403 1800 autem
429 1767 522 1800 haec
547 1766 723 1800 doctrina
748 1766 794 1800 de
819 1778 898 1800 mo-

157 1812 261 1847 deste
290 1813 506 1847 iudicandis
542 1813 793 1858 scriptoribus
818 1814 895 1857 pri-

155 1860 286 1894 mariis
321 1860 473 1905 egregie
509 1861 679 1904 exposita
704 1863 760 1894 est
784 1871 806 1894 a
830 1860 895 1894 Di-

156 1908 289 1953 onysio
315 1906 488 1952 Longino
524 1909 579 1941 33.
614 1919 650 1951 p.
684 1909 741 1941 48.
774 1911 811 1941 et
837 1909 893 1941 36.

154 1966 191 1999 p.
218 1956 274 1989 52.
300 1953 446 2011 Egger:
473 1954 628 1988 ἐκείνων
646 1954 721 1987 τῶν
746 1951 894 2002 ἀνόοῶν

155 2002 230 2036 τῶν
263 2001 303 2035 ἐν
338 1999 469 2046 λόγοις
500 2001 760 2046 μεγαλοᾳυῶν
797 1987 895 2035 ἑκα-

156 2060 247 2092 στος
263 2045 415 2083 ἅπαντα
433 2047 479 2082 τὰ
497 2047 710 2092 σφάλματα
726 2048 783 2082 ἑνὶ
800 2048 894 2092 ἐξω-

155 2101 276 2130 νεῖται
302 2093 486 2139 πολὶάκις
516 2093 791 2143 κατορθώματι
815 2096 893 2130 κτλ.

159 2164 201 2168 w
241 2154 358 2185 neque
396 2146 533 2179 chorda
574 2144 667 2187 cet]
710 2144 895 2189 Proponit

155 2192 297 2236 duplex
314 2192 526 2237 exemplum
551 2192 691 2226 erroris
709 2202 785 2225 non
804 2203 893 2226 con-

155 2240 255 2273 sulto
271 2242 335 2274 aut
348 2239 478 2273 iudicii
492 2240 678 2284 pravitate
692 2239 893 2282 commissi,

155 2287 221 2320 sed
238 2287 364 2331 potius
383 2287 648 2321 instrumentis
665 2287 790 2320 minus
807 2297 892 2331 per-

154 2333 262 2367 fectis
289 2337 354 2367 aut
379 2334 444 2368 alii
471 2335 576 2368 casui
602 2333 813 2367 tribuendi:
842 2334 892 2368 si-

154 2381 262 2415 miles
288 2383 415 2415 autem
450 2382 561 2415 etiam
591 2382 631 2414 in
659 2381 891 2415 carminibus

153 2428 365 2473 pangendis
384 2428 558 2462 accidere
585 2439 694 2462 casus
712 2428 891 2462 adversos

155 2475 385 2521 significans,
405 2476 543 2520 quibus
561 2487 647 2509 mox
666 2478 892 2510 annumerat

155 2524 268 2557 etiam
294 2523 480 2557 incuriam
508 2524 672 2567 aliquam
698 2522 893 2557 excusabi-

154 2571 227 2604 lem
254 2571 314 2604 vel
340 2571 526 2604 humanae
545 2573 703 2604 naturae
723 2571 893 2614 quamvis

153 2618 431 2662 perfectissima
469 2628 644 2662 quaeque
683 2617 893 2651 affectantis

153 2665 421 2699 infirmitatem.
441 2684 483 2688 —
507 2664 724 2708 minabitur]
753 2665 894 2707 „mina-

152 2712 255 2746 bitur
294 2712 428 2755 ferire,
469 2723 544 2758 quo
584 2723 669 2746 eum
709 2711 892 2757 sagittarii

953 1245 1085 1279 oculus
1115 1255 1326 1291 manusque
1357 1245 1523 1291 dirigit-‘⁶
1550 1266 1594 1271 ——
1621 1248 1691 1289 Os·—

950 1292 1107 1336 sendar]
1142 1292 1229 1327 Non
1266 1295 1326 1327 est
1362 1293 1523 1336 „modus
1560 1295 1686 1329 conie-

952 1339 1142 1382 cturalis,“
1169 1343 1212 1374 ut
1236 1339 1443 1385 discipulos
1460 1340 1591 1375 docuit
1614 1352 1689 1375 nu—

950 1397 1066 1431 perus
1093 1387 1246 1432 quidam
1271 1387 1405 1431 editor,
1431 1388 1498 1422 sed
1523 1388 1684 1433 simplex

948 1434 1131 1468 futurum.
1158 1454 1202 1459 —
1228 1436 1344 1479 fudit]
1371 1434 1578 1470 Continuat
1605 1445 1683 1470 1110-

949 1482 1144 1527 taphoram
1176 1483 1365 1526 maculae,
1400 1493 1499 1527 quae
1527 1482 1689 1518 fortuita

947 1529 1084 1574 liquidi
1109 1529 1271 1564 alicuius
1305 1530 1525 1575 aspersione
1551 1530 1682 1565 oritur.

949 1575 1070 1610 Simul
1108 1578 1247 1621 optime
1285 1578 1462 1612 convenit
1501 1579 1682 1612 incuriae.

995 1626 1195 1658 353—356.
1231 1625 1327 1667 Quid
1352 1633 1436 1667 erqo
1462 1625 1560 1668 esst]
1588 1625 1683 1668 „Ve—

946 1682 1043 1714 rum,
1069 1674 1112 1706 ut
1129 1671 1274 1716 video,“
1292 1672 1431 1717 inquit,
1450 1672 1685 1715 „iustissima

945 1719 1016 1753 hac
1068 1719 1312 1754 excusatione
1365 1719 1472 1754 abuti
1521 1722 1683 1764 possunt

946 1767 1057 1800 etiam
1094 1767 1181 1800 mali
1218 1768 1371 1810 poetae,
1413 1777 1576 1810 quorum
1617 1765 1685 1800 de-

944 1813 1110 1846 fensioni
1136 1813 1286 1846 iamiam
1313 1823 1521 1847 occurram.
1558 1813 1619 1855 At,
1645 1813 1680 1847 si

943 1860 1063 1894 futilis
1097 1859 1260 1904 scriptor
1294 1859 1423 1894 eadem
1452 1859 1682 1905 purgatione

943 1917 1036 1941 usus
1062 1906 1151 1949 erit,
1185 1906 1290 1941 illico
1317 1917 1403 1941 eum
1428 1906 1679 1942 refutabimus

943 1956 1061 1999 atque
1087 1954 1198 1988 venia
1214 1959 1372 1999 prorsus
1388 1953 1588 1999 indignum
1612 1954 1680 1988 ha-

942 2001 1149 2036 bebimus.“
1178 2020 1222 2024 ——
1247 2002 1405 2044 scriptor
1422 2019 1438 2026 -
1451 2019 1467 2026 -
1487 2001 1682 2045 librarius]

945 2059 1118 2092 „servus,
1153 2048 1219 2093 qui
1252 2049 1371 2083 libros
1404 2048 1586 2083 describit
1617 2049 1679 2083 vel

943 2096 1094 2130 domino
1120 2095 1285 2130 litterato
1318 2096 1378 2130 vel
1403 2095 1676 2140 bibliopolae;“

943 2143 989 2178 de
1017 2153 1177 2188 quorum
1195 2143 1427 2189 negligentia
1447 2153 1560 2188 saepe
1586 2143 1680 2177 scri·

941 2194 1068 2235 ptores
1079 2193 1376 2235 conqueruntur.
1385 2193 1561 2232 —peccat
1567 2190 1682 2233 idem]

941 2249 1010 2284 pro
1044 2238 1212 2283 volgari:
1247 2238 1310 2281 „in
1345 2237 1476 2272 eodem
1508 2238 1675 2282 peccat,“

944 2285 1066 2329 „idem
1079 2288 1275 2330 peccatum
1287 2295 1434 2330 semper
1443 2284 1675 2319 committit.“

943 2333 1004 2367 Sic
1031 2333 1143 2367 etiam
1170 2332 1246 2366 cie.
1273 2332 1319 2366 de
1337 2332 1381 2366 N.
1398 2332 1444 2366 D.
1471 2334 1503 2375 1,
1531 2334 1585 2374 12,
1612 2333 1679 2365 31:

941 2381 1197 2422 Xenophon„
1212 2381 1337 2413 eadem
1365 2381 1443 2421 sere
1464 2381 1603 2422 peccat.
1631 2398 1675 2402 —

942 2427 1103 2470 oberrat]
1124 2427 1211 2471 „qui
1230 2427 1270 2460 in
1289 2426 1420 2461 eadem
1437 2426 1579 2460 chorda
1593 2426 1679 2471 pol-

942 2475 1012 2509 lice
1039 2474 1229 2519 tangenda
1254 2473 1415 2508 eundem
1444 2484 1592 2518 semper
1618 2483 1678 2507 er-

941 2533 1066 2556 rorem
1093 2521 1308 2562 committit‚·
1332 2522 1531 2563 sehlqreisl.

990 2570 1189 2603 355—360.
1219 2569 1375 2602 mullum
1399 2568 1537 2610 cessat]
1566 2577 1677 2611 „pro-

940 2620 1024 2661 pter
1049 2615 1316 2661 negligentiam
1350 2614 1474 2649 officio
1501 2625 1569 2648 suo
1596 2624 1674 2648 non

943 2663 1156 2706 satisfacit,“
1183 2665 1227 2696 ut
1250 2662 1343 2707 Epp.
1370 2663 1412 2704 2,
1438 2663 1479 2705 2,
1507 2664 1572 2695 14:
1612 2662 1678 2695 Se·

942 2712 1015 2744 mel
1039 2712 1095 2745 hic
1119 2711 1280 2744 cessavit.
1299 2728 1341 2733 ——
1370 2709 1570 2752 enom-ilus]
1597 2707 1676 2742 cfr.
