1774 2930
648 184 742 219 LIB.
765 184 796 219 1.
843 182 997 218 EPIST.
1020 181 1104 216 XV.

1545 180 1631 222 353

232 287 388 331 Scurra
415 301 571 343 vagus,
602 299 689 328 non
720 285 793 342 qui
825 288 987 327 certum
1016 296 1226 340 praesepe
1256 286 1443 335 teneret,

230 359 478 416 Impransus
507 371 594 400 non
625 357 698 412 qui
729 357 867 398 civem
898 354 1139 397 dinosceret
1168 353 1315 406 hoste,

234 429 461 478 Quaelibet
491 429 536 470 in
567 427 761 484 quemvis
793 425 1023 482 opprobria
1048 424 1211 480 fingere
1242 437 1414 476 saevus,

1554 422 1633 463 >30

231 500 452 543 Pernicies
483 503 527 541 et
556 501 791 554 tempestas
821 494 1156 551 barathrumque
1187 494 1374 547 macelli,

236 570 453 626 Quidquid
482 569 743 626 quaesierat,
774 567 913 610 ventri
945 566 1130 608 donabat
1160 579 1302 608 avaro.

234 641 339 695 Hic,
370 640 446 683 ubi
474 639 693 695 nequitiae
724 637 962 680 fautoribus
994 641 1038 679 et
1067 635 1228 678 timidis
1258 635 1320 677 nil

236 712 326 754 Aut
355 711 529 767 paulum
560 709 813 762 abstulerat,
843 708 1013 764 patinas
1044 707 1224 750 cenabat
1256 705 1407 758 omasi,

217 848 274 880 29.
299 847 500 879 dinosceret
525 843 700 887 deE,O:
734 845 957 885 <liquesceret
981 841 1165 875 LctFMJ.
1192 859 1235 864 —
1262 843 1318 875 30.
1342 840 1487 883 saevus]
1513 848 1590 874 cer-

169 898 225 927 tus
258 903 279 927 e
313 893 463 927 dnobus
495 891 629 925 Bland.
655 891 768 925 Tons.
794 893 832 924 et
857 890 922 923 Sil.
949 888 990 923 C.
1024 908 1066 912 —
1101 890 1158 922 32.
1191 890 1350 922 donarat
1374 888 1450 933 Ep,
1489 887 1590 922 unde

168 943 323 975 donaret
346 939 543 974 Bentleius
567 939 665 973 coni.

124 1057 236 1092 Cui-c.
253 1059 287 1100 2,
306 1060 338 1099 1,
365 1058 427 1090 12:
453 1057 646 1090 Tor-mento
670 1063 744 1089 non
770 1056 856 1088 reti-

124 1106 207 1138 neri
219 1105 341 1146 potuit
356 1105 490 1146 terreo,
517 1104 614 1144 Quin
636 1102 856 1147 (parasitus)

123 1153 300 1194 reciperet
315 1159 353 1184 se
370 1151 440 1184 hac
465 1159 565 1184 esum
582 1151 632 1183 ad
649 1151 857 1191 praesepim

123 1207 240 1232 uam·
264 1216 312 1222 --
337 1197 575 1240 Impranms]
602 1207 710 1239 „cum
736 1196 857 1230 esuri-

123 1246 215 1279 ret.“
267 1244 343 1279 Cir.
370 1244 444 1278 Sat.
470 1246 511 1287 2,
542 1246 583 1285 2,
616 1246 648 1278 7.
676 1263 718 1267 -
746 1244 858 1276 civem

125 1293 325 1326 divionen-ct
350 1291 472 1333 hoste]
512 1291 643 1335 „Haep
669 1293 727 1324 est
750 1290 791 1323 in
818 1290 859 1323 fi-

126 1349 221 1383 gura
251 1337 416 1372 hominis
450 1337 600 1377 feritas,
634 1348 731 1381 quae
762 1337 859 1370 fame

126 1387 287 1430 urgente
317 1386 436 1426 ipsam
460 1386 617 1417 amicum
641 1386 688 1418 ab
713 1385 859 1417 inimico

127 1443 206 1466 non
238 1431 473 1466 internoscit.
524 1431 587 1464 Sic
620 1431 713 1465 haec
746 1432 860 1465 verba

128 1477 291 1523 intelligi
307 1479 406 1512 malo
424 1489 534 1522 quam
553 1488 638 1511 cnm
663 1478 748 1511 aliis
775 1488 860 1512 sen-

128 1526 224 1560 tire:
263 1525 405 1568 „civem
429 1535 453 1558 a
474 1525 676 1570 peregrino
709 1525 769 1558 vel
798 1536 861 1559 ex-

128 1571 295 1607 traneo.“
343 1571 493 1606 Etenim
525 1573 630 1616 prior
662 1571 731 1606 illa
755 1572 860 1606 verbi

127 1619 234 1654 notio
260 1619 323 1663 (de
348 1629 425 1664 qua
449 1619 516 1652 cfr.
544 1619 620 1652 Cic.
639 1618 685 1653 de
703 1618 810 1653 Offic.
830 1622 861 1661 1,

130 1668 187 1709 12,
204 1667 261 1700 37.
296 1665 417 1700 Varro
442 1665 484 1699 L.
501 1665 544 1699 L.
562 1667 597 1709 5,
614 1667 662 1708 3.)
688 1666 762 1700 iam
786 1667 863 1711 pri-

129 1712 214 1748 dem
244 1713 440 1746 immutata
473 1715 565 1747 erat.
614 1712 683 1746 Est
718 1713 861 1747 locutio

129 1759 307 1794 Plautina
321 1761 362 1793 in
381 1759 485 1794 Trin.
507 1762 538 1802 1,
555 1762 589 1802 2,
606 1761 671 1793 65:
688 1761 861 1794 Hostisne

131 1815 183 1841 an
198 1808 285 1841 civis
307 1807 472 1849 comedis,
494 1808 606 1848 parm·
627 1809 786 1848 pendere
812 1808 862 1849 (te

131 1854 284 1897 dicum).
316 1853 398 1887 Liv.
418 1855 473 1895 10,
499 1855 556 1895 36,
582 1856 615 1887 8.
642 1854 743 1896 (coll.
769 1856 802 1896 5,
828 1856 862 1896 8,

133 1901 230 1944 11.):
255 1901 364 1942 eliae,
389 1909 470 1934 cum
495 1902 572 1934 cive
597 1909 647 1934 an
673 1902 771 1934 hoste
792 1911 863 1943 pa-

132 1955 246 1989 anare
268 1947 410 1980 matisst‘
437 1947 584 1981 Ossan.
609 1947 735 1982 Verbo
761 1950 864 1982 aino-

132 2002 229 2027 scere
243 1994 388 2038 primus
406 2005 499 2028 usus
522 2005 604 2028 esse
621 1995 771 2028 videtur
787 1995 865 2029 Ho-

134 2041 263 2074 ratius.
310 2039 386 2073 Ofr.
410 2039 503 2084 Epp.
530 2043 562 2082 2,
588 2043 620 2082 2,
646 2044 703 2074 44.
732 2060 774 2064 —
801 2051 864 2083 op-

132 2087 285 2128 probria
308 2087 468 2129 finqere]
502 2087 618 2128 „ficta
641 2088 801 2121 crimina
825 2089 865 2121 in

136 2132 303 2177 aliquem
326 2132 550 2166 conferrre.“
578 2133 640 2166 Sic
659 2134 770 2168 etiam
790 2134 866 2168 Cic.

137 2180 178 2213 in
202 2177 311 2213 Verr.
334 2179 418 2213 Act.
444 2182 483 2221 1,
509 2182 549 2221 5,
577 2183 640 2214 15:
679 2182 798 2222 maqis
823 2183 867 2213 ti-

137 2227 325 2268 mendum,
358 2235 402 2259 ne
433 2227 550 2259 malta
575 2228 729 2260 crimina
757 2236 868 2269 prae-

139 2274 334 2306 termittere
366 2281 477 2314 qaam
509 2282 554 2306 ne
582 2282 654 2314 qua
686 2275 727 2307 in
759 2276 869 2307 istam

138 2321 276 2362 fineen-e
301 2321 495 2354 existimer.
546 2319 651 2354 ovid.
688 2320 777 2354 Her.
812 2323 868 2363 12,

141 2367 227 2400 177:
245 2368 293 2399 ln
307 2368 439 2408 [aciem
454 2375 643 2408 moresque
659 2376 756 2401 meos
773 2376 869 2401 nova

140 2414 295 2447 crimina
318 2415 434 2455 anais.
454 2433 495 2438 —
514 2416 699 2448 Pernicies
725 2417 758 2448 et
782 2417 869 2447 tem-

135 2460 272 2503 pestas]
298 2459 448 2494 comica
471 2461 575 2495 haec.
616 2461 738 2495 Plaut.
764 2461 869 2506 Capt.

139 2509 183 2549 4,
207 2509 250 2549 3,
275 2509 316 2541 3:
358 2508 506 2549 Quanta
527 2509 653 2550 pernis
674 2510 787 2550 pestis
810 2518 871 2542 ve-

141 2555 235 2587 niet!
259 2557 400 2595 quanta
425 2556 522 2588 labes
549 2556 689 2589 larido!
719 2558 752 2598 4,
776 2558 811 2598 4,
838 2558 870 2589 3.

142 2599 188 2634 de
212 2601 396 2645 parasito:
437 2602 563 2636 Clades
596 2603 871 2645 calamitasque,

142 2647 370 2689 memneries
406 2650 511 2682 modo
542 2650 582 2681 in
614 2652 777 2683 nostram
809 2651 873 2683 ad-

143 2695 240 2726 venit
262 2696 418 2729 domum.
470 2695 619 2730 Terent.
649 2696 746 2730 Eun.
774 2699 813 2739 1,
840 2699 873 2740 1,

146 2739 210 2773 34:
245 2742 352 2781 tandi
382 2745 498 2776 nostri
529 2744 721 2777 calamitas
747 2743 874 2778 Thais.

219 2809 322 2836 nont.
338 2811 403 2838 Vol.
421 2811 460 2838 11.
477 2812 532 2838 Ed.
549 2813 643 2838 minor
659 2814 696 2838 V.

905 1053 1125 1088 Pseudocic.
1142 1064 1212 1098 pro
1228 1053 1349 1087 Domo
1371 1054 1436 1094 53,
1465 1053 1549 1086 137:
1575 1053 1638 1094 Tu,

902 1102 1067 1142 procella
1095 1102 1262 1143 patriae,
1295 1101 1408 1133 turba
1436 1108 1480 1132 ac
1506 1102 1640 1141 tempe-

904 1150 979 1181 stas
1002 1150 1104 1190 pacis
1131 1151 1240 1188 atque
1257 1145 1639 1188 otia—barathrum]

908 1195 1103 1240 „mragost‘
1154 1195 1277 1228 Plaut.
1305 1194 1415 1228 Curc.
1443 1196 1482 1235 1,
1508 1195 1549 1236 2,
1575 1195 1639 1227 28;

907 1252 974 1283 aqe
1002 1244 1143 1283 effunde
1162 1243 1228 1275 hoc
1252 1243 1320 1274 cito
1346 1243 1385 1274 in
1412 1242 1641 1281 barathrum,

908 1289 947 1322 id
973 1293 1041 1331 est,
1069 1289 1131 1331 „in
1157 1290 1326 1322 ventrem
1351 1287 1640 1322 insatiabilem.“

910 1355 952 1359 —
980 1335 1140 1378 macelli]
1166 1335 1230 1369 ubi
1257 1335 1428 1375 obsonia,
1455 1335 1579 1379 pisces
1605 1337 1644 1369 et

910 1393 997 1416 caro
1031 1383 1222 1416 venibant.
1272 1382 1348 1416 Cfr.
1383 1382 1492 1415 Varr.
1524 1382 1567 1415 L.
1598 1381 1642 1415 L.

909 1432 946 1472 5,
969 1432 1047 1465 146.

957 1478 1079 1510 33-37.
1105 1478 1291 1517 nequitiae
1314 1476 1536 1519 fautoribus]
1563 1475 1644 1518 „iis,

911 1524 976 1568 qui
993 1527 1146 1568 propter
1161 1524 1464 1568 qualemcunque
1481 1533 1644 1565 causam,

909 1571 1071 1605 fortasse
1089 1571 1245 1604 nonnisi
1260 1571 1385 1604 iocum
1403 1572 1643 1615 quaerentes,

910 1618 1085 1652 favebant
1107 1617 1275 1659 Maenio,
1311 1618 1456 1651 homini
1481 1628 1645 1662 nequam

911 1665 1069 1709 eiusque
1107 1665 1296 1699 similibus
1330 1665 1511 1699 scurris.“
1540 1683 1583 1687 —
1611 1667 1645 1698 et

911 1712 1068 1754 timidis]
1108 1723 1185 1754 „ne
1210 1712 1251 1745 in
1276 1713 1378 1756 ipsos
1404 1721 1555 1756 quoque
1581 1721 1647 1755 op-

910 1760 1064 1803 probria
1088 1759 1282 1804 fingeret.“
1302 1777 1347 1783 ——
1362 1760 1511 1800 patinas
1538 1767 1645 1791 cenae

911 1808 972 1839 bat
998 1808 1113 1839 omasi
1138 1806 1224 1848 cet.]
1256 1806 1311 1839 De
1337 1805 1454 1839 simili
1478 1806 1645 1850 parasito

911 1853 1083 1887 similiter
1100 1853 1331 1897 Pomponius
1349 1853 1495 1886 Bonon.
1515 1852 1644 1886 Bothii

911 1911 994 1945 pag.
1047 1903 1131 1933 111:
1183 1902 1313 1933 cenam
1364 1901 1561 1941 quaeritat.
1609 1901 1648 1933 St·

911 1956 1016 1981 nemo
1043 1956 1124 1980 eum
1152 1949 1278 1989 Vocat,
1311 1949 1461 1980 revertit
1486 1949 1647 1980 maestas

912 1997 961 2027 ad
998 2003 1140 2027 menam
1176 1996 1294 2028 miser.
1346 1994 1483 2036 „Tunc
1519 1994 1648 2038 igitur,

914 2041 946 2074 si
970 2042 1133 2074 nummis
1160 2042 1330 2082 carebat,
1368 2044 1465 2075 totas
1497 2041 1647 2084 patinas

914 2090 1054 2130 omasi,
1082 2088 1254 2121 intestini
1287 2088 1420 2122 bubuli
1456 2087 1546 2129 (cfr.
1572 2087 1647 2120 Sat.

916 2136 958 2176 2,
982 2136 1022 2175 5,
1048 2135 1145 2176 40.)‚
1179 2138 1216 2168 et
1246 2135 1371 2168 carnis
1397 2135 1559 2178 agninae
1584 2134 1648 2167 de-

916 2181 1089 2223 vorabat3
1115 2180 1217 2224 quod
1243 2192 1328 2214 cum
1344 2181 1507 2223 faceret,
1523 2180 1570 2214 de
1593 2181 1649 2214 vi-

916 2227 1017 2261 libus
1036 2227 1131 2261 cibis
1156 2228 1209 2261 ita
1234 2239 1274 2261 se
1300 2227 1580 2270 consolabatur,
1605 2231 1650 2262 ut

916 2278 1104 2318 tamquam
1129 2274 1224 2308 alter
1248 2276 1415 2317 Bestius,
1447 2275 1578 2316 homo,
1607 2278 1651 2308 nt

915 2321 1085 2363 videtur,
1118 2332 1253 2356 avarus
1279 2322 1468 2366 simulque
1493 2321 1649 2356 maledi-

918 2369 1169 2411 centissimus,
1186 2369 1295 2403 cuius
1311 2379 1475 2413 persona
1489 2369 1650 2403 fortasse

917 2415 1047 2449 itidem
1071 2415 1267 2449 Luciliana
1302 2415 1516 2458 (Weichert
1538 2416 1580 2449 P.
1606 2415 1650 2449 L.

916 2473 953 2506 p.
976 2463 1073 2504 420.)
1099 2473 1193 2497 usus
1218 2466 1276 2497 est
1299 2463 1413 2497 etiam
1436 2463 1591 2498 Persius
1616 2466 1651 2503 6,

919 2511 988 2551 37.,
1007 2510 1048 2542 in
1064 2509 1244 2555 prodigos
1261 2511 1305 2544 ac
1321 2510 1539 2544 luxuriosos
1557 2509 1652 2543 acri-

918 2558 976 2590 ter
1000 2556 1244 2591 inveheretur
1276 2568 1416 2602 eosque
1450 2556 1651 2591 servilibus

918 2603 1052 2647 poenis
1077 2603 1212 2649 dignos
1237 2604 1414 2638 diceret&
1456 2603 1508 2636 Ut
1530 2603 1652 2636 Hora-

920 2650 997 2684 tius
1019 2652 1168 2691 pamas
1199 2660 1348 2693 cenare,
1382 2651 1436 2684 sic
1459 2650 1591 2683 Iuven.
1619 2652 1651 2692 1,

921 2699 985 2731 94:
1036 2699 1125 2739 Quis
1160 2699 1305 2740 fercula
1340 2700 1477 2739 septem
1515 2699 1652 2730 secreto

922 2746 1063 2777 cenavit
1087 2747 1201 2778 avus?
1251 2744 1346 2778 Tum
1371 2745 1487 2789 iunge
1510 2745 1593 2777 vilis
1619 2747 1650 2776 et

1404 2815 1439 2839 23
