1774 2930
151 151 239 193 364

624 153 832 188 HORATII
855 153 1204 189 EPISTOLARUM

271 253 466 296 Perdidit
498 267 635 307 arma,
667 254 809 296 locum
839 254 1011 296 virtutis
1044 255 1254 310 deseruit,
1288 257 1360 313 qui

273 323 452 380 Semper
481 325 526 365 in
558 324 756 380 augenda
786 324 963 367 festinat
994 330 1037 368 et
1068 327 1261 369 obruitur
1291 342 1352 371 re.

270 395 471 437 Vendere
504 410 600 437 cum
633 396 772 452 possis
806 397 1040 452 captivum,
1074 397 1267 440 occidere
1298 399 1409 452 noli;

272 465 441 508 Serviet
471 466 657 520 utiliter3
693 468 787 509 sine
819 471 966 523 pascat
998 468 1128 509 durus
1161 473 1357 525 aretque,

1621 471 1676 511 70

269 536 455 592 Naviget
487 551 536 579 ae
567 538 721 580 mediis
754 537 916 581 hiemet
947 542 1158 582 mercator
1187 540 1232 581 in
1261 540 1411 595 undis3

269 606 480 650 Annonae
511 609 669 664 prosit,
703 613 845 665 portet
876 609 1091 652 frumenta
1122 624 1358 667 penusque.

270 678 349 720 Vir
379 679 516 720 bonus
551 683 593 721 et
626 680 798 735 sapiens
832 680 1006 723 audebit
1037 681 1201 724 dicere:
1235 681 1452 736 Pentheu,

247 809 301 841 72.
324 817 514 849 penusque
539 808 658 851 bSEe,
685 809 817 844 LCtOs
844 812 881 844 et
905 810 1129 845 Bentleius:
1153 820 1360 853 pomumque
1385 811 1463 846 FM.

148 903 232 944 res)
272 902 455 948 adiungo,
490 903 652 938 liberum
687 915 763 938 non
797 905 888 938 mihi

147 949 292 983 videri“
321 953 391 984 cet.
441 950 509 985 Est
534 954 659 985 autem
680 952 788 996 quasi
815 953 890 997 syl-

149 997 351 1042 logismus,
386 998 441 1032 sic
468 999 725 1043 supplendus:
762 999 889 1044 „Ergo

145 1055 285 1078 avarus
312 1045 408 1079 liber
434 1057 511 1079 non
538 1047 629 1080 est.“
660 1065 701 1070 —
729 1048 890 1080 Perdidit

149 1092 278 1135 arma]
319 1090 552 1135 ,,“Ι)ἱψασπις
577 1096 613 1127 et
638 1090 891 1137 λειποτάκτης

143 1143 224 1182 est,
270 1140 341 1173 hoc
381 1143 455 1183 est,
500 1151 646 1175 summa
683 1140 891 1186 ignominia

148 1186 321 1232 dignus.“
373 1187 609 1222 Modestinus
642 1188 728 1233 Dig.
755 1191 812 1222 49.
847 1189 889 1222 Τ.

150 1235 206 1268 16.
236 1237 302 1267 13:
340 1236 465 1277 Miles,
505 1237 569 1276 qui
600 1237 640 1268 in
666 1237 757 1269 bello
783 1244 889 1269 arma

147 1283 271 1314 amisit
295 1283 353 1315 vel
370 1283 560 1325 alienavit,
585 1284 703 1324 capite
725 1285 888 1324 panitur.

149 1328 259 1362 Haud
285 1329 510 1374 infrequens
537 1333 593 1364 est
617 1331 710 1364 haec
737 1331 889 1365 virtutis

140 1377 434 1421 sapientiaeque
450 1388 535 1411 cum
548 1378 626 1411 acri
640 1377 778 1412 militia
792 1389 890 1412 com-

147 1424 306 1467 paratio.
346 1424 490 1459 Seneca
507 1425 552 1458 de
572 1426 785 1459 constantia
811 1436 888 1469 sap.

150 1473 205 1513 19,
232 1473 280 1504 4:
323 1474 448 1505 Etiam
484 1474 516 1505 si
549 1474 726 1514 premeris
765 1477 797 1505 el
834 1474 889 1506 in-

147 1519 243 1560 festa
267 1520 303 1552 vi
328 1528 472 1561 urqere,
499 1521 624 1554 cedere
644 1523 766 1554 lamen
782 1523 889 1562 turpe

149 1568 199 1599 est
216 1576 227 1598 .-
264 1567 492 1608 assianatum
533 1576 556 1600 a
594 1571 731 1601 natura
772 1569 889 1601 locum

147 1614 262 1646 tuere.
307 1615 479 1656 Quaeris,
506 1616 585 1655 quis
610 1617 666 1648 hie
691 1616 737 1647 sil
765 1616 889 1648 locus?

151 1661 238 1693 Viri.
274 1681 317 1685 —
359 1663 477 1695 locum
517 1663 662 1695 virtutis
703 1663 888 1705 deseruit]

146 1706 340 1742 Demosth.
361 1708 514 1754 Olynth.
533 1712 566 1743 3.
593 1710 624 1752 ξ.
643 1707 789 1754 36;,μὴ
816 1720 889 1742 πα-

147 1760 335 1802 ραχωρεῖν
371 1754 494 1799 (ὑμᾶς
526 1754 665 1799 ἀξιῶ),
700 1756 730 1790 ὠ
755 1753 889 1803 ἄνδρες

142 1800 355 1845 Ἀθηναῖοι,
382 1803 466 1846 τῆς
492 1799 690 1846 τάξεως,
724 1799 773 1846 ἢν
799 1801 887 1846 ὑμῖν

145 1850 188 1882 οἱ
224 1847 410 1896 πρόγονοι
455 1851 538 1894 τῆς
574 1849 750 1897 ἀρετῆς
790 1849 887 1893 μετὰ

147 1895 296 1929 πολλῶν
322 1899 388 1930 καὶ
421 1897 548 1931 καλῶν
579 1895 764 1931 κινδύνων
795 1909 888 1941 κτη-

145 1940 311 1986 σάμενοι
337 1944 555 1978 κατέλιπον.
575 1965 617 1968 -
639 1947 807 1979 obruitur
832 1946 886 1988 re]

148 1991 217 2034 „id
256 1994 331 2034 est,
377 1992 559 2036 pecunia,
605 1993 722 2026 veluti
763 1996 885 2027 terrae

146 2038 250 2082 labe3
278 2040 329 2073 ita
347 2042 389 2072 ut
406 2040 451 2074 ab
470 2051 515 2074 ea
538 2035 741 2084 impeditus
768 2040 886 2074 libere

145 2097 295 2120 movere
322 2098 404 2121 sese
432 2088 630 2132 nequeat.“

195 2159 370 2191 69—72.
399 2160 555 2192 Vendere
581 2159 670 2201 cet]
712 2159 886 2199 „Avarus

145 2204 271 2249 ignavi
307 2205 438 2239 militis
472 2205 593 2239 instar
627 2206 739 2240 armis
777 2207 887 2240 amis-

146 2253 198 2286 sis
233 2255 270 2286 et
303 2253 385 2287 loco
413 2253 561 2286 virtutis
595 2253 743 2287 deserto
770 2253 886 2297 capti-

145 2310 214 2333 vus
248 2300 307 2342 fit,
343 2311 387 2334 ex
414 2301 560 2344 captivo
594 2311 742 2342 servus,
777 2302 885 2335 cuius

146 2357 222 2380 non
241 2347 453 2390 honestum,
479 2347 545 2381 sed
563 2348 654 2381 utile
673 2359 811 2381 munus
830 2351 887 2381 est

145 2405 265 2433 arare,
292 2396 470 2438 pascere“
499 2397 567 2428 cet.
601 2394 749 2428 OBBAR.
781 2395 884 2429 Idem

144 2441 193 2475 ad
207 2441 322 2475 verba
340 2445 424 2485 apte
445 2442 605 2476 contulit
618 2442 800 2476 Institutt.
819 2442 884 2476 lib.

147 2490 180 2521 1.
205 2488 261 2521 tit.
290 2490 321 2521 3.
349 2489 380 2531 ξ.
408 2491 447 2522 2:
473 2491 577 2523 Servi
601 2492 723 2523 aulem
750 2499 795 2523 σω
822 2491 886 2523 hoc

138 2536 326 2577 »appellati
365 2538 467 2578 sum,
509 2538 605 2576 quod
646 2538 884 2578 imperatores

146 2584 362 2624 captivos
400 2585 604 2617 vendere
643 2593 686 2617 ac
720 2593 787 2625 per
821 2586 886 2617 hoc

145 2638 293 2664 servare
334 2639 422 2663 nec
464 2631 706 2664 occidere
747 2632 886 2671 solem,-

145 2678 210 2716 qui
243 2679 351 2710 etiam
383 2679 568 2718 mancipia
601 2679 697 2711 dicta
722 2682 805 2726 sugit
832 2687 884 2720 eo,

145 2726 242 2764 quod
268 2726 313 2757 ab
347 2726 504 2758 hostibus
534 2734 647 2757 marm
674 2727 883 2766 capiuntur.

942 925 982 928 -
1010 906 1146 948 durus]
1182 931 1198 949 ‚,
1213 906 1331 940 cuivis
1356 906 1470 940 etiam
1495 906 1678 940 molestis·

940 953 1033 986 simo
1060 953 1182 987 labori
1207 964 1391 998 perquam
1417 953 1612 988 idoneus.“
1633 973 1676 977 —

939 1001 1112 1043 aretque]
1152 1000 1291 1035 Salust.
1318 1000 1428 1035 Catil.
1461 1003 1506 1035 4:
1545 1010 1678 1043 aarum

940 1048 1089 1080 colendo
1116 1051 1181 1081 aut
1203 1049 1382 1090 venando,
1407 1049 1599 1082 servilibus
1624 1050 1678 1090 os-

938 1095 1027 1136 ficiis
1060 1096 1257 1137 intentum,
1293 1097 1450 1129 aetatem
1483 1104 1604 1136 affere.
1631 1115 1678 1120 -

938 1143 1093 1183 Naviqet
1110 1162 1125 1168 -
1143 1142 1311 1184 -prosil1
1349 1142 1429 1176 Hac
1455 1142 1607 1187 quidem
1637 1143 1676 1176 in

939 1189 1116 1223 iunctura
1146 1189 1210 1223 vix
1242 1189 1352 1223 aliter
1385 1190 1510 1224 facere
1542 1200 1677 1234 possu-

938 1246 1034 1278 mus,
1053 1248 1165 1281 quam
1182 1239 1224 1270 ut
1237 1237 1556 1281 comparationem
1573 1238 1677 1271 avari

939 1293 1025 1316 cum
1043 1284 1190 1328 captivo
1214 1294 1290 1317 non
1309 1283 1559 1329 egredientes,
1584 1285 1676 1319 haec

939 1341 1093 1375 quoque
1119 1331 1195 1365 duo
1220 1331 1388 1365 membra
1418 1331 1464 1366 de
1491 1342 1599 1365 servo
1625 1332 1678 1366 ita

938 1378 1249 1422 interpretemur:
1279 1378 1463 1424 „Naviget
1479 1390 1564 1413 cum
1582 1389 1678 1413 mer-

940 1428 1085 1468 catore,
1111 1425 1264 1460 domino
1291 1437 1379 1469 suo;
1414 1437 1501 1460 eum
1525 1426 1679 1461 adiuvet

938 1473 1051 1506 etiam
1077 1473 1123 1507 ad
1158 1483 1346 1507 annonam
1380 1474 1421 1507 in
1446 1472 1547 1508 Urbe
1571 1474 1679 1508 vilio-

938 1531 1015 1554 rem
1054 1520 1302 1563 reddendam,
1335 1521 1423 1554 dum
1462 1521 1494 1555 is
1529 1532 1574 1555 ex
1605 1521 1678 1555 Ae-

938 1570 1052 1612 gypto
1079 1570 1117 1601 et
1140 1567 1270 1602 Africa
1294 1578 1468 1613 magnam
1497 1568 1677 1602 frumenti

938 1615 1013 1648 vim
1038 1615 1244 1659 adportat.“
1288 1615 1369 1649 Hoc
1395 1615 1496 1650 enim
1522 1618 1579 1649 est
1602 1617 1677 1648 An—

938 1671 1056 1696 nonae
1078 1664 1210 1704 prosit.
1230 1681 1272 1686 -—
1289 1663 1497 1705 penusque]
1525 1662 1676 1704 „omnis

937 1710 1089 1754 generis
1116 1709 1334 1743 utensilia.“
1387 1709 1464 1742 Cic.
1490 1709 1536 1743 de
1561 1708 1605 1742 N.
1630 1709 1675 1742 D.

938 1758 970 1799 2,
998 1759 1054 1798 27,
1080 1759 1148 1789 68:
1176 1759 1226 1789 est
1252 1757 1347 1789 em‘m
1371 1765 1493 1797 omne,
1520 1765 1592 1796 quo
1616 1765 1677 1790 ve-

935 1807 1086 1836 scumur
1112 1804 1288 1845 homines,
1314 1812 1441 1844 penus.
1490 1802 1538 1836 H.
1563 1803 1588 1837 l.
1615 1814 1676 1837 ex-

935 1850 1035 1893 plioo
1060 1850 1297 1894 potissimum
1314 1850 1360 1884 de
1378 1850 1500 1884 omnis
1523 1851 1675 1895 generis

937 1897 1123 1942 salgamis,
1150 1908 1246 1941 quae
1265 1908 1311 1931 ex
1327 1898 1590 1932 transmarinis
1617 1909 1676 1932 re-

936 1944 1113 1989 gionibus
1131 1944 1424 1987 advehebantur,
1442 1945 1488 1979 de
1505 1945 1675 1990 piscibus

937 1992 1059 2033 salsis,
1084 2003 1186 2037 garo,
1211 1992 1314 2026 alece
1341 1994 1412 2026 eet.

985 2064 1137 2097 73—79.
1169 2064 1228 2096 Vir
1254 2064 1367 2096 bonus
1393 2062 1478 2106 cet.]
1508 2061 1677 2106 „Contra

936 2109 1006 2143 viri
1026 2121 1113 2144 vere
1138 2110 1227 2144 boni
1255 2109 1375 2155 imago
1401 2112 1459 2144 est
1482 2110 1549 2144 illa
1573 2109 1675 2154 apud

936 2157 1156 2201 Euripidem
1183 2157 1335 2200 (Bacch.
1362 2158 1480 2200 492.):
1518 2156 1676 2190 AIONY-

935 2205 1039 2238 ΣΟΣ.
1098 2203 1188 2246 Εἰ’φ’
1227 2201 1252 2238 ὅ
1288 2215 1324 2237 τι
1362 2204 1498 2237 παθεῖν
1535 2203 1600 2237 δεῖ·
1639 2206 1676 2237 τί

935 2263 983 2294 με
1009 2249 1052 2285 τὸ
1077 2250 1202 2285 δεινὸν
1227 2248 1404 2298 ἐργάσει,·
1439 2251 1674 2285 ΠΕΝΘΕΤΣ.

935 2299 1095 2346 Πρῶτον
1119 2299 1190 2342 μὲν
1215 2295 1590 2355 ἁβρὸνβόστρυχον
1615 2309 1676 2332 τε-

934 2347 996 2389 μῶ
1031 2346 1156 2380 σέθεν.
1206 2346 1246 2379 A.
1282 2345 1389 2394 Ιερὸς
1414 2343 1436 2379 ὁ
1463 2342 1674 2390 πλόκαμος,

935 2394 986 2439 τῷ
1011 2394 1089 2439 θεῷ
1114 2393 1145 2425 δ’
1171 2391 1288 2427 αὐτὸν
1312 2395 1452 2441 τρέφω.
1485 2394 1531 2426 II.
1548 2390 1675 2426 ’Ἔπει-

936 2453 982 2474 τα
1007 2438 1154 2489 θύρσον
1186 2437 1295 2474 τόνδε
1330 2437 1500 2488 παράδος
1533 2440 1576 2474 ἐκ
1610 2451 1675 2481 χε-

935 2493 1030 2536 ροῖν.
1076 2487 1116 2520 A.
1142 2485 1266 2530 Αὐτός
1289 2490 1328 2532 μ’
1354 2486 1539 2532 ἀφαιροῦ·
1565 2484 1674 2521 τόνδε

934 2532 1124 2569 Διονύσου
1160 2535 1283 2582 φορῶ.
1332 2536 1378 2568 Π.
1411 2535 1612 2581 Εἱρκταΐσί
1642 2535 1673 2567 τ’

932 2579 1042 2616 ἔνδον
1081 2583 1193 2626 σῶμα
1230 2581 1302 2616 σὸν
1344 2579 1581 2625 φυλάξομεν.
1631 2581 1672 2614 Δ.

934 2627 1053 2663 Λύσει
1088 2629 1127 2673 μ’
1162 2627 1184 2663 ὁ
1219 2629 1365 2672 δαίμων
1401 2625 1538 2670 αὐτός,
1577 2623 1673 2662 ὅταν

934 2675 1008 2721 ἐγώ
1033 2677 1167 2710 egit->fl
1219 2676 1329 2721 Apud
1355 2676 1583 2721 Euripidem,
1605 2675 1674 2721 igi-

933 2728 995 2758 tur
1023 2727 1079 2759 est
1104 2724 1295 2767 Bacchus,
1330 2724 1395 2768 qui
1423 2734 1549 2758 coram
1574 2723 1672 2757 Pen-
