1774 2930
161 163 246 205 516

821 163 1030 199 HORATII

276 262 374 307 Non
403 263 575 307 laudem
605 265 757 307 merui.
803 264 893 307 Vos
926 266 1192 323 exemplaria
1223 266 1389 311 Graeca
1456 306 1461 308 .

277 334 497 378 Nocturna
526 339 697 378 versate
727 349 878 390 manu,
909 341 1080 380 versate
1112 337 1277 381 diurna..

275 404 337 449 At
364 406 497 449 vestri
527 407 678 463 proavi
706 407 930 450 Plautinos
962 411 1006 450 et
1035 422 1236 451 numeros
1269 413 1313 452 et

1591 411 1679 453 270

274 476 527 520 Laudavere
559 478 695 520 sales:
727 478 907 520 nimium
935 479 1151 535 patienter
1181 483 1434 538 utrumque,

275 547 344 591 Ne
375 548 514 591 dicam
546 549 693 602 stulte,
726 549 888 603 mirati,
922 550 958 591 si
989 550 1115 593 modo
1148 565 1229 607 ego
1261 555 1304 595 et
1333 566 1411 595 vos

279 617 447 662 Scimus
477 619 736 662 inurbanum
765 620 908 677 lepido
940 635 1149 678 seponere
1181 622 1294 665 dicto

276 690 626 747 Legitimumque
657 705 810 734 sonum
840 691 987 748 digitis
1020 693 1223 735 callemus
1257 697 1300 736 et
1332 707 1447 736 aure.

255 850 334 884 270.
358 850 403 883 At
429 850 543 883 nostri
569 849 593 883 d
617 853 757 893 noster,
784 850 876 885 Ood.
899 850 992 896 Reg.
1017 850 1060 885 N.
1087 853 1156 894 31„
1184 851 1224 895 G,
1251 851 1413 895 Schelle,
1439 851 1548 887 Voss.

159 985 494 1030 reprehensionem
511 985 682 1020 devitans
708 997 829 1030 usque
849 986 896 1020 ad

159 1043 247 1067 eum
272 1032 398 1076 finem,
424 1033 527 1067 intra
552 1043 664 1078 quem
693 1033 724 1067 si
751 1044 897 1068 manse-

159 1091 222 1123 ro,
257 1080 403 1114 veniam
437 1091 496 1114 me
530 1080 643 1115 facile
677 1081 898 1125 impetratu-

159 1139 243 1161 rum
270 1128 415 1172 spero,“
451 1129 666 1171 „innerhalb
692 1129 757 1162 der
784 1129 899 1162 Gren-

158 1183 223 1208 zen
290 1176 356 1209 der
421 1176 599 1216 qehofften
662 1175 897 1210 Nachsicht.“

158 1222 361 1256 Dfin’rznn.
413 1222 490 1256 Cic.
522 1222 569 1256 ad
594 1223 695 1257 Fam.
723 1225 763 1266 4,
791 1226 832 1266 4,
858 1225 898 1256 4:

158 1271 304 1304 modice
340 1271 495 1312 faciam,
538 1273 603 1303 aut
645 1272 756 1304 etiam
796 1272 901 1304 intra

157 1319 322 1351 modum.
351 1337 393 1340 —
423 1318 541 1350 Vitavi
573 1318 607 1351 d.
642 1318 788 1359 culpam
814 1317 900 1360 eet.]

158 1364 284 1399 Plaut.
312 1364 417 1398 Trin.
444 1367 485 1406 5,
512 1367 553 1408 2,
579 1366 620 1398 5:
662 1366 745 1399 Non
775 1366 901 1399 videor

159 1414 334 1446 meruisse
379 1413 546 1455 laudem,
589 1413 698 1453 culpa
740 1414 900 1446 caruisse

160 1461 334 1492 arbitror.
355 1479 397 1482 —
419 1460 664 1503 exemplaria]
692 1460 899 1504 „perfectos

161 1508 347 1551 cuiusque
373 1507 524 1552 generis
551 1507 758 1552 scriptores
785 1507 900 1541 Grae-

160 1555 268 1597 cos;“
303 1564 390 1587 nam
415 1556 458 1588 ut
483 1554 529 1588 ad
554 1555 623 1588 hos
648 1554 900 1599 adspirarent,

159 1602 198 1635 id
233 1612 419 1636 summum
454 1604 551 1644 erat,
587 1602 688 1646 quod
723 1603 801 1636 suis
835 1613 900 1647 po-

159 1649 358 1693 pularibus
394 1649 511 1683 licere
545 1649 663 1694 probe
689 1649 899 1695 perspicie-

159 1697 223 1730 bat
262 1696 456 1731 Horatius.
498 1716 539 1720 —
578 1698 771 1731 Nocturna
811 1697 896 1740 cet.]

159 1743 216 1777 Ad
250 1744 430 1778 versiculi
465 1754 600 1778 sonum
635 1744 703 1778 cfr.
737 1743 832 1788 Epp.
864 1746 895 1786 1,

162 1794 223 1833 19,
268 1794 330 1824 11:
371 1792 558 1825 Nocturna
601 1794 742 1825 certare
783 1800 894 1833 mero,

159 1840 288 1879 putere
314 1839 458 1871 diurno.

208 1887 406 1918 270—274.
440 1886 485 1918 Al
512 1885 597 1927 cet.]
630 1884 697 1918 Est
732 1884 894 1918 obiectio

159 1934 261 1966 arcte
295 1932 498 1966 coniuncta
532 1942 616 1965 cum
643 1932 894 1976 responsione

159 1981 313 2013 nimium
344 1980 528 2021 patienter
561 1982 631 2013 cet.
683 1979 802 2022 „At‚“
838 1979 895 2012 in-

161 2027 262 2072 quit,
302 2027 493 2070 „maiores
529 2027 644 2061 vestri
681 2026 809 2072 magni
842 2026 895 2060 fe-

160 2085 246 2109 cere
294 2074 506 2108 Plautum.“
572 2073 784 2118 „Utique,“
835 2084 895 2107 re-

160 2121 321 2166 spondet
353 2123 483 2166 poeta,
520 2121 617 2164 „sed
645 2123 799 2166 propter
824 2122 895 2155 hoc

159 2170 300 2213 ipsum,
335 2169 435 2213 quod
471 2169 596 2202 minus
631 2171 724 2202 tunc
754 2168 895 2202 exculti

161 2216 387 2260 exemplaria
419 2215 563 2250 Graeca
596 2226 672 2249 non
706 2216 796 2250 satis
829 2227 896 2250 no-

160 2267 245 2297 rant
278 2274 403 2308 neque
438 2263 611 2297 eximiam
645 2264 779 2297 horum
810 2274 894 2307 per-

161 2311 362 2344 fectionem
403 2313 694 2355 perspexerant,
735 2321 894 2355 praepo-

162 2360 260 2391 stere
285 2358 508 2392 iudicarunt
532 2358 577 2392 de
595 2358 722 2391 Plauti
751 2360 788 2392 et
811 2368 894 2391 ver-

161 2405 264 2439 sibus
291 2407 327 2438 et
351 2405 532 2439 facetiis.“
561 2425 605 2429 -
630 2405 766 2448 vestri]
791 2404 894 2439 Haec

161 2452 272 2486 lectio
299 2453 548 2496 praeferenda
565 2455 622 2487 est
638 2452 748 2486 alteri
767 2454 894 2494 nostri,

161 2500 297 2543 partim
340 2500 429 2544 quia
466 2500 554 2533 huic
591 2499 754 2544 posmati
791 2499 894 2533 dida-

161 2547 321 2588 scalico,
346 2546 566 2591 ubicunque
592 2549 732 2591 potest,
758 2547 895 2591 episto-

161 2595 218 2628 lae
252 2594 401 2628 inducit
433 2594 597 2627 colorem
632 2595 698 2637 (ut
728 2605 761 2628 v,
787 2604 895 2638 prae-

162 2641 319 2675 cedente
349 2643 431 2684 703,
460 2652 480 2675 0
507 2641 689 2675 Pisones:
716 2641 769 2675 ita
793 2641 896 2674 vide-

161 2688 262 2731 licet,
287 2692 330 2722 ut
356 2688 467 2723 simul
494 2689 668 2722 omnibus
687 2688 894 2722 lectoribus

162 2736 233 2769 hoc
266 2735 366 2770 idem
403 2735 542 2770 dictum
579 2735 719 2778 esset),
758 2736 894 2780 partim

948 987 1164 1031 quia-haud
1190 988 1302 1022 nimis
1339 988 1608 1031 conveniebat,
1641 989 1684 1022 ut

946 1034 998 1077 is,
1034 1035 1144 1069 cuius
1168 1038 1276 1080 pater
1302 1036 1383 1070 sine
1413 1038 1521 1080 patre
1546 1036 1682 1078 fuerat,

944 1090 1102 1123 proavos
1128 1093 1217 1117 suos
1237 1083 1440 1127 creparet.“
1468 1102 1511 1107 —
1538 1084 1686 1116 Plauti-

947 1137 1011 1162 nos
1038 1128 1123 1172 cet]
1151 1129 1226 1164 Cfr.
1252 1128 1346 1174 Epp.
1372 1132 1413 1173 2,
1441 1132 1478 1173 1,
1507 1131 1574 1164 170
1600 1140 1683 1174 sqq.

950 1195 992 1199 -
1017 1178 1049 1209 si
1078 1177 1208 1220 modo]
1242 1175 1365 1224 εἴπερ,
1397 1185 1503 1211 wenn
1535 1178 1682 1210 anders.

950 1243 993 1247 -
1028 1225 1167 1258 Scimus
1205 1224 1292 1267 cet]
1335 1225 1396 1267 „si
1433 1223 1544 1258 modo
1582 1223 1685 1258 dieta

950 1271 1126 1305 scurrilia
1173 1282 1216 1305 ac
1263 1270 1404 1317 frigida
1449 1271 1684 1316 distinguere

949 1328 1019 1352 nos
1055 1315 1193 1352 scimus
1228 1329 1250 1352 a
1274 1329 1362 1352 vere
1395 1318 1533 1363 lepidis
1558 1320 1596 1352 et
1619 1329 1684 1352 ur-

950 1365 1079 1409 banis3
1104 1377 1217 1410 quam
1234 1365 1387 1411 quidem
1406 1365 1601 1400 scient-iam
1618 1376 1686 1400 ne-

949 1424 1009 1447 mo
1051 1413 1220 1457 profecto
1262 1413 1373 1448 nobis
1414 1412 1682 1447 abiudicabit.“

951 1479 995 1484 —
1036 1461 1232 1504 seponere]
1277 1471 1528 1504 „secernere,
1576 1460 1685 1494 dino-

951 1507 1090 1542 scere.“
1143 1507 1219 1541 Cfr.
1247 1507 1322 1542 Sat.
1350 1510 1388 1551 1,
1414 1510 1447 1551 3,
1474 1509 1562 1542 113:
1586 1509 1685 1541 iusto

949 1564 1135 1588 secernere
1160 1556 1340 1597 iniquum.
1390 1555 1465 1589 Sat.
1493 1557 1531 1598 1,
1558 1557 1592 1597 6,
1617 1556 1682 1588 63:

951 1603 1050 1644 turpi
1085 1604 1239 1636 secernis
1273 1604 1472 1636 honestum.
1521 1602 1614 1647 Epp.
1651 1604 1683 1644 1,

954 1651 1016 1692 15,
1058 1652 1122 1684 29:
1170 1651 1284 1683 civem
1331 1651 1530 1683 dinosceret
1571 1650 1682 1683 hoste.

946 1697 1040 1741 Epp.
1079 1699 1120 1739 2,
1155 1698 1196 1740 2,
1230 1699 1299 1730 44:
1341 1706 1451 1731 curvo
1493 1698 1683 1730 dinoscere

945 1747 1094 1778 rectum.
1130 1763 1173 1768 —-
1207 1745 1492 1785 Leqitimumque
1527 1742 1680 1786 sonum]

946 1791 1129 1833 „Versum
1167 1790 1214 1824 ad
1246 1791 1338 1825 artis
1375 1791 1479 1836 leges
1513 1789 1682 1824 elabora-

945 1837 1058 1871 tum.“
1098 1836 1172 1871 cfr.
1198 1836 1292 1881 Epp.
1319 1839 1357 1879 2,
1383 1839 1422 1880 2,
1450 1839 1528 1871 109.
1555 1856 1599 1860 -
1626 1838 1680 1870 dt'-

944 1884 1050 1927 qitis]
1087 1884 1225 1929 quibus
1251 1895 1328 1918 non
1358 1887 1433 1919 tam
1459 1884 1681 1929 simpliciter

944 1934 1194 1966 numerantur
1210 1942 1390 1965 versuum
1414 1931 1542 1976 pedes,
1568 1942 1681 1975 quam

943 1979 1095 2023 pollicis
1127 1979 1206 2012 ictu
1241 1981 1421 2013 notantur
1454 1974 1606 2026 ἄρσεις,
1638 1980 1682 2012 ut

943 2027 985 2060 in
1012 2026 1263 2071 symphoniis,
1291 2027 1355 2060 ubi
1380 2028 1546 2069 tempora
1571 2027 1681 2059 etiam

945 2075 1067 2107 animo
1101 2074 1304 2107 metiuntur
1337 2076 1370 2107 et
1399 2075 1535 2115 pedum
1569 2076 1602 2107 el
1626 2074 1680 2107 di-

945 2123 1106 2163 qitorum
1160 2122 1234 2154 ictu
1282 2122 1484 2154 intervalla
1531 2121 1681 2162 signant

946 2170 1161 2210 quibusdam
1186 2169 1289 2201 notis.
1317 2167 1478 2207 Quintil.
1503 2170 1535 2211 9,
1561 2169 1595 2209 4,
1620 2168 1679 2201 51.

946 2216 1199 2250 Terentianus
1226 2217 1337 2249 2253:
1369 2223 1530 2257 moram,
1562 2215 1682 2256 Quam

943 2264 1088 2305 pollicis
1130 2271 1260 2296 sonore
1300 2263 1357 2296 vel
1398 2263 1537 2304 plausu
1574 2262 1679 2303 pedis

943 2311 1226 2351 Discriminare,
1270 2311 1334 2351 qui
1375 2311 1502 2343 docent
1548 2311 1680 2351 artem,

943 2359 1071 2391 solent.
1100 2377 1141 2380 —
1176 2356 1336 2390 Multum
1374 2358 1499 2391 autem
1536 2356 1677 2390 discre-

943 2407 1026 2449 pat,
1052 2415 1099 2438 ne
1127 2404 1247 2438 dicam
1274 2403 1421 2438 Sidonii
1445 2403 1677 2448 Apollinaris

943 2455 1073 2486 notum
1087 2451 1185 2485 illud
1199 2453 1256 2494 23,
1272 2453 1357 2485 148:
1377 2452 1518 2493 Graios,
1533 2451 1679 2493 Plaute,

942 2501 1038 2533 sales
1075 2500 1194 2541 lepore
1221 2499 1376 2541 transis,
1411 2497 1605 2532 Ciceronis
1630 2496 1677 2530 de

942 2546 1077 2581 Plauto
1113 2546 1297 2579 iudicium
1330 2545 1376 2579 de
1401 2544 1509 2579 offic.
1546 2547 1585 2586 1,
1619 2545 1677 2586 29,

945 2596 1030 2628 104:
1074 2594 1223 2635 Dupleoe
1260 2595 1310 2626 est
1347 2593 1492 2626 omnino
1529 2591 1678 2624 iocandi

943 2650 1073 2682 oenus.-
1109 2649 1223 2674 unum
1256 2640 1458 2681 illiberale,
1492 2639 1676 2681 petulans,

944 2690 1182 2730 flaqitiosum,
1245 2688 1434 2720 obscenum
1442 2696 1455 2726 ,·
1515 2686 1676 2719 alterum

945 2737 1109 2778 eleqans,
1136 2736 1329 2775 urbanum,
1355 2734 1592 2775 inaeniosum,
1619 2733 1676 2773 ra-
