1786 2912
604 163 696 197 Lm.
720 162 786 196 1v.
835 161 937 196 ΕΔΤ.
960 159 1065 194 vm.

1535 157 1592 199 95

199 263 323 311 Albis
352 265 578 309 informem
609 262 859 320 spectabant
888 261 1056 303 ossibus
1087 273 1260 316 agrum;

202 339 311 382 Cum
338 337 446 380 mihi
474 349 560 378 non
590 338 756 376 tantum
786 333 988 388 furesque
1018 331 1221 387 feraeque
1251 332 1400 372 suetae

200 409 328 452 Hunc
356 421 514 450 vexare
543 406 684 447 locum
714 418 842 446 curae
871 406 971 445 sunt
1001 406 1129 458 atque
1159 401 1316 453 labori,

204 469 420 528 Quantu'm
449 476 709 520 carminibus
742 489 850 531 quae
879 476 1052 516 versant
1082 475 1211 528 atque
1240 471 1417 514 venenis

202 550 424 593 Humanos
455 548 647 599 animos3
679 546 758 588 has
788 545 904 586 nullo
935 542 1114 600 perdere
1143 556 1318 599 possum

1538 542 1595 583 20

201 620 293 664 Nec
323 619 551 677 prohibere
580 617 729 669 modo,
761 615 887 658 simul
918 628 969 656 ac
997 628 1108 669 vaga
1135 614 1238 655 luna
1267 612 1489 655 decorum·

203 691 389 733 Protuli'·
421 703 488 742 os,
521 689 623 744 quin
655 701 754 730 ossa
781 686 927 741 legant
958 684 1199 740 herbasque
1229 688 1447 726 nocentes.

204 761 305 803 Vidi
335 764 505 816 egomet
533 759 656 814 nigra
685 757 944 800 succinctam
973 755 1131 798 vadere
1162 755 1277 810 palla

185 887 242 919 18.
263 886 335 918 sint
359 883 395 918 8.

88 987 129 1019 in
160 983 307 1027 aprico]
339 982 457 1018 Servii
492 981 608 1015 Tullii
643 980 746 1023 (Liv.
783 982 814 1021 1,

89 1034 148 1066 44.
184 1031 304 1065 strab.
337 1033 371 1064 5.
403 1041 440 1075 p.
478 1029 574 1071 234.)
609 1028 687 1062 sive
725 1027 817 1061 Tar-

89 1078 212 1125 quinii
238 1077 399 1123 Superbi
433 1076 555 1120 (Plin.
579 1075 626 1109 Η.
650 1073 693 1108 Ν.
719 1076 758 1116 3,
783 1076 817 1115 9,

91 1127 192 1168 6⁷.)‚
222 1137 245 1160 a
267 1128 378 1169 porta
400 1123 601 1168 Esquilina
625 1132 744 1166 usque
770 1120 817 1155 ad

90 1172 288 1215 Collinam,
312 1172 413 1206 unde
438 1172 660 1216 prospectus
685 1169 725 1202 in
750 1168 819 1202 Es·

91 1220 230 1265 quilias
254 1219 416 1264 patebat.
467 1217 675 1252 Ventosum
701 1215 819 1249 nomi-

90 1269 157 1302 nat
179 1267 309 1301 Iuven.
335 1267 369 1308 8,
394 1268 450 1299 43.
497 1264 631 1298 Cicero
655 1263 702 1297 de
726 1263 820 1306 Rep.

92 1315 127 1357 2,
152 1316 192 1347 6:
217 1316 259 1347 ut
280 1322 376 1346 unm
400 1314 538 1353 adum,
565 1312 628 1351 qui
652 1313 740 1344 esset
765 1311 821 1342 in-

93 1363 147 1394 ter
162 1361 393 1401 Esquilinum
407 1359 707 1402 Quirinalemque
722 1365 823 1389 mon-

95 1410 164 1440 tem
196 1407 358 1441 maximo
391 1413 524 1447 acuere
555 1406 691 1437 obiecto
722 1405 824 1445 fossa

95 1455 305 1495 civ-veretur
327 1454 544 1486 vmtissima.
571 1470 614 1474 —
641 1450 734 1493 quo]
759 1450 823 1492 „in

96 1511 184 1545 quo,
208 1499 256 1534 οὶ
279 1510 355 1544 quo
373 1499 546 1544 aggere“,
571 1508 646 1531 non
664 1498 826 1542 repetita

95 1557 223 1592 praep.
246 1548 288 1580 in
301 1549 388 1591 post
410 1557 466 1580 vv.
484 1547 525 1579 in
549 1546 687 1586 apn‘co.
712 1544 826 1578 Bent-

95 1594 162 1628 leii
179 1593 279 1627 coni.
297 1602 373 1634 qua
389 1594 457 1635 (in
478 1593 668 1626 welcher
690 1593 825 1624 Rich-

96 1641 223 1682 uma)
248 1641 374 1674 minus
398 1639 570 1684 apposita
594 1638 753 1672 videtur.
781 1657 823 1661 —-

95 1689 213 1721 ermes
227 1707 245 1714 -
259 1705 275 1712 ·
290 1686 521 1729 spectabant]
554 1684 627 1728 „Ut
651 1685 740 1718 olim
765 1685 824 1718 in-

95 1735 162 1768 viti
186 1745 254 1779 per
271 1745 443 1779 aggerem
460 1734 568 1767 illum
585 1732 823 1774 incedebant,

97 1793 191 1827 quos
215 1782 420 1815 necessitas
445 1781 573 1825 aliqua
596 1790 678 1813 eam
702 1780 743 1813 in
766 1790 825 1813 re-

96 1829 244 1875 gionem
269 1828 493 1869 deducebat,
519 1828 573 1862 sic
597 1830 738 1860 maesto
765 1837 824 1860 os-

97 1877 195 1910 sium
218 1878 373 1920 aspectu
398 1885 501 1908 nnnc
534 1877 678 1908 remoto
702 1874 824 1907 liben-

97 1926 156 1957 ter
170 1923 227 1957 ibi
238 1922 481 1957 deambulant
493 1921 664 1955 homines
677 1921 824 1955 otiosi.“

96 1970 194 2005 Nota
210 1970 396 2014 spondeos
409 1970 450 2003 in
462 1968 616 2013 lugubri
629 1969 700 2002 hoc
714 1978 826 2002 versu

98 2018 197 2050 Albis
233 2020 303 2051 cet.
337 2036 381 2041 -
416 2016 525 2059 Cum]
558 2015 760 2060 respondet
792 2026 826 2048 v.

99 2072 196 2097 nunc
225 2074 260 2096 v.
294 2066 350 2096 14.
383 2062 655 2105 „Etiamnunc“
688 2062 827 2107 inquit,

99 2113 318 2154 „postquam
335 2111 442 2144 triste
459 2109 556 2143 illud
573 2109 827 2153 sepulcretnm

100 2158 140 2190 in
165 2167 353 2199 amoenos,
378 2167 473 2200 quos
491 2156 672 2198 custodio,
698 2157 828 2190 hortos

99 2206 284 2245 mutatum
309 2206 384 2246 est,
416 2214 526 2248 sagae
552 2202 828 2236 consceleratae

100 2246 272 2285 molestia
308 2246 369 2284 me!
402 2249 608 2284 afficiunt.“
635 2268 678 2272 -
710 2251 828 2290 serae-

102 2298 192 2341 que]
225 2299 373 2341 volpes,
404 2300 514 2341 puta,
547 2300 584 2331 et
615 2297 829 2336 Esquilinae

100 2346 206 2378 alites
232 2344 373 2389 (Epod.
390 2346 424 2386 5,
451 2345 564 2386 100.),
587 2344 766 2377 voltures.
785 2362 828 2367 —

101 2391 241 2434 suetae]
266 2391 501 2436 trisyllabum
526 2394 568 2424 ut
592 2401 651 2434 ap.
678 2389 829 2424 Lucret.

104 2440 146 2480 2,
178 2441 259 2472 903.
292 2438 398 2472 Conf.
448 2437 516 2471 od.
552 2441 590 2479 l,
629 2440 692 2478 23,
726 2440 760 2470 4.
792 2440 831 2471 et

102 2485 221 2529 Epod.
248 2486 311 2525 13,
336 2488 377 2519 2:
410 2486 536 2518 siluae.
585 2484 680 2529 Epp.
716 2487 748 2526 l,
775 2486 830 2526 16,

105 2534 170 2566 51:
193 2533 339 2565 miliia-s.
359 2531 506 2578 .Epod.
532 2534 588 2573 16,
614 2534 678 2565 32;
704 2532 829 2565 miluo.

106 2598 148 2603 —
175 2578 422 2621 carminibus]
447 2578 618 2623 ἐπῳδαῖς.
659 2578 830 2623 Propert-

33 2633 35 2635 ’
105 2628 140 2667 4,
163 2629 203 2667 4,
228 2628 294 2659 51:
318 2627 726 2667 manicae-cantamina
749 2627 832 2660 Mu-

31 2671 37 2686 *
105 2681 180 2706 sae.
206 2691 248 2695 ——
274 2672 436 2715 versant]
463 2673 562 2714 „huc
586 2672 678 2706 illuc
702 2672 833 2717 impel-

106 2719 191 2752 lunt
221 2718 352 2763 sicque
386 2721 556 2753 vexant.“
584 2739 627 2743 -—
657 2720 832 2762 perdere]

863 979 1068 1025 hyperbole
1093 989 1162 1023 pro
1181 979 1294 1020 „hinc
1311 977 1598 1011 exterminare.“

912 1029 969 1061 21.
995 1028 1053 1060 22.
1077 1035 1176 1067 vana
1203 1025 1307 1068 luna]
1332 1024 1437 1069 Virg.
1455 1026 1549 1057 Aen.
1568 1027 1600 1065 1,

865 1075 955 1108 742:
981 1076 1166 1107 errantem
1188 1074 1324 1106 lunam.
1351 1071 1459 1117 Sagis
1475 1074 1600 1105 antem

866 1122 959 1155 luna
983 1121 1198 1156 necessaria
1215 1122 1296 1154 erat
1321 1118 1368 1153 ad
1393 1121 1494 1152 artes
1512 1129 1600 1152 suas

867 1168 1106 1202 exercendas.
1148 1166 1306 1201 Theocr.
1331 1168 1365 1208 2,
1392 1168 1459 1200 10:
1490 1162 1602 1206 ἀλλά,

868 1213 1026 1253 Σελάνα,
1054 1216 1166 1248 Φαῖνε
1191 1210 1322 1247 καλόν·
1349 1214 1407 1246 τὶν
1432 1211 1505 1260 γὰρ
1530 1223 1601 1246 πο-

869 1264 1073 1305 ταείσομαι
1095 1256 1249 1302 ἅσνχα,
1272 1260 1423 1303 δαῖμον.
1448 1279 1497 1284 —
1519 1269 1603 1293 ossa

873 1310 1014 1352 levant]
1048 1309 1297 1351 „Etiamnunc
1321 1308 1384 1341 hic
1410 1310 1603 1351 quaerunt

871 1368 957 1391 ossa
982 1357 1022 1389 in
1048 1357 1161 1389 humo
1179 1355 1326 1397 relicta,
1351 1354 1491 1398 quibus
1508 1365 1603 1399 opus

871 1404 1028 1445 habent3
1062 1413 1133 1436 nec
1167 1403 1267 1436 enim
1299 1401 1412 1435 facile
1444 1401 1532 1435 aliis
1557 1412 1604 1436 ex

873 1450 1059 1495 sepulcris
1085 1455 1199 1494 atque
1217 1449 1460 1483 columbariis
1477 1452 1603 1482 custo-

873 1498 962 1531 ditis
973 1497 1095 1531 fiii-ari
1109 1508 1153 1530 ea
1162 1507 1272 1541 sagae
1286 1496 1482 1540 possunt.“
1496 1495 1603 1529 Ovid.

872 1544 962 1578 Her.
997 1547 1039 1586 6,
1072 1546 1141 1578 90:
1180 1545 1358 1584 certaque
1394 1545 1439 1576 de
1474 1544 1605 1584 tepidis

873 1593 1009 1633 collim'l
1034 1600 1116 1624 ossa
1139 1592 1239 1632 roois
1265 1589 1443 1632 (Medea).

921 1640 1042 1672 23-29.
1079 1639 1158 1671 Vidi
1183 1640 1318 1679 egomet
1344 1637 1429 1679 cet.]
1463 1636 1603 1678 „Quasi

861 1686 988 1720 dicat:
1030 1685 1077 1719 Et
1100 1689 1143 1718 ut
1176 1685 1311 1718 melius
1342 1684 1434 1718 mihi
1461 1684 1604 1726 credas,

872 1743 959 1767 ecce
992 1733 1216 1766 nominatim
1248 1731 1318 1767 tibi
1350 1731 1445 1765 duas
1471 1731 1603 1773 recito,

873 1791 968 1824 quas
994 1782 1141 1824 egomet
1165 1779 1254 1812 vidi.
1284 1778 1435 1813 Habent
1458 1779 1499 1811 hi
1524 1789 1607 1812 ver-

873 1838 939 1861 sus
964 1827 1110 1871 aliquid
1135 1826 1301 1871 tragicae
1326 1826 1606 1870 descriptionis,

873 1877 917 1908 ut
940 1874 998 1907 illi
1015 1873 1168 1919 Virgilii
1195 1874 1304 1916 (Aen.
1323 1875 1357 1915 3,
1382 1873 1499 1914 623.):
1527 1874 1608 1906 Vidi

875 1924 1031 1963 evomet,
1065 1923 1137 1954 duo
1169 1922 1213 1954 de
1245 1929 1396 1953 numero
1421 1929 1502 1953 cum
1528 1929 1607 1953 cor-

871 1978 967 2010 pora
1008 1971 1131 2001 nostro
1173 1968 1266 2002 cet.“
1331 1967 1459 2001 Con.
1486 1967 1606 2005 Cium.

874 2015 931 2049 Ex
955 2015 1129 2049 omnibus
1154 2018 1280 2049 antem
1298 2016 1608 2061 νεκρομαντεὶαις

876 2073 1023 2107 semper
1056 2062 1215 2095 maxime
1247 2062 1339 2095 mihi
1364 2061 1508 2105 placuit
1532 2061 1609 2095 Ho-

875 2120 1001 2143 merus
1036 2108 1159 2142 Ulixis
1201 2109 1362 2142 animam
1404 2108 1450 2142 de
1492 2107 1608 2142 rebus

876 2156 1025 2190 Troicis
1051 2156 1271 2189 consultans
1305 2155 1406 2199 apud
1431 2155 1608 2189 Philostr.

875 2203 965 2236 Her.
997 2215 1036 2247 p.
1064 2205 1142 2236 196.
1166 2202 1288 2236 Boiss.
1321 2205 1359 2236 et
1391 2202 1431 2235 111
1465 2213 1610 2247 gemma

878 2249 978 2294 apud
1018 2249 1224 2294 Inghirami
1263 2250 1360 2283 Gall.
1400 2250 1477 2283 Om.
1516 2249 1608 2283 Tab.

877 2296 972 2339 VJI„
998 2297 1066 2330 ubi
1091 2297 1265 2330 manibus
1291 2299 1395 2330 tenet
1411 2297 1536 2330 velum
1552 2298 1610 2330 in-

878 2346 936 2377 ter
974 2354 1078 2377 suam
1116 2346 1153 2377 et
1184 2343 1339 2378 umbrae
1375 2344 1529 2385 faciem,
1568 2347 1610 2378 ut

878 2392 976 2425 hanc
1001 2390 1130 2425 audiat
1153 2391 1356 2433 dumtaxat,
1381 2402 1457 2424 non
1484 2391 1608 2424 oculis

879 2440 1020 2472 cernat.
1047 2457 1093 2461 —
1116 2437 1248 2481 m’qra]
1274 2441 1317 2471 ut
1341 2438 1486 2477 omnia,
1513 2448 1609 2481 quae

879 2484 926 2518 ad
963 2495 1025 2518 res
1061 2485 1198 2519 ferales
1234 2485 1447 2529 pertinent,
1488 2485 1609 2524 furva,

879 2534 962 2565 atra
985 2535 1085 2565 sunt.
1122 2532 1221 2565 Hinc
1247 2533 1356 2565 etiam
1384 2541 1480 2573 aqna
1504 2532 1611 2572 pulla

879 2579 1110 2613 dilaceratur
1144 2580 1201 2622 (v.
1235 2580 1310 2620 5⁷).
1360 2578 1435 2612 cfr.
1469 2578 1609 2610 Tibuu.

883 2629 915 2668 1,
940 2628 974 2667 2,
999 2628 1056 2659 64.
1082 2645 1126 2649 —-
1148 2625 1275 2668 palla]
1302 2625 1481 2659 Consulto
1504 2625 1611 2665 palla

881 2672 1044 2718 largiore
1077 2683 1187 2717 quam
1220 2673 1351 2706 tunica
1383 2672 1519 2705 vestita
1542 2673 1611 2713 est,

882 2720 922 2752 in
947 2719 1057 2753 cuius
1082 2721 1168 2753 sinu
1194 2719 1330 2753 herbas
1356 2729 1516 2762 ossaque
1533 2729 1611 2752 ser-
