1774 2930
215 170 300 212 308

691 171 899 207 HORATII
922 172 1268 209 EPISTULARUM

330 270 462 315 Forte
491 273 623 326 latus,
655 274 801 329 nigros
834 278 1018 329 angusta
1046 274 1186 317 fronte
1218 277 1415 332 capillos,

330 342 504 386 Reddes
534 343 657 386 dulce
687 344 824 400 loqui,
854 343 1008 386 reddes
1038 345 1179 388 ridere
1212 346 1411 390 decorum
1443 340 1493 391 et*

329 414 447 456 Inter
476 415 579 457 vina
606 414 754 471 fugam
785 414 968 458 Cinarae
998 430 1191 459 maerere
1219 422 1458 474 protervae.

330 484 460 528 Forte
491 500 570 542 per
601 490 826 542 angustam
857 487 1000 529 tenuis
1030 487 1256 543 volpecula
1284 489 1435 531 rimam

307 586 364 619 29.
388 586 580 628 volpecula
604 585 761 631 bSchp
787 596 871 620 cum
898 586 1031 621 ceteris
1056 586 1182 622 Libris
1215 588 1335 630 notis,
1370 589 1543 624 omnibus
1570 590 1679 626 etiam

259 632 444 675 Pottierii,
470 633 559 668 item
584 633 716 668 LCtO:
742 635 907 668 nitedula
932 633 1129 668 Bentleius
1156 638 1193 669 et
1215 635 1294 669 ΕΜ.

211 716 325 758 niam,
351 716 539 760 quomodo
558 727 646 750 vera
669 716 855 750 beneficia
880 717 947 750 im-

210 763 410 806 pertienda
434 763 522 806 sint,
547 764 708 808 pulchre
740 765 850 807 nosti,
875 765 946 798 hoc

211 821 366 855 quoque
393 811 534 856 cogita,
561 822 719 855 quaeso,
745 812 834 845 mihi
861 823 947 856 pro-

210 861 294 901 pter
311 860 485 900 aetatem,
503 868 616 903 quam
633 858 751 904 attigi,
777 870 853 893 non
871 860 945 893 iam

211 915 431 940 concessum
458 917 557 948 esse,
583 908 626 940 ut
649 917 797 950 semper
821 909 944 940 tecum

211 952 349 988 Romae
375 953 526 998 degam;
552 964 622 987 nec
639 965 728 988 vero
753 954 848 988 illud
875 955 944 988 tibi

210 1001 445 1044 propositum
478 1011 644 1046 unquam
677 1012 759 1035 esse
792 1002 944 1045 poterit,

210 1051 254 1081 ut
285 1048 375 1081 mihi
416 1048 541 1082 officia
573 1048 764 1093 imponas,
805 1049 943 1093 quibus

210 1106 337 1139 parem
362 1106 421 1129 me
452 1106 527 1130 non
562 1095 636 1129 iam
669 1106 750 1130 esse
785 1098 866 1130 tute
890 1097 943 1129 vi-

210 1142 288 1176 des.
336 1143 492 1188 Alioqui
525 1142 680 1185 reddes,
713 1143 745 1176 si
778 1143 942 1187 poteris“

211 1193 279 1224 cet.
306 1209 349 1214 —
374 1190 551 1233 usquam]
591 1191 653 1232 „in
680 1201 943 1235 quemcunque

210 1237 336 1271 locum
362 1241 468 1271 extra
491 1237 666 1272 Urbem.“
686 1257 730 1261 -—
750 1236 864 1271 'Forte
891 1239 945 1272 la-

209 1284 281 1327 tus]
309 1286 429 1327 „latus
443 1287 588 1327 patiens
617 1286 751 1318 laboris
769 1284 945 1328 (Quintil.

209 1332 381 1366 Prooem.
400 1332 508 1375 27.)“,
534 1332 636 1377 quod
662 1332 871 1377 requiritur
897 1333 945 1367 ad

209 1379 324 1414 Urbis
348 1381 491 1424 plateas
513 1379 802 1424 percurrendas,
829 1380 944 1414 colles

210 1428 291 1460 eius
321 1427 581 1461 ascendendos
607 1431 677 1462 cet.
721 1427 759 1470 (s
773 1431 786 1460 ι
799 1436 822 1460 α
835 1437 856 1460 ἰ’
871 1429 893 1460 1:
907 1438 942 1468 e,

209 1476 435 1515 aesunde
469 1476 668 1518 Brust.)
694 1494 737 1498 —-
771 1475 943 1518 anomala]

209 1521 329 1555 Frons
354 1523 471 1555 tenuis
497 1521 581 1564 (Od.
602 1524 633 1564 1,
659 1524 716 1564 33,
739 1523 802 1564 5.),
828 1524 944 1556 brevis

209 1568 387 1611 (Martial.
414 1572 453 1611 4,
487 1571 552 1611 42,
587 1570 656 1612 9.,)
689 1580 757 1614 pro
782 1570 861 1614 pul·
853 1571 944 1604 chra

208 1617 429 1650 habebatur.
471 1595 656 1661 Optimus
672 1617 861 1672 interpres
887 1621 944 1651 est

208 1664 366 1698 Lucian.
403 1665 528 1698 Amor.
562 1666 627 1698 40:
664 1666 729 1697 αἱ
724 1667 844 1719 μέχρι
868 1665 943 1698 τῶν

208 1708 367 1758 ὀφρύων
377 1710 676 1755 ἐφειλκυσιιέναι
687 1710 809 1755 κόμαι
817 1710 943 1758 βραχὺ

210 1759 260 1805 τῷ
284 1769 446 1802 ueneno)
464 1757 508 1792 τὸ
533 1761 763 1802 Πέϊαιχίιῖθν
787 1757 941 1799 ἀφιᾶσι.

209 1806 316 1840 Tunc
340 1810 478 1847 autem,
502 1815 708 1848 praecanus
732 1817 816 1839 cum
843 1809 943 1840 esset

209 1853 318 1897 (Epp.
334 1856 364 1893 1,
383 1855 440 1894 20,
459 1854 530 1895 24.)
557 1864 627 1887 nec
652 1853 726 1887 iam
751 1857 825 1887 tam
851 1853 941 1887 den·

209 1912 310 1942 sum,
336 1903 379 1934 ut
404 1900 511 1941 olim,
547 1900 852 1944 capillamentum
877 1901 942 1934 ha—

207 1948 323 1990 beret,
340 1948 446 1981 frons
464 1947 620 1981 dilatata
637 1950 728 1981 erat.
758 1950 942 1989 Augustae

205 1994 323 2029 fronti
339 1995 544 2040 opponitur
562 1996 652 2030 lala.
681 1994 780 2028 Plin.
797 1995 891 2039 Epp.
909 1998 943 2036 3,

207 2046 241 2086 6,
269 2046 309 2077 2:
334 2044 417 2076 rari
444 2045 476 2076 et
503 2044 663 2076 cedentes
690 2044 834 2084 capilli,
864 2044 941 2076 lala

205 2091 319 2131 frons.
340 2110 382 2114 —
401 2091 505 2123 dulce
533 2090 653 2132 loqui]
680 2100 765 2123 cum
790 2090 940 2134 puellis,

207 2149 367 2182 quarum
386 2148 433 2172 ex
450 2148 607 2171 numero
627 2139 723 2170 bona
746 2137 814 2170 illa.
830 2137 941 2171 Cina-

206 2196 247 2218 ra
274 2184 358 2227 (od.
377 2188 410 2227 4,
438 2186 470 2226 1,
497 2187 517 2218 3
535 2184 608 2229 sq.)
633 2185 709 2219 ioci
736 2194 849 2219 causa
873 2185 941 2218 ali—

207 2232 358 2276 quando
377 2232 476 2266 inter
489 2232 693 2276 potandum
713 2232 838 2266 subita
850 2232 941 2277 fuga

206 2281 314 2323 capta
340 2290 425 2313 eum
443 2280 673 2314 deseruerat.
694 2298 737 2303 —-
756 2279 826 2312 Vv.
844 2281 940 2313 inter

206 2328 291 2359 vina
310 2327 375 2361 ubi
394 2328 529 2372 iungas
547 2329 584 2360 et
606 2337 689 2360 cum
707 2337 740 2360 V.
757 2328 886 2368 sunam
903 2330 941 2361 et

206 2386 237 2406 v.
256 2383 432 2416 maerere,
459 2377 537 2408 tota
554 2384 668 2408 scena
685 2374 726 2407 fit
742 2374 859 2419 magis
878 2384 939 2408 co—

205 2421 312 2455 mica.
364 2421 457 2454 Cum
498 2422 651 2455 minime
690 2421 938 2465 exspectabat,

206 2469 348 2502 lasciva
372 2468 500 2512 puella
525 2479 612 2502 eum
646 2471 800 2513 repente
827 2468 941 2502 desti-

205 2516 288 2558 tuit,
306 2526 472 2549 amensa
489 2515 702 2560 aufugiens,
721 2515 821 2549 unde
840 2526 939 2550 ama-

206 2563 299 2597 toris
313 2573 472 2597 maeror.
491 2582 531 2586 —
545 2563 754 2606 protervae]
766 2562 937 2607 Respon-

205 2611 267 2644 det
292 2610 354 2644 Gr.
380 2606 560 2656 λαιιυρός.
601 2610 845 2666 Asclepiades
861 2610 939 2644 An-

205 2658 295 2712 thol.
329 2657 445 2691 Palat.
470 2657 500 2690 Ι.
533 2668 568 2701 p.
598 2659 683 2690 128:
728 2658 764 2689 H
786 2655 938 2704 λαμυρή

208 2705 242 2735 α’
269 2701 410 2751 ἔτρωσε
437 2703 640 2737 Φιλαίνιον.
692 2704 767 2738 cfr.
803 2704 870 2738 od.
906 2708 937 2747 1,

207 2755 261 2788 19,
289 2754 330 2785 7:
356 2755 466 2793 arata
490 2753 720 2793 protervitas.

1044 719 1163 751 29-33.
1203 718 1302 759 „Iam
1327 729 1415 753 vero
1442 719 1620 764 quoniam
1646 719 1727 754 fieri

996 766 1140 809 nequit,
1166 768 1209 799 ut
1228 765 1412 810 pristinae
1429 767 1529 801 vires
1552 767 1646 801 mihi
1671 779 1730 801 re—

995 811 1125 854 deant,
1159 812 1320 847 liberum
1347 816 1447 848 certe
1472 825 1531 848 me
1557 825 1639 849 esse
1665 825 1730 848 cu-

993 859 1092 903 pio.“
1143 859 1253 900 Quod
1287 861 1473 895 libertatis
1499 861 1729 896 desiderium

994 906 1191 941 notissima
1230 908 1369 942 fabella
1405 909 1568 953 Aesopia
1607 909 1730 944 facete

994 954 1184 998 exprimit,
1209 955 1322 990 etiam
1347 956 1394 990 ad
1413 956 1726 1011 subsequentium

993 1001 1192 1036 verborum
1219 1003 1275 1045 (ι’.
1303 1003 1382 1045 34.)
1409 1001 1627 1051 παρῥησίαν
1660 1004 1731 1038 ali-

994 1051 1175 1092 quantum
1224 1050 1478 1095 mitigandam.
1523 1070 1566 1076 --
1606 1051 1730 1094 Forte}

994 1096 1132 1130 Confer
1167 1096 1243 1130 Sat.
1272 1101 1302 1138 1,
1329 1101 1361 1139 9,
1390 1100 1421 1131 1.
1447 1118 1492 1122 -—
1517 1099 1726 1142 volpecula]

994 1142 1056 1176 Sic
1081 1144 1222 1177 habent
1247 1155 1376 1179 omnes
1395 1144 1510 1178 Codd.
1528 1145 1727 1190 firmatque

992 1191 1229 1235 Augustinus
1256 1195 1388 1226 contra
1411 1191 1547 1226 Mende.
1611 1193 1651 1226 C.
1670 1195 1726 1226 28.

992 1237 1127 1272 Isidor.
1145 1238 1274 1284 Origg.
1295 1242 1326 1281 1,
1343 1241 1401 1282 39,
1419 1242 1452 1272 6.
1479 1239 1567 1285 Cyn
1584 1239 1611 1273 li
1627 1240 1728 1284 Apo-

994 1285 1066 1329 log.
1093 1287 1133 1327 2,
1161 1288 1216 1319 11.
1265 1285 1467 1331 Ingeniosa
1497 1297 1587 1325 sane
1613 1286 1728 1320 Bent-

997 1332 1093 1366 leius
1133 1333 1297 1367 coniecit
1333 1334 1500 1367 nitedula
1540 1333 1729 1375 (naset-

993 1381 1166 1423 maus)‚
1191 1380 1363 1421 maxime,
1388 1381 1478 1426 quia
1493 1380 1624 1425 volpes
1648 1381 1728 1414 fru-

992 1429 1118 1460 mento
1133 1438 1210 1461 non
1218 1428 1400 1462 vescitur:
1422 1428 1602 1472 quocirca
1615 1428 1727 1462 etiam

993 1484 1014 1507 a
1050 1475 1188 1509 Babrio
1230 1475 1319 1509 Fab.
1357 1477 1413 1510 86.
1453 1478 1491 1509 et
1530 1475 1572 1509 in
1609 1475 1724 1509 Fabb.

991 1522 1128 1567 Aesop.
1157 1524 1235 1556 158.
1286 1522 1371 1557 Cor.
1405 1522 1544 1557 fabella
1577 1522 1726 1557 diverso

992 1569 1101 1603 modo
1126 1572 1313 1613 narratur,
1338 1571 1427 1604 item
1444 1569 1516 1604 Dio
1534 1569 1725 1615 chrysost.

992 1618 1048 1650 47.
1074 1628 1109 1661 p.
1138 1619 1217 1672 233.
1242 1617 1287 1651 R.
1319 1618 1374 1652 ita
1405 1628 1485 1651 eam
1519 1616 1726 1662 significat:

992 1662 1038 1696 οὐ
1046 1662 1136 1717 γὰρ
1161 1660 1289 1719 ὥσπερ
1315 1662 1340 1708 ἦ
1365 1661 1524 1719 ἀλώπηξ
1547 1656 1729 1705 καταφαὲ

991 1711 1116 1754 γοῦσα
1142 1722 1186 1744 τα
1208 1714 1306 1766 κρέα
1335 1709 1407 1745 οὐκ
1439 1708 1597 1744 ἐδύνατο
1621 1710 1726 1753 ἐξελ-

993 1758 1075 1791 θεῖν
1100 1758 1142 1791 ἑκ
1178 1758 1246 1801 τῆς
1276 1755 1391 1817 δρυὸς
1421 1755 1484 1791 διὰ
1509 1755 1554 1791 τὸ
1572 1758 1725 1814 ἐμπλη-

991 1805 1153 1848 σθῆναι,
1186 1804 1307 1848 κάμοὶ
1331 1803 1499 1848 ἐξελθεῖν
1523 1802 1585 1838 διὰ
1610 1805 1725 1839 τοῦτο

990 1849 1170 1892 χαλεπόν.
1220 1853 1434 1887 Bentleium
1451 1856 1576 1887 autem
1602 1853 1723 1887 secuti

992 1902 1082 1933 sunt
1106 1900 1338 1934 recentiores
1364 1910 1494 1934 omnes
1512 1900 1724 1942 (vehemen-

990 1950 1047 1980 ter
1073 1947 1307 1991 adprobante
1323 1946 1565 1981 Laohmanno
1583 1947 1629 1981 ad
1646 1947 1723 1981 Lu-

991 1997 1082 2028 cret.
1107 2006 1143 2038 p.
1170 1995 1265 2037 204.)
1297 1997 1450 2039 praeter
1480 1994 1723 2039 Sohmidium,

991 2041 1209 2085 Obbarium,
1226 2041 1558 2086 Dfintzerum,.qui
1574 2042 1723 2086 sapien-

990 2091 1048 2122 ter
1085 2100 1214 2123 aurem
1254 2089 1512 2134 praebuerunt
1539 2088 1722 2123 *Iacobsio

989 2135 1123 2179 (Lectt.
1142 2136 1286 2171 Venus.
1309 2147 1347 2181 p.
1368 2137 1442 2179 99.)
1467 2136 1631 2177 docenti,
1655 2146 1723 2170 an-

989 2184 1224 2229 tiquissimos
1241 2184 1487 2229 apologorum
1505 2183 1722 2218 inventores

987 2231 1266 2276 probabilitatis
1299 2234 1477 2266 externae
1504 2231 1564 2264 vel
1598 2230 1722 2264 dicam

988 2279 1166 2323 physicae
1191 2278 1303 2323 longe
1328 2279 1512 2313 minorem
1536 2277 1721 2312 rationem

989 2326 1166 2360 habuisse
1204 2335 1317 2370 quam
1354 2325 1570 2367 doctrinae,
1609 2335 1720 2370 quam

987 2384 1056 2418 per
1077 2373 1291 2407 huiusmodi
1317 2372 1514 2407 involucra
1529 2372 1722 2416 populari·

989 2421 1059 2454 bus
1092 2420 1172 2454 suis
1210 2420 1359 2454 tradere
1397 2420 1555 2454 vellent:
1593 2419 1647 2453 sic
1679 2419 1718 2452 in

989 2478 1117 2502 eorum
1134 2467 1284 2501 fabellis
1308 2468 1468 2510 leonem,
1492 2467 1635 2508 bovem,
1661 2475 1721 2499 ea-

986 2526 1093 2559 pram
1118 2525 1194 2548 una
1210 2518 1387 2548 venatum
1411 2515 1478 2558 ire,
1504 2523 1592 2548 oves
1613 2513 1719 2558 glan-

987 2561 1099 2596 dibus
1126 2563 1164 2596 et
1186 2561 1561 2606 pastorumpannis,
1588 2559 1720 2594 leones

986 2609 1110 2643 ferina
1134 2619 1220 2643 assa
1244 2609 1366 2651 vesci,
1401 2610 1568 2642 montem
1591 2610 1720 2651 partu·

986 2657 1074 2699 rire,
1100 2656 1188 2690 inde
1203 2656 1308 2690 nasci
1326 2664 1483 2698 murem,
1508 2664 1552 2688 ac
1569 2654 1725 2688 similia.¹

986 2703 1055 2738 His
1096 2703 1211 2746 adde,
1253 2702 1354 2747 quod
1395 2702 1588 2736 verissime
1625 2701 1719 2735 dicit

985 2751 1237 2785 Philostratus
1263 2750 1401 2795 Imagg.
1431 2752 1470 2791 1,
1496 2751 1537 2782 3:
1575 2747 1718 2781 Φοιτῶ-
