1774 2930
0 1603 19 1674 ᾗ*
90 1631 211 1663 tatere
237 1627 416 1672 Gruquii·
408 1653 417 1661 .

673 197 768 233 Ans
790 194 1014 232 Poli‘rmA.

1512 194 1595 235 481

205 301 382 344 vicinas
411 300 539 343 urbes
571 299 650 342 alit
678 302 723 342 et
751 311 882 354 grave
912 297 1043 340 sentit
1070 298 1254 349 aratum,

206 371 296 416 Seu
324 385 494 414 cursum
524 370 706 413 mutavit
733 369 926 425 iniquum
956 367 1152 423 frugibus
1183 366 1320 409 amnis

204 442 369 486 Doctus
400 443 483 485 iter
511 441 686 494 melius,
716 439 914 482 mortalia
943 438 1055 481 facta
1083 437 1305 494 peribunt,

204 513 374 557 Nedum
405 525 648 556 sermonum
678 514 763 553 stet
791 509 927 552 honos
959 513 1003 552 et
1033 509 1172 565 gratia
1199 508 1343 550 vivax.

204 583 343 627 Multa
369 585 665 636 renascentur,
697 595 808 638 quae
837 580 924 623 iam
955 579 1166 634 cecidere,
1197 578 1434 634 cadentque

1546 578 1600 619 70

132 745 240 785 prius
276 745 439 784 aptaque
470 740 667 775 Bentleius
704 739 826 781 coni.‚
860 740 1067 780 sterilisque
1096 739 1209 780 palus
1246 740 1447 780 aptataque
1477 736 1555 770 Alii

136 790 236 835 apud
259 789 492 831 Marcilium,
523 789 730 830 sterilisque
750 764 863 829 pal'us
896 788 1033 820 dudum
1057 789 1218 828 aptaque
1243 784 1554 830 Cuninghamius‚

135 838 343 878 sterilisque
372 837 483 879 palus
513 836 737 879 pulsataque
761 832 971 868 Markland.
998 852 1041 857 —
1067 835 1125 868 67.
1150 832 1290 876 amm's]
1314 833 1438 866 Arnus
1464 831 1554 866 Cod.

136 884 324 919 Dorvillii.
358 902 402 907 —
441 885 497 917 68.
534 882 658 926 sacta]
694 884 822 915 eunom
858 880 1055 916 Bentleius
1091 880 1190 916 coni.
1223 879 1369 914 firmata
1403 889 1427 914 a
1463 872 1554 913 Cod.

138 930 316 966 Galeano.

89 1066 151 1101 vel
182 1076 272 1112 rege
294 1063 588 1110 potentissimo,“
624 1067 668 1098 ut
691 1061 760 1097 od.
786 1065 821 1106 2,

91 1115 155 1156 15,
188 1115 230 1147 1:
265 1113 390 1155 reniae
420 1112 544 1146 moles.
572 1130 616 1136 —
641 1112 820 1144 sterilisve

57 1179 69 1189 ·
88 1160 154 1195 &a
180 1159 313 1203 palus]
345 1157 443 1194 Sane
476 1158 718 1194 statuendum
752 1160 820 1200 est,

87 1206 245 1242 licentia
266 1206 428 1252 poetica,
451 1209 580 1240 notata
603 1206 679 1240 iam
695 1217 718 1240 a
735 1204 820 1239 Ser-

89 1254 150 1287 vio
175 1254 222 1288 ad
245 1252 340 1287 Aen.
365 1254 407 1295 2,
437 1255 493 1287 69.
520 1256 557 1287 et
581 1256 623 1295 6,
650 1255 730 1287 107.
756 1263 821 1286 ne-

90 1310 166 1345 que
206 1299 286 1334 ulla
325 1300 544 1334 coniectura
584 1299 820 1344 corrigenda,

91 1357 203 1381 usum
250 1355 332 1380 esse
370 1345 567 1380 Horatium
606 1347 647 1380 in
689 1346 821 1380 ultima

91 1394 175 1440 syll.
201 1403 235 1427 v.
249 1394 361 1435 palas
386 1393 634 1437 corripienda.
654 1412 696 1416 ——
715 1396 822 1434 apta-

90 1449 160 1482 que
180 1439 305 1483 remis]
331 1440 612 1485 ‚navigabilis—‘f
633 1459 675 1464 —
695 1439 821 1483 qrave]

92 1487 157 1531 „in
191 1488 371 1534 pinguem
402 1487 557 1521 humum
590 1487 666 1522 alte
698 1487 823 1531 depri-

88 1533 282 1568 mendum.
286 1534 305 1552 ⁴⁶
332 1553 375 1558 —
404 1533 578 1569 Ceterum
605 1544 734 1568 omnes
759 1544 821 1567 ex-

89 1581 236 1627 plicant
267 1591 353 1615 cum
382 1580 531 1616 Acrone
566 1584 602 1615 et
627 1581 823 1615 Commen-

452 1628 691 1673 „Pomptinas
715 1629 822 1672 palu-

90 1675 157 1710 des
189 1674 388 1720 Augustus
422 1675 623 1709 exsiccavit
656 1678 694 1709 et
717 1675 822 1709 habi-

89 1721 224 1756 tabiles
249 1721 414 1756 reddidit
442 1722 582 1756 iniecto
607 1732 743 1767 aggere
768 1722 822 1756 la-

115 1769 220 1803 idum
260 1771 299 1803 et
337 1770 503 1812 terrae;“
553 1768 733 1803 addentes
775 1779 820 1802 ex

118 1818 245 1850 ueton.
294 1815 400 1850 Caes.
438 1818 503 1849 44:
543 1818 680 1850 siccare
717 1818 822 1849 Pom-

86 1864 211 1904 prinas
238 1864 397 1905 paludes
433 1862 667 1905 (destinabat
698 1863 820 1900 Iulius

6 1919 28 1930 —
91 1908 257 1952 Caesar).
282 1909 373 1944 Tale
398 1912 521 1944 tamen
538 1910 698 1956 Augusti
723 1921 818 1955 οΡ118

91 1966 115 1989 a
130 1956 238 1989 nullo
252 1958 449 1999 praeterea
463 1960 709 2000 memoratum
732 1967 819 1991 nam

93 2001 195 2045 quod
220 2000 366 2036 Schelle
398 2002 648 2037 confidentius
673 2007 819 2037 narrat:

93 2047 227 2090 „Quod
245 2047 383 2082 Caesar
398 2049 599 2083 meditatus
621 2053 712 2092 erat,
736 2061 822 2094 per-

79 2094 183 2129 'fecit
203 2094 407 2140 Augustus,
432 2096 498 2139 qui
523 2096 820 2139 aquaeductibus

91 2140 174 2175 XV.
212 2141 261 2175 M,
296 2141 339 2175 P.
378 2141 562 2176 institutis
602 2142 820 2187 Pomptinas

91 2188 249 2233 paludes
275 2188 470 2231 siccavit;“
503 2189 739 2234 desumptum
764 2192 822 2223 est

92 2246 139 2269 ex
163 2235 238 2270 Sat.
266 2238 304 2279 1,
330 2238 371 2278 5,
398 2238 439 2269 11
466 2246 589 2280 seqq„
621 2236 686 2270 ubi
710 2239 823 2281 poeta

91 2282 262 2327 loquitur
307 2282 353 2317 de
400 2282 502 2317 fossa
546 2282 751 2328 navigabili
799 2295 822 2318 a

90 2328 187 2364 Foro
212 2329 326 2374 Appii
360 2340 482 2374 usque
514 2330 561 2363 ad
584 2330 729 2364 Fanum
754 2330 822 2364 Fe·

92 2376 242 2419 reniae,
284 2387 379 2421 quae
414 2388 446 2410 a.
484 2388 520 2410 u.
558 2388 589 2410 c.
627 2379 706 2411 717.
748 2377 821 2412 iam

93 2422 206 2457 ducta
230 2426 321 2465 erat,
347 2434 391 2458 eo
409 2423 525 2468 igitur
542 2426 721 2468 tempore,
746 2435 820 2468 quo

92 2469 163 2503 hoc
203 2470 362 2514 paludes
409 2471 574 2504 siccandi
622 2471 821 2505 consilium

89 2515 284 2562 Augustus
310 2517 478 2551 nondum
494 2518 637 2563 agitare
662 2522 820 2563 poterat.

93 2581 136 2586 -—
155 2572 325 2597 cursum·
310 2566 500 2605 -iniquum
516 2565 735 2608 sruqibusJ„
741 2575 822 2600 cre-

91 2607 171 2644 bris
205 2611 442 2646 eluvionibus
475 2614 556 2646 sata
588 2613 675 2646 limo
706 2612 823 2646 obdu-

95 2658 273 2691 centemst‘
301 2677 341 2682 —
371 2659 503 2702 amnes]
527 2658 680 2693 Minime
706 2659 823 2694 inter-

93 2704 314 2746 pretandum
355 2716 436 2740 esse
477 2715 562 2739 cum
601 2705 822 2741 Scholiastis

97 2747 144 2782 de
178 2749 341 2786 Velabro
378 2753 424 2786 ab
461 2753 627 2798 Agrippa
660 2754 822 2799 Augusti

166 2817 268 2845 Boi-at.
285 2821 349 2847 Vol.
366 2821 406 2847 11.
442 2822 496 2848 Ed.
513 2823 609 2848 minor
627 2824 660 2849 V.

867 1063 973 1097 iussu
999 1062 1186 1097 exsiccato
1200 1086 1210 1104 ‚
1234 1060 1301 1096 sed
1326 1061 1373 1096 de
1397 1072 1514 1096 cursu
1539 1061 1603 1095 Ti-

867 1109 970 1145 beris
1002 1109 1049 1144 ab
1074 1110 1246 1155 Augusto
1280 1109 1485 1154 aggeribus
1518 1119 1601 1143 cor·

866 1160 971 1191 recto
1008 1157 1199 1200 (tempore
1236 1156 1388 1201 quidem
1422 1158 1459 1190 et
1490 1156 1600 1190 modo

868 1204 979 1238 nobis
1020 1204 1171 1249 ignoto)
1209 1203 1479 1238 demonstravit
1513 1203 1601 1238 Fea.

867 1251 1053 1296 Equidem
1070 1251 1145 1284 huc
1162 1250 1372 1285 rettulerim
1389 1251 1601 1285 eluvionem

869 1301 1110 1332 memoratam
1135 1297 1204 1331 Od.
1234 1301 1271 1340 1,
1297 1299 1339 1339 2,
1375 1299 1419 1331 13
1446 1308 1542 1342 sqq„
1566 1309 1600 1332 a.

868 1357 906 1379 u.
931 1356 963 1379 c.
989 1347 1089 1388 732„
1121 1348 1207 1390 post
1237 1355 1350 1390 quam
1375 1344 1527 1379 Tiberis
1550 1345 1601 1379 ri-

868 1403 955 1437 pam
995 1403 1132 1438 aggere
1173 1392 1355 1426 munitam
1393 1402 1477 1426 esse
1517 1402 1602 1436 per—

870 1450 989 1484 quam
1016 1439 1096 1473 veri
1129 1439 1252 1474 simile
1285 1441 1353 1473 est.
1388 1458 1432 1463 —
1466 1441 1602 1473 Doctus

868 1488 941 1520 iter
964 1486 1108 1529 melius]
1134 1485 1227 1531 Epp.
1255 1489 1287 1528 1,
1315 1489 1371 1528 14,
1396 1488 1462 1520 29:
1486 1487 1600 1528 rivus,

868 1535 902 1567 si
932 1534 1064 1567 decidit
1097 1535 1232 1575 imber,
1266 1534 1389 1568 Multa
1419 1534 1515 1567 mole
1539 1535 1601 1567 do-

871 1582 1004 1614 cendus
1041 1582 1168 1622 aprico
1202 1589 1359 1622 parcere
1393 1583 1518 1623 prato.
1554 1600 1601 1604 —

869 1629 1046 1661 mortalia
1085 1629 1187 1669 sacta
1223 1627 1416 1670 peribunt]
1459 1628 1602 1670 „homi-

870 1686 962 1708 num
988 1685 1102 1720 opera
1126 1675 1187 1709 vel
1218 1674 1602 1720 magnificentissima,

870 1722 1010 1756 nedum
1038 1721 1260 1765 vocabula;“
1294 1732 1369 1766 quo
1396 1722 1602 1766 epiphone-

868 1772 965 1803 mate
990 1769 1162 1803 firmatur
1179 1769 1366 1803 sententia
1381 1779 1415 1802 v.
1433 1771 1489 1803 63.
1513 1780 1601 1813 pro-

867 1817 1003 1860 posita.
1051 1816 1231 1851 Lectione
1278 1818 1411 1850 cuncta
1450 1817 1601 1851 tollitur

869 1863 1075 1908 oppositio,
1100 1874 1213 1908 quam
1237 1863 1360 1897 Bentl.
1385 1863 1481 1898 falso
1505 1864 1602 1898 vitu-

866 1914 994 1955 perat,
1041 1911 1141 1944 inter
1181 1912 1282 1952 sacta
1329 1912 1368 1945 et
1405 1919 1601 1945 sermones.

867 1959 982 1991 Facta
1007 1960 1130 1991 autem
1158 1961 1195 1991 et
1219 1966 1333 1999 opera
1358 1958 1429 1991 etsi
1455 1969 1601 2003 semper

869 2005 1032 2048 quidem,
1058 2008 1101 2038 ut
1123 2005 1289 2046 videtur,
1315 2005 1355 2038 in
1380 2016 1495 2049 prosa
1519 2016 1601 2039 ora-

868 2052 971 2084 tione
1005 2051 1312 2096 distinguuntur,
1344 2062 1367 2085 a
1394 2054 1506 2095 poeta
1529 2053 1602 2086 hoc

868 2097 1072 2131 discrimen
1090 2101 1183 2131 'non
1216 2098 1359 2132 servari
1395 2100 1601 2142 reprehen-

870 2144 976 2178 sione
1010 2147 1123 2178 caret.
1172 2143 1510 2179 Gfr.0vid.11er.
1547 2149 1601 2189 10,

871 2192 936 2224 60:
969 2192 1053 2224 Non
1076 2192 1261 2224 hominum
1282 2192 1407 2246 video,
1438 2201 1511 2226 mm
1537 2203 1601 2235 eqo

868 2238 970 2278 sacta
995 2239 1121 2280 boum,
1153 2237 1259 2278 βοῶν
1290 2249 1383 2285 εργα
1398 2217 1541 2284 ⁷0dyss.
1565 2252 1600 2282 κ,

870 2286 927 2318 98.
952 2303 997 2308 -
1020 2285 1301 2328 sermonumJ„
1314 2287 1599 2322 consuetudinis

870 2331 1085 2376 loquendist‘
1136 2311 1301 2372 Quintil”
1322 2336 1357 2375 1,
1384 2335 1425 2376 6,
1450 2337 1514 2368 43:
1550 2337 1598 2368 Et

868 2387 957 2412 sane
993 2381 1081 2420 quid
1114 2382 1164 2413 est
1197 2381 1302 2413 aliud
1334 2383 1443 2415 vetus
1476 2392 1599 2417 sermo

869 2434 979 2466 quam
1014 2429 1119 2459 velus
1154 2428 1325 2468 loquendi
1355 2430 1600 2463 consuetudo?

870 2491 913 2495 —
930 2473 1012 2516 scel]
1039 2473 1216 2515 „firmiter
1240 2474 1352 2509 duret
1375 2475 1599 2520 stabilisque

868 2521 1118 2563 permaneat.“
1154 2540 1197 2545 -
1234 2523 1345 2555 ho‘nos
1382 2525 1415 2555 et
1453 2524 1599 2566 qratia]

870 2565 987 2611 Saepe
1014 2569 1069 2602 sic
1093 2568 1304 2614 iunguntur
1321 2571 1437 2602 honor
1454 2573 1487 2603 el
1513 2579 1600 2611 qra-

870 2615 942 2656 tia,
974 2615 1089 2648 honor
1114 2619 1147 2648 et
1172 2617 1296 2659 decor,
1330 2616 1488 2650 Wfirde
1512 2619 1600 2651 und

869 2662 1065 2695 Anmuth.

918 2709 1068 2742 70-72,
1097 2710 1221 2743 Multa
1252 2714 1491 2744 renascentur
1513 2711 1597 2754 oet]

872 2754 934 2788 Sic
968 2755 1168 2790 montonis
1204 2757 1441 2801 potissimum
1477 2761 1597 2792 aetate

1387 2830 1417 2852 31
