1774 2930
623 161 719 196 m.
738 160 773 195 1.
819 159 972 195 ms'r.
994 158 1078 194 XV.

209 263 439 308 Mutandus
467 264 587 305 locus
617 266 684 304 est
713 266 757 304 et
785 260 1032 304 deversoria
1059 264 1164 302 nota
1194 275 1202 280 ·

1521 158 1619 199 3513

1555 259 1607 300 10

210 333 580 390 Praeteragendus
610 347 760 389 equus.
792 331 889 380 Quo
918 329 1093 374 tendis?
1121 329 1221 373 Non
1250 329 1357 372 mihi
1388 328 1546 372 Cumas

209 404 294 448 Est
322 405 405 448 iter
434 408 508 447 aut
537 403 689 457 Baias,
720 403 845 445 laeva
873 401 1168 444 stomachosus
1198 400 1372 443 habena

210 475 339 519 Dicet
367 489 523 532 eques3
555 474 632 518 sed
662 475 760 530 equi
792 473 959 516 frenato
990 476 1056 515 est
1085 471 1200 514 auris
1233 471 1278 513 in
1310 484 1397 513 ore.
1428 494 1482 501 —-

209 546 347 588 Maior
373 550 518 588 utrum
546 545 751 601 populum
782 544 984 586 frumenti
1016 543 1141 599 eopia
1170 547 1337 598 pascat,

213 616 481 660 Collectosne
509 615 659 658 bibant
688 615 847 657 imbres
878 619 1088 670 puteosne
1117 627 1328 669 perennes

1555 612 1607 653 15

211 687 327 743 Iugis
358 700 518 743 aquaer,
552 710 608 716 —
639 700 738 728 nam
767 686 868 727 vina
897 685 1004 726 nihil
1035 698 1177 726 moror
1206 683 1320 725 illius
1354 697 1476 735 orae3

212 757 329 800 Rure
359 771 454 799 meo
485 771 659 813 possum
691 755 859 812 quidvis
889 755 1079 812 perferre
1110 755 1312 811 patique3

194 907 247 938 10.
279 906 487 938 deversoria
510 903 589 937 Lc.
596 905 636 937 et
658 903 872 937 Bentleius·
902 904 1106 936 &versoria
1130 900 1250 944 deE,
1277 900 1478 935 111110.-
1506 903 1561 934 13.

144 952 229 992 equi
251 951 321 992 bd,
346 944 491 985 Veneta
518 952 640 995 1481„
665 949 795 983 LctO:
830 951 932 991 equis
958 949 1033 991 SE,
1060 949 1277 990 Bentleius,
1301 948 1405 984 FMJ.
1433 967 1475 972 -——
1504 950 1560 982 16.

144 999 269 1032 Dulcis
293 1001 369 1032 tres
386 997 559 1032 Pottierii
583 1000 622 1031 et
637 996 727 1030 Lct.
746 1016 789 1020 -
808 997 958 1038 quodvis
974 996 1018 1030 N.
1044 996 1226 1030 Heinsius
1253 999 1290 1030 et
1309 995 1559 1042 Cuningham.

94 1131 193 1163 μενα
215 1117 277 1168 ῥεῖ
298 1115 417 1154 ν’δατα
447 1118 585 1167 ψυχρὰ
608 1120 653 1153 ἐκ
677 1119 827 1154 πολλῶν

96 1177 240 1212 πηγων,
264 1165 360 1215 πρὸς
375 1168 574 1209 ποικίλους
597 1165 738 1209 νόσους
761 1169 828 1200 καὶ

96 1216 250 1248 πίνουσι
272 1216 340 1248 καὶ
363 1215 645 1259 ἑγκαθημὲνοις
670 1211 827 1258 ὑγιεινά.

101 1263 252 1306 „Aquae
289 1262 481 1297 sulfureae
515 1266 604 1296 sunt
640 1262 827 1306 hodieque

99 1309 438 1342 0381811101.“ΕΕΑ.

148 1404 281 1436 10-13.
306 1404 507 1437 Mummius
532 1401 617 1445 cet]
653 1402 828 1444 „Verum,

102 1449 172 1483 etsi
197 1449 452 1483 lamentantur
469 1449 614 1491 Baiani,
638 1449 756 1482 alium
774 1449 828 1483 10-

99 1506 183 1529 011111
208 1497 391 1540 aptiorem
425 1506 608 1540 quaerere
632 1496 724 1529 mihi
749 1507 829 1530 cer-

98 1546 178 1576 tum
202 1544 293 1577 est.“
344 1542 550 1578 construe:
583 1542 696 1584 e‘quus
717 1552 829 1584 prae-

99 1591 317 1631 ter-aventius
349 1591 558 1624 deversoria
589 1592 696 1632 nola,
730 1601 828 1634 quae

100 1639 190 1671 sunt
212 1636 254 1670 111
278 1637 340 1671 via
363 1636 475 1671 Baias
500 1637 673 1671 ducente.
711 1637 770 1670 Ad
793 1648 828 1671 v.

99 1686 188 1716 ποία
212 1684 348 1728 supple
373 1686 529 1728 „equo“,
554 1687 597 1717 ut
621 1684 746 1718 solent
769 1685 828 1718 vel

98 1731 252 1765 nolente
265 1730 394 1775 equite
410 1731 553 1765 intrare
566 1731 662 1765 velle
678 1731 719 1764 111
738 1741 828 1764 0011-

98 1779 207 1812 sueta
230 1777 324 1812 alias
349 1777 650 1812 deversoriorum
668 1779 827 1812 stabula.

97 1824 282 1870 Intelligit
316 1828 441 1859 autem
478 1825 693 1859 deversoria
724 1825 826 1859 Baiis

99 1871 235 1906 vicina.
258 1871 348 1913 Iam,
374 1872 440 1906 nbi
465 1872 675 1917 inspexeris
692 1872 827 1906 Roma-

99 1918 207 1952 uellii
230 1916 379 1952 tabula's
407 1930 570 1964 geograp
546 1920 695 1963 phicas,
730 1920 830 1953 vide-

99 1964 159 1998 bis
189 1965 277 1999 inde
310 1977 333 1999 a
355 1965 475 1999 Ponte
501 1966 689 2010 Campano
714 1977 737 2000 a
761 1966 829 2000 Ca-

100 2021 178 2054 pua
209 2012 300 2045 satis
327 2016 469 2046 remoto
496 2012 594 2055 (Sat.
623 2015 663 2055 1,
688 2015 730 2054 5,
755 2015 828 2055 45.)

102 2057 220 2099 viam,
251 2068 363 2101 quam
395 2059 564 2093 facturus
597 2062 677 2093 erat
708 2059 827 2093 Hora-

102 2103 198 2145 tius,
230 2114 277 2138 ex
299 2104 421 2149 Appia
445 2105 641 2139 deflexisse
665 2107 828 2149 primum

102 2149 212 2184 Baias
236 2161 381 2194 versus,
406 2162 480 2195 quo
497 2151 641 2185 deverti
666 2153 828 2195 nolebat,

105 2197 206 2231 ultra
238 2197 350 2232 situm
383 2209 466 2232 esse
492 2198 711 2241 Salernum,
743 2203 830 2243 post

102 2244 175 2277 hoc
211 2243 375 2287 Veliam3
413 2256 538 2289 neque
574 2247 829 2280 necessarium

102 2290 222 2324 fuisse
246 2292 305 2334 iis,
330 2292 398 2336 qui
424 2292 619 2326 Salernum
637 2292 829 2327 Veliamve

103 2340 297 2381 peterent,
338 2339 524 2384 attingere
567 2339 743 2384 Capuam.
783 2360 829 2364 —

105 2386 184 2426 Quo
208 2386 371 2428 lendin]
408 2386 534 2420 Verba
564 2390 653 2420 sunt
682 2387 829 2421 Horatii

104 2442 243 2476 equum
259 2433 491 2477 increpantis
506 2434 604 2467 viam
621 2434 732 2468 Baias
750 2445 831 2468 ver-

103 2489 168 2513 sus
180 2479 424 2523 pertinaciter
437 2480 724 2525 ingredientem,
742 2492 830 2515 cum

104 2524 278 2560 dominus
318 2527 390 2561 iter
435 2528 591 2562 haberet
632 2527 828 2563 Salernum

103 2574 170 2605 aut
199 2573 344 2608 Veliam
375 2585 518 2609 versus.
545 2594 588 2599 —-
622 2576 729 2610 laeva
759 2579 831 2609 slo-

104 2620 292 2654 mactmus
304 2622 446 2655 habena
456 2622 541 2664 cet.]
554 2633 652 2664 „non
663 2623 744 2657 sine
755 2626 830 2657 sto-

105 2666 254 2709 macho,
285 2668 444 2702 adducta
466 2669 614 2703 habena
638 2670 831 2704 sinistror-

107 2721 206 2753 sum,
230 2724 369 2757 equum
392 2716 564 2759 flectens,
588 2717 702 2751 simul
726 2717 830 2751 addit

877 1120 991 1154 verba
1015 1121 1098 1154 Non
1113 1137 1128 1144 -
1146 1137 1161 1144 ·
1179 1121 1313 1161 Βαίας,
1347 1119 1424 1159 sed,
1452 1122 1495 1152 ut
1520 1119 1611 1160 sois,

876 1178 961 1201 eum
986 1167 1107 1200 brutis
1126 1166 1240 1200 verba
1257 1167 1351 1200 nihil
1367 1166 1521 1208 iuvantg
1546 1176 1611 1199 au-

876 1215 929 1248 ris
955 1215 1044 1258 equi
1070 1217 1128 1247 est
1151 1214 1192 1246 111
1210 1224 1276 1247 ore
1300 1214 1458 1255 frenato,
1484 1213 1522 1246 id
1542 1217 1610 1254 est,

877 1272 996 1305 equos
1021 1262 1130 1295 freno
1164 1260 1350 1294 moderari
1377 1263 1543 1304 oportet,
1577 1260 1610 1294 si

876 1309 1049 1342 volumus
1075 1318 1139 1342 eos
1174 1307 1284 1342 nobis
1319 1307 1471 1341 obedire
1497 1307 1612 1340 viam-

878 1366 951 1399 que
985 1354 1095 1388 nobis
1128 1355 1303 1398 placitam
1342 1354 1475 1388 iuire.“
1530 1355 1611 1387 Ha-

878 1404 991 1444 ῠσπα,
1035 1403 1196 1443 ,Ζᾱρεμ
1236 1403 1368 1435 Tremo
1379 1402 1411 1442 ⁴⁴,
1451 1402 1612 1443 frenum,

879 1451 1054 1490 „lutumst
1090 1448 1342 1491 (Doederlein
1374 1450 1458 1489 Sun-
1492 1447 1538 1481 V.
1573 1459 1610 1492 p.

878 1498 935 1529 41.
961 1495 1024 1529 VL
1049 1507 1086 1540 p.
1114 1496 1221 1538 137),
1251 1495 1350 1540 apud
1374 1497 1505 1540 poetas
1530 1495 1612 1530 fero

878 1553 1096 1587 synonyma.
1145 1540 1367 1576 Ovid.‘Am.
1401 1544 1441 1582 3,
1474 1545 1515 1583 4,
1548 1544 1611 1576 15:

881 1592 922 1622 Ut
951 1592 1114 1631 primum
1146 1599 1330 1623 concessas
1361 1590 1472 1623 semi!
1500 1591 1611 1623 habe-

878 1646 955 1679 nas,
981 1639 1173 1677 Fre-mque
1190 1638 1230 1669 in
1254 1638 1368 1678 effusa
1386 1637 1477 1670 laoea
1492 1638 1613 1670 iacere

876 1685 976 1717 iuba.
1026 1684 1203 1718 Ceterum
1238 1694 1282 1718 eo
1319 1683 1473 1717 nomine
1504 1694 1612 1728 prae-

878 1735 950 1765 stat
974 1731 1088 1765 lectio
1114 1733 1199 1772 equi
1221 1731 1332 1764 alteri
1357 1732 1478 1773 equis,
1509 1730 1611 1775 quod

878 1778 917 1811 111
951 1778 1019 1812 illa
1054 1788 1238 1823 perquam
1271 1778 1459 1812 concinne
1496 1779 1615 1819 equiti

877 1825 1082 1880 opponitur
1115 1826 1205 1859 item
1238 1836 1339 1859 unus
1373 1826 1455 1859 eius
1480 1834 1613 1868 equam

876 1873 909 1907 si
935 1873 1074 1918 legeris
1094 1874 1206 1914 equis,
1231 1872 1296 1906 fiet
1312 1873 1419 1906 locus
1447 1878 1613 1906 commu·

877 1920 938 1954 nis
963 1920 1162 1954 admodum
1187 1920 1401 1965 languidus.

927 2015 1062 2047 14-25.
1094 2015 1219 2049 Maior
1252 2014 1346 2057 cet.]
1382 2014 1454 2048 Ubi
1493 2015 1613 2048 maior

878 2064 934 2094 est
973 2061 1099 2094 vilitas
1132 2070 1327 2102 annonae,
1365 2061 1540 2094 omnibus
1572 2061 1613 2093 in

877 2107 991 2140 rebus
1017 2107 1248 2140 commodius
1273 2107 1423 2141 vivitur.
1448 2107 1610 2151 Propter

876 2154 967 2195 hoc,
1001 2164 1077 2187 non
1103 2154 1150 2187 ob
1184 2154 1313 2187 nescio
1346 2165 1459 2198 quam
1494 2154 1614 2188 sordi-

878 2200 962 2234 dam
987 2200 1199 2242 avaritiam,
1225 2200 1270 2234 de
1295 2201 1478 2235 frumenti
1504 2201 1614 2246 copia¹

878 2247 1040 2281 amicum
1081 2247 1301 2292 interrogat.
1334 2266 1377 2271 —
1409 2249 1610 2292 populum]

877 2294 1200 2339 Frequentissime
1237 2295 1284 2328 de
1318 2295 1610 2340 municipiorum

878 2341 1014 2375 incolis
1031 2342 1070 2374 in
1087 2341 1279 2386 Inscriptt.
1298 2346 1523 2387 usurpatur:
1547 2344 1609 2377 Se-

877 2391 985 2421 natus
1008 2390 1237 2430 populusque
1262 2391 1409 2431 Tiburs,
1436 2391 1613 2432 Laurens,

877 2437 1105 2476 Amanium.
1156 2436 1273 2470 Inscr.
1315 2447 1362 2470 m.
1403 2437 1485 2471 Lat.
1529 2439 1610 2471 113.

881 2484 958 2516 124.
987 2485 1065 2516 126.
1092 2483 1354 2528 „Hyperbole“
1389 2484 1506 2529 igitur
1535 2484 1613 2527 „ly-

878 2529 997 2573 rica“,
1038 2533 1081 2564 ut
1115 2530 1336 2565 Hochedero
1379 2532 1500 2565 visum
1542 2534 1614 2572 est,

878 2577 966 2610 huic
992 2587 1071 2611 voc.
1105 2589 1182 2611 non
1211 2579 1321 2612 inest.
1348 2597 1391 2601 -—
1419 2579 1611 2612 collectos-

877 2624 1031 2667 imbres]
1068 2624 1193 2666 „Volo
1231 2635 1369 2669 aquam
1405 2625 1610 2666 fontanam,

878 2681 955 2705 non
969 2670 1132 2715 pluviam
1150 2672 1191 2705 in
1209 2672 1390 2706 cisternis
1408 2671 1613 2713 collectam,

878 2721 916 2751 et
949 2718 1100 2762 quidem
1134 2722 1272 2763 puteos
1304 2728 1512 2763 perennes,
1546 2719 1612 2762 qui
