1786 2912
206 126 287 167 122

706 125 913 160 HORATII
939 126 1221 161 SATmARUM

323 226 581 283 Scripturus,
614 242 768 284 neque,
800 231 844 269 te
875 231 923 269 ut
953 228 1132 272 miretur
1162 229 1302 283 turba,
1332 229 1514 284 labores,

322 297 562 341 Contentus
594 299 742 354 paucis
774 298 1020 341 lectoribus.
1073 298 1144 341 An
1174 304 1249 342 tua
1280 300 1455 343 demens
1501 351 1505 355 .

323 369 489 411 Vilibus
522 369 567 410 in
597 369 710 410 ludis
743 369 893 411 dictari
927 370 1114 412 carmina
1143 372 1300 413 malis?

1666 373 1722 414 75

319 440 416 482 Non
449 455 552 497 ego3
585 454 683 482 nam
716 441 847 482 satis
881 445 959 482 est
991 442 1213 497 equitem
1242 442 1367 484 mihi
1398 442 1661 499 plaudere,

889 516 936 553 ut
967 512 1126 566 audax,

320 581 586 638 Contemptis
620 583 728 636 aliis,
763 583 941 639 explosa
971 584 1213 626 Arbuscula
1243 584 1366 627 di'xit.

318 653 419 696 Men
451 658 620 696 moveat
651 654 791 696 cimex
821 654 1049 709 Pantilius,
1083 658 1156 697 aut
1188 656 1347 698 cruciet
1379 655 1490 712 quod

318 724 502 767 Vellicet
534 725 756 767 absentem
786 724 1048 780 Demetrius,
1082 730 1154 768 aut
1187 725 1300 782 quod
1330 726 1504 783 ineptus

316 795 507 838 Fannius
538 790 825 852 Hermogenis
858 796 999 839 laedat
1031 797 1211 839 conviva
1246 797 1439 853 Tigelli?

1664 798 1722 839 80

318 867 483 909 Plotius
517 871 559 910 et
589 867 761 921 Varius,
793 867 1019 910 Maecenas
1050 868 1362 924 Virgiliusque‚

319 938 498 994 Valgius
532 943 574 981 et
604 939 757 995 probet
787 939 894 981 haec
926 939 1145 993 Octavius,
1178 940 1364 995 optimus
1397 943 1526 995 atque

297 1069 352 1102 78.
391 1069 533 1101 crucier
567 1078 651 1102 cum
684 1069 834 1102 Aldinis
868 1068 956 1102 LCt.
984 1088 1026 1092 —
1055 1070 1110 1102 82.
1150 1070 1340 1111 Octavius,
1376 1070 1531 1110 optimus
1563 1071 1672 1110 atque

246 1116 486 1150 distinximus
514 1126 599 1149 cum
624 1116 808 1150 Bentleio.
849 1116 973 1150 Ceteri
1001 1116 1166 1162 iungunt
1193 1117 1364 1150 Octavius
1391 1117 1557 1158 optimus.
1597 1117 1672 1151 Cfr.

247 1163 320 1198 Sat.
350 1166 387 1206 1,
414 1165 446 1205 5,
474 1165 528 1197 27.

196 1281 360 1315 litteram
384 1283 416 1314 st
442 1292 518 1315 non
550 1282 734 1326 producta
761 1282 832 1315 vid.
861 1281 935 1316 Sat.

198 1331 213 1361 1
229 1354 237 1370 ,
264 1331 304 1371 2,
331 1330 386 1362 30.
414 1348 458 1352 -
483 1330 609 1362 stilum
631 1329 773 1371 vertas}
815 1329 932 1374 Supe-

196 1375 297 1410 riore
323 1379 429 1420 parte
457 1376 534 1410 stili
561 1376 636 1411 lata
654 1377 932 1419 oblitterabant,

197 1434 292 1467 quae
326 1423 366 1456 in
402 1434 488 1458 cera
521 1427 719 1458 exararant
751 1424 931 1458 inferiore

195 1474 316 1504 acuta.
360 1470 436 1504 Cic.
461 1471 549 1504 Acc.
577 1473 617 1514 2,
643 1474 700 1514 41,
729 1474 818 1505 101:
848 1473 932 1506 Ver-

195 1519 236 1550 tit
263 1519 388 1551 stilum
412 1519 451 1550 in
476 1520 610 1551 tabulis
632 1521 718 1558 suis,
745 1528 815 1559 quo
833 1521 931 1561 sacto

195 1573 347 1598 causam
373 1574 513 1598 omnem
540 1567 669 1599 evertit
694 1568 931 1599 suam—di-

194 1613 302 1655 ctari]
328 1615 370 1646 ut
391 1613 568 1658 magister
587 1613 724 1646 deinde
743 1613 930 1657 interpre-

194 1662 351 1702 taretur,
371 1660 551 1704 discipuli
570 1662 776 1700 recitarent
793 1671 836 1694 ac
854 1672 930 1694 me-

194 1708 335 1741 moriae
359 1707 593 1742 mandarent.
628 1708 781 1741 Persius
810 1711 840 1750 1,
867 1710 930 1741 29:

194 1756 267 1789 Ten
316 1756 539 1789 cirratorum
596 1758 739 1788 centum
793 1756 931 1788 dictata

193 1803 304 1843 fuisse
343 1804 417 1836 Pro
454 1804 569 1835 nihilo
603 1804 773 1844 pendas?
825 1802 930 1835 Conf.

193 1848 286 1894 Epp.
315 1851 355 1892 2,
384 1853 422 1893 1,
449 1852 505 1883 71.
532 1869 577 1874 ——
603 1850 770 1892 equitem]
799 1849 838 1882 id
864 1853 931 1891 est,

195 1897 397 1939 „homines
425 1897 545 1931 cultos
571 1899 684 1942 atque
715 1897 806 1932 artis
833 1897 932 1941 peri-

193 1946 270 1987 tos,
299 1946 430 1990 quales
458 1945 606 1989 equites
632 1945 820 1994 Romanos
848 1955 930 1978 esse

193 1991 334 2026 decet.“
387 1992 491 2026 Conf.
517 1992 611 2036 Epp.
645 1994 684 2034 2,
714 1995 750 2034 1,
780 1994 857 2025 185.
886 1991 930 2024 A.

192 2038 234 2072 P.
262 2041 329 2073 248
357 2051 411 2084 sq.
445 2059 486 2063 —
521 2039 671 2082 audam]
709 2040 771 2072 hic
805 2039 931 2083 potius

193 2086 320 2122 laudis
367 2091 434 2122 est.
474 2107 516 2110 —
555 2086 785 2129 Arbuscula]
820 2086 932 2120 mima

194 2134 340 2169 eximia.
393 2135 469 2169 Cic.
507 2135 554 2168 ad
591 2134 666 2168 Att.
704 2137 745 2175 4,
786 2136 848 2175 15,
887 2136 931 2167 6;

195 2182 349 2223 Quaeris
375 2192 472 2216 nunc
496 2183 539 2216 de
565 2183 795 2215 Arbuscula:
823 2182 932 2214 valde

188 2229 343 2269 placuit.
393 2230 610 2275 Aliquando
643 2232 766 2263 tamen
794 2228 931 2263 exsibi-

194 2276 271 2309 lata
298 2277 351 2311 ita
377 2289 415 2311 se
442 2279 522 2311 ulta
547 2280 613 2311 est.

242 2325 392 2358 78-80.
420 2327 538 2358 cimeoe
563 2324 761 2366 Pantilius]
793 2334 929 2357 nomen

192 2381 295 2404 mere
309 2371 530 2414 Romanum,
550 2382 625 2405 non
646 2371 785 2404 fictum.
815 2370 932 2413 „Pan-

192 2417 299 2451 tilius
337 2429 473 2453 nomen
514 2421 571 2452 est
605 2419 688 2452 vilis
723 2421 856 2463 poetae
895 2420 931 2451 et

192 2465 464 2500 maleolentis.“
511 2466 637 2499 COMM.
666 2466 732 2499 CR.
785 2465 856 2499 Sed
882 2466 931 2498 ci-

191 2514 320 2546 micem
345 2514 471 2557 potius
497 2513 660 2558 appellat
691 2525 712 2547 a
738 2512 869 2557 putida
895 2515 932 2546 et

191 2559 303 2594 foeda
327 2560 611 2603 maledicentia,
648 2571 721 2604 qua
748 2561 842 2594 clam
869 2559 931 2594 ad-

193 2608 381 2643 versarios
412 2608 623 2653 pungebat,
657 2610 699 2640 ut
731 2608 854 2641 solent
879 2607 930 2640 ci-

192 2656 308 2690 mices
347 2667 514 2701 pungere
552 2655 793 2689 dormientes.
843 2654 932 2687 Phi-

193 2703 373 2737 lostratus
407 2703 452 2737 V.
492 2702 603 2746 Soph.
643 2704 683 2744 2,
723 2704 785 2744 10,
825 2703 855 2735 3.
894 2713 929 2746 p.

986 1283 1066 1316 588.
1093 1281 1150 1315 Ol.
1170 1284 1309 1323 narrat,
1328 1281 1513 1327 quomodo
1529 1281 1723 1317 Adrianus

981 1329 1155 1363 tolerarit
1178 1328 1353 1363 maledici
1380 1328 1566 1373 ineptias:
1604 1328 1719 1376 ἐκαρ-

982 1378 1079 1431 τέρει
1104 1374 1150 1409 τὰ
1175 1375 1215 1418 ἐξ
1237 1373 1356 1409 αὖτὀῦ
1383 1373 1518 1417 πάντα,
1542 1373 1720 1420 δήγματα

981 1434 1127 1470 κορεων
1160 1422 1228 1465 τὰς
1258 1423 1301 1456 ἐκ
1330 1423 1404 1457 τῶν
1429 1419 1614 1458 τοιούτων
1638 1423 1725 1473 2912-

981 1471 1112 1517 δορίας
1137 1470 1275 1504 καλῶν.
1303 1490 1346 1495 —
1373 1470 1593 1514 Demetrius]
1619 1471 1719 1505 idem

981 1519 1210 1561 modulator,
1259 1529 1370 1563 quern
1407 1529 1440 1552 v.
1481 1520 1535 1551 18.
1572 1519 1722 1552 simium

981 1569 1100 1600 vocat.
1159 1565 1399 1600 Constructio
1451 1568 1576 1599 autem
1625 1566 1718 1600 haec

981 1616 1060 1647 est:
1086 1614 1173 1647 Men
1207 1615 1351 1646 moveat
1379 1613 1496 1646 cimeoe
1520 1613 1717 1656 Pantilius,

981 1663 1046 1693 aut
1073 1661 1206 1693 cruciet
1232 1659 1348 1702 illud,
1381 1661 1478 1700 quod
1503 1662 1594 1702 cet,
1627 1670 1717 1703 non,

981 1711 1023 1740 ut
1059 1707 1138 1741 volt
1173 1706 1393 1741 Bentleius:
1433 1708 1522 1742 Men
1562 1710 1722 1751 moveat,

982 1756 1078 1795 quod
1103 1764 1131 1787 c.
1158 1755 1342 1787 Pantilius
1369 1756 1433 1787 aut
1457 1765 1543 1788 men
1570 1755 1717 1797 cruciet,

981 1804 1077 1842 quod
1101 1804 1145 1835 D.
1173 1802 1358 1835 absentem
1382 1801 1536 1835 vellicet.
1558 1820 1601 1824 —
1619 1803 1716 1835 Fan-

981 1850 1084 1891 nius!
1130 1848 1298 1882 Fannius
1337 1848 1571 1892 Quadratus,
1607 1851 1722 1893 poeta

980 1896 1131 1941 ineptus
1159 1896 1254 1939 (Sat.
1284 1899 1313 1938 1,
1340 1899 1373 1938 4,
1399 1896 1484 1938 21.)‚
1510 1896 1547 1929 h.
1573 1895 1598 1929 l.
1622 1895 1722 1930 Her-

980 1944 1150 1989 mogenis
1177 1943 1328 1988 Tigellii
1355 1943 1454 1985 (Sat.
1483 1945 1514 1985 1,
1541 1945 1574 1985 3,
1602 1945 1679 1976 129.
1690 1943 1718 1986 )‚

980 1991 1143 2025 hominis
1170 2001 1290 2034 aeque
1316 1989 1483 2032 molesti,
1515 1990 1716 2034 parasitus.

1029 2040 1070 2072 81
1089 2057 1103 2063 -
1119 2039 1174 2072 83.
1202 2039 1342 2071 Plotius
1369 2040 1401 2070 et
1430 2038 1559 2071 Varius
1574 2055 1588 2062 -
1603 2038 1718 2078 Vimi-

984 2085 1136 2128 liusque]
1180 2085 1285 2119 Conf.
1313 2084 1388 2119 Sat.
1417 2087 1454 2126 1,
1481 2086 1513 2126 5,
1539 2086 1598 2118 40.
1637 2084 1717 2118 Iam

983 2135 1178 2167 enumerat
1201 2134 1332 2177 poetas
1358 2131 1582 2165 recentioris
1609 2132 1718 2176 quasi

982 2181 1151 2223 scholae,
1194 2179 1267 2214 sibi
1309 2179 1449 2213 amicos
1491 2188 1535 2212 ac
1575 2179 1720 2223 peritos:

983 2228 1191 2261 carminum
1218 2227 1373 2260 iudices.
1401 2245 1443 2250 —
1474 2225 1637 2268 Valaius]
1675 2225 1716 2259 C.

981 2276 1138 2321 Valgius
1175 2274 1316 2316 Rufus,
1357 2276 1468 2317 posta
1509 2272 1639 2317 epicus
1681 2275 1720 2306 et

982 2323 1192 2368 elegiacus,
1226 2321 1273 2355 ad
1300 2331 1410 2365 quem
1437 2322 1494 2354 est
1519 2318 1586 2352 Od.
1613 2321 1653 2362 2,
1680 2322 1715 2354 9.

982 2370 1063 2404 Tib.
1091 2372 1122 2412 4,
1153 2371 1182 2411 1,
1211 2370 1300 2401 179:
1326 2369 1389 2400 Est
1416 2368 1492 2408 tibi,
1520 2368 1582 2408 qui
1604 2368 1717 2408 possit

980 2418 1123 2458 maenis
1140 2425 1177 2449 se
1196 2416 1384 2456 accinqere
1402 2416 1522 2457 rebus,
1549 2415 1718 2455 Valaius:

981 2467 1130 2498 aeterno
1151 2464 1305 2505 propior
1329 2471 1403 2495 non
1426 2462 1522 2495 alter
1542 2463 1716 2495 Homero.

982 2532 1023 2535 —
1054 2509 1244 2552 Octavius]
1284 2511 1396 2554 poeta
1429 2511 1466 2542 et
1497 2508 1715 2551 historicus,

980 2559 1019 2592 in
1055 2558 1163 2592 cuius
1196 2559 1352 2590 mortem
1388 2559 1444 2590 est
1469 2555 1621 2600 Virgilii
1649 2554 1719 2588 Oa-

980 2607 1043 2639 tal.
1071 2608 1126 2639 14.
1161 2605 1216 2647 (v.
1244 2606 1288 2638 5:
1314 2604 1455 2645 Scripta
1481 2603 1625 2644 quidem
1649 2605 1718 2635 tua

980 2662 1044 2686 nos
1061 2653 1216 2686 multum
1230 2652 1446 2684 mirabimur
1460 2652 1493 2683 et
1508 2651 1540 2683 te
1553 2650 1716 2691 Raptum

981 2703 1013 2734 et
1052 2702 1257 2734 Romanam
1296 2699 1457 2740 flebimus
1498 2695 1716 2739 historiam.)
