<?xml version="1.0" encoding="UTF-8"?>
<!DOCTYPE html PUBLIC "-//W3C//DTD XHTML 1.0 Transitional//EN"
    "http://www.w3.org/TR/xhtml1/DTD/xhtml1-transitional.dtd">
<html xmlns="http://www.w3.org/1999/xhtml" xml:lang="en" lang="en">
 <head>
  <title>
</title>
<meta http-equiv="Content-Type" content="text/html;charset=utf-8" />
  <meta name='ocr-system' content='tesseract 3.04.00' />
  <meta name='ocr-capabilities' content='ocr_page ocr_carea ocr_par ocr_line ocrx_word'/>
</head>
<body>
  <div class='ocr_page' id='page_1' title='image "./qhoratiusflaccus00horauoft_0512.png"; bbox 0 0 1774 2930; ppageno 0'>
   <div class='ocr_carea' id='block_1_1' title="bbox 155 112 240 154">
    <p class='ocr_par' dir='ltr' id='par_1_1' title="bbox 155 112 240 154">
     <span class='ocr_line' id='line_1_1' title="bbox 155 112 240 154; baseline 0 0"><span class='ocrx_word' id='word_1_1' title='bbox 155 112 240 154; x_wconf 84' lang='lat'>504</span> 
     </span>
    </p>
   </div>
   <div class='ocr_carea' id='block_1_2' title="bbox 274 213 1424 276">
    <p class='ocr_par' dir='ltr' id='par_1_2' title="bbox 274 213 1424 276">
     <span class='ocr_line' id='line_1_2' title="bbox 274 213 1424 276; baseline 0.004 -20"><span class='ocrx_word' id='word_1_2' title='bbox 274 213 399 263; x_wconf 82' lang='lat' dir='ltr'>Quod</span> <span class='ocrx_word' id='word_1_3' title='bbox 428 229 514 257; x_wconf 90' lang='lat' dir='ltr'>non</span> <span class='ocrx_word' id='word_1_4' title='bbox 544 215 763 272; x_wconf 87' lang='lat' dir='ltr'>proposito</span> <span class='ocrx_word' id='word_1_5' title='bbox 794 215 1001 260; x_wconf 86' lang='lat' dir='ltr'>conducat</span> <span class='ocrx_word' id='word_1_6' title='bbox 1032 221 1075 260; x_wconf 92' lang='lat' dir='ltr'>et</span> <span class='ocrx_word' id='word_1_7' title='bbox 1105 217 1280 262; x_wconf 77' lang='lat' dir='ltr'>haereat</span> <span class='ocrx_word' id='word_1_8' title='bbox 1312 222 1424 276; x_wconf 89' lang='lat' dir='ltr'>apte.</span> 
     </span>
    </p>
   </div>
   <div class='ocr_carea' id='block_1_3' title="bbox 816 87 1024 155">
    <p class='ocr_par' dir='ltr' id='par_1_3' title="bbox 816 87 1024 155">
     <span class='ocr_line' id='line_1_3' title="bbox 816 87 1024 155; baseline 0.029 -7"><span class='ocrx_word' id='word_1_9' title='bbox 816 87 1024 155; x_wconf 67' lang='lat' dir='ltr'>nomm</span> 
     </span>
    </p>
   </div>
   <div class='ocr_carea' id='block_1_4' title="bbox 1588 222 1707 286">
    <p class='ocr_par' dir='ltr' id='par_1_4' title="bbox 1588 222 1707 286">
     <span class='ocr_line' id='line_1_4' title="bbox 1588 222 1707 286; baseline 0 -23"><span class='ocrx_word' id='word_1_10' title='bbox 1588 222 1671 263; x_wconf 83' lang='lat'>195</span> <span class='ocrx_word' id='word_1_11' title='bbox 1701 281 1707 286; x_wconf 11' lang='grc' dir='ltr'><strong><em>ἢ</em></strong></span> 
     </span>
    </p>
   </div>
   <div class='ocr_carea' id='block_1_5' title="bbox 269 284 1433 558">
    <p class='ocr_par' dir='ltr' id='par_1_5' title="bbox 269 284 1433 558">
     <span class='ocr_line' id='line_1_5' title="bbox 270 284 1298 344; baseline 0.005 -17"><span class='ocrx_word' id='word_1_12' title='bbox 270 284 348 328; x_wconf 89' lang='lat' dir='ltr'>Ille</span> <span class='ocrx_word' id='word_1_13' title='bbox 378 286 502 328; x_wconf 89' lang='lat' dir='ltr'>bonis</span> <span class='ocrx_word' id='word_1_14' title='bbox 534 285 760 343; x_wconf 85' lang='lat' dir='ltr'>faveatque</span> <span class='ocrx_word' id='word_1_15' title='bbox 792 290 836 329; x_wconf 91' lang='lat' dir='ltr'>et</span> <span class='ocrx_word' id='word_1_16' title='bbox 867 288 1118 331; x_wconf 75' lang='lat' dir='ltr'>consilietur</span> <span class='ocrx_word' id='word_1_17' title='bbox 1148 290 1298 344; x_wconf 86' lang='lat' dir='ltr'>amice,</span> 
     </span>
     <span class='ocr_line' id='line_1_6' title="bbox 270 355 1315 415; baseline 0.005 -17"><span class='ocrx_word' id='word_1_18' title='bbox 270 355 330 398; x_wconf 87' lang='lat' dir='ltr'>Et</span> <span class='ocrx_word' id='word_1_19' title='bbox 359 360 481 412; x_wconf 86' lang='lat' dir='ltr'>regat</span> <span class='ocrx_word' id='word_1_20' title='bbox 511 357 642 399; x_wconf 88' lang='lat' dir='ltr'>iratos</span> <span class='ocrx_word' id='word_1_21' title='bbox 675 361 718 400; x_wconf 89' lang='lat' dir='ltr'>et</span> <span class='ocrx_word' id='word_1_22' title='bbox 747 361 863 401; x_wconf 87' lang='lat' dir='ltr'>amet</span> <span class='ocrx_word' id='word_1_23' title='bbox 892 373 1046 415; x_wconf 88' lang='lat' dir='ltr'>pacare</span> <span class='ocrx_word' id='word_1_24' title='bbox 1078 362 1315 415; x_wconf 83' lang='lat' dir='ltr'>tumentes;</span> 
     </span>
     <span class='ocr_line' id='line_1_7' title="bbox 270 427 1433 484; baseline 0.003 -14"><span class='ocrx_word' id='word_1_25' title='bbox 270 427 347 470; x_wconf 90' lang='lat' dir='ltr'>Ille</span> <span class='ocrx_word' id='word_1_26' title='bbox 379 427 511 484; x_wconf 88' lang='lat' dir='ltr'>dapes</span> <span class='ocrx_word' id='word_1_27' title='bbox 542 427 687 471; x_wconf 86' lang='lat' dir='ltr'>laudet</span> <span class='ocrx_word' id='word_1_28' title='bbox 717 443 891 472; x_wconf 78' lang='lat' dir='ltr'>mensae</span> <span class='ocrx_word' id='word_1_29' title='bbox 921 430 1079 484; x_wconf 80' lang='lat' dir='ltr'>brevis,</span> <span class='ocrx_word' id='word_1_30' title='bbox 1111 431 1184 474; x_wconf 93' lang='lat' dir='ltr'>ille</span> <span class='ocrx_word' id='word_1_31' title='bbox 1217 431 1433 475; x_wconf 80' lang='lat' dir='ltr'>salubrem</span> 
     </span>
     <span class='ocr_line' id='line_1_8' title="bbox 269 498 1294 558; baseline 0.004 -18"><span class='ocrx_word' id='word_1_32' title='bbox 269 498 483 541; x_wconf 79' lang='lat' dir='ltr'>Iustitiam</span> <span class='ocrx_word' id='word_1_33' title='bbox 513 499 717 556; x_wconf 89' lang='lat' dir='ltr'>legesque</span> <span class='ocrx_word' id='word_1_34' title='bbox 751 504 793 542; x_wconf 89' lang='lat' dir='ltr'>et</span> <span class='ocrx_word' id='word_1_35' title='bbox 824 501 983 557; x_wconf 89' lang='lat' dir='ltr'>apertis</span> <span class='ocrx_word' id='word_1_36' title='bbox 1016 502 1104 544; x_wconf 89' lang='lat' dir='ltr'>otia</span> <span class='ocrx_word' id='word_1_37' title='bbox 1133 503 1294 558; x_wconf 65' lang='lat' dir='ltr'>portisg</span> 
     </span>
    </p>
   </div>
   <div class='ocr_carea' id='block_1_6' title="bbox 269 569 1417 630">
    <p class='ocr_par' dir='ltr' id='par_1_6' title="bbox 269 569 1417 630">
     <span class='ocr_line' id='line_1_9' title="bbox 269 569 1417 630; baseline 0.004 -19"><span class='ocrx_word' id='word_1_38' title='bbox 269 569 348 612; x_wconf 92' lang='lat' dir='ltr'>Ille</span> <span class='ocrx_word' id='word_1_39' title='bbox 377 574 497 626; x_wconf 87' lang='lat' dir='ltr'>tegat</span> <span class='ocrx_word' id='word_1_40' title='bbox 529 571 756 614; x_wconf 86' lang='lat' dir='ltr'>commissa</span> <span class='ocrx_word' id='word_1_41' title='bbox 786 571 974 628; x_wconf 91' lang='lat' dir='ltr'>deosque</span> <span class='ocrx_word' id='word_1_42' title='bbox 1005 576 1203 630; x_wconf 84' lang='lat' dir='ltr'>precetur</span> <span class='ocrx_word' id='word_1_43' title='bbox 1234 577 1276 616; x_wconf 89' lang='lat' dir='ltr'>et</span> <span class='ocrx_word' id='word_1_44' title='bbox 1307 577 1417 627; x_wconf 89' lang='lat' dir='ltr'>oret,</span> 
     </span>
    </p>
   </div>
   <div class='ocr_carea' id='block_1_7' title="bbox 1584 575 1671 617">
    <p class='ocr_par' dir='ltr' id='par_1_7' title="bbox 1584 575 1671 617">
     <span class='ocr_line' id='line_1_10' title="bbox 1584 575 1671 617; baseline 0.023 -2"><span class='ocrx_word' id='word_1_45' title='bbox 1584 575 1671 617; x_wconf 86' lang='lat'>200</span> 
     </span>
    </p>
   </div>
   <div class='ocr_carea' id='block_1_8' title="bbox 198 701 1627 844">
    <p class='ocr_par' dir='ltr' id='par_1_8' title="bbox 198 701 1627 844">
     <span class='ocr_line' id='line_1_11' title="bbox 250 701 1625 749; baseline 0.004 -16"><span class='ocrx_word' id='word_1_46' title='bbox 250 701 326 734; x_wconf 81' lang='lat'>197.</span> <span class='ocrx_word' id='word_1_47' title='bbox 356 709 496 742; x_wconf 83' lang='lat' dir='ltr'>pacare</span> <span class='ocrx_word' id='word_1_48' title='bbox 529 704 704 735; x_wconf 73' lang='lat' dir='ltr'>tumentes</span> <span class='ocrx_word' id='word_1_49' title='bbox 738 713 783 736; x_wconf 88' lang='lat' dir='ltr'>ex</span> <span class='ocrx_word' id='word_1_50' title='bbox 813 713 889 737; x_wconf 92' lang='lat' dir='ltr'>uno</span> <span class='ocrx_word' id='word_1_51' title='bbox 917 702 1054 737; x_wconf 85' lang='lat' dir='ltr'>Codice</span> <span class='ocrx_word' id='word_1_52' title='bbox 1080 703 1243 738; x_wconf 87' lang='lat' dir='ltr'>Victoris</span> <span class='ocrx_word' id='word_1_53' title='bbox 1270 702 1426 739; x_wconf 84' lang='lat' dir='ltr'>Oiselim‘</span> <span class='ocrx_word' id='word_1_54' title='bbox 1452 715 1511 749; x_wconf 88' lang='lat' dir='ltr'>ap.</span> <span class='ocrx_word' id='word_1_55' title='bbox 1536 704 1625 738; x_wconf 91' lang='lat' dir='ltr'>Pul-</span> 
     </span>
     <span class='ocr_line' id='line_1_12' title="bbox 198 748 1626 792; baseline 0.004 -11"><span class='ocrx_word' id='word_1_56' title='bbox 198 758 378 782; x_wconf 85' lang='lat' dir='ltr'>mannum</span> <span class='ocrx_word' id='word_1_57' title='bbox 403 748 612 792; x_wconf 84' lang='lat' dir='ltr'>Bentleius,</span> <span class='ocrx_word' id='word_1_58' title='bbox 637 748 691 782; x_wconf 82' lang='lat' dir='ltr'>M:</span> <span class='ocrx_word' id='word_1_59' title='bbox 714 758 868 791; x_wconf 80' lang='lat' dir='ltr'>peecare</span> <span class='ocrx_word' id='word_1_60' title='bbox 893 751 1057 784; x_wconf 78' lang='lat' dir='ltr'>timentes</span> <span class='ocrx_word' id='word_1_61' title='bbox 1081 750 1197 785; x_wconf 84' lang='lat' dir='ltr'>Codd.</span> <span class='ocrx_word' id='word_1_62' title='bbox 1222 751 1298 786; x_wconf 90' lang='lat' dir='ltr'>mei</span> <span class='ocrx_word' id='word_1_63' title='bbox 1322 753 1360 786; x_wconf 90' lang='lat' dir='ltr'>et</span> <span class='ocrx_word' id='word_1_64' title='bbox 1384 762 1514 786; x_wconf 87' lang='lat' dir='ltr'>omnes</span> <span class='ocrx_word' id='word_1_65' title='bbox 1538 751 1626 786; x_wconf 86' lang='lat' dir='ltr'>Pot-</span> 
     </span>
     <span class='ocr_line' id='line_1_13' title="bbox 198 795 1627 844; baseline 0.004 -16"><span class='ocrx_word' id='word_1_66' title='bbox 198 795 300 829; x_wconf 89' lang='lat' dir='ltr'>tierii</span> <span class='ocrx_word' id='word_1_67' title='bbox 334 797 447 840; x_wconf 87' lang='lat' dir='ltr'>atque</span> <span class='ocrx_word' id='word_1_68' title='bbox 472 795 706 839; x_wconf 89' lang='lat' dir='ltr'>Hochederi,</span> <span class='ocrx_word' id='word_1_69' title='bbox 740 796 892 840; x_wconf 83' lang='lat' dir='ltr'>LOtFJ3</span> <span class='ocrx_word' id='word_1_70' title='bbox 930 797 1106 843; x_wconf 87' lang='lat' dir='ltr'>idemque</span> <span class='ocrx_word' id='word_1_71' title='bbox 1141 799 1254 833; x_wconf 85' lang='lat' dir='ltr'>tacite</span> <span class='ocrx_word' id='word_1_72' title='bbox 1286 809 1420 834; x_wconf 85' lang='lat' dir='ltr'>rursus</span> <span class='ocrx_word' id='word_1_73' title='bbox 1446 799 1627 844; x_wconf 87' lang='lat' dir='ltr'>praetulit</span> 
     </span>
    </p>
   </div>
   <div class='ocr_carea' id='block_1_9' title="bbox 197 842 477 889">
    <p class='ocr_par' dir='ltr' id='par_1_9' title="bbox 197 842 477 889">
     <span class='ocr_line' id='line_1_14' title="bbox 197 842 477 889; baseline 0.015 -15"><span class='ocrx_word' id='word_1_74' title='bbox 197 842 477 889; x_wconf 84' lang='lat' dir='ltr'>Dillenburger.</span> 
     </span>
    </p>
   </div>
   <div class='ocr_carea' id='block_1_10' title="bbox 147 931 889 1885">
    <p class='ocr_par' dir='ltr' id='par_1_10' title="bbox 147 931 889 1885">
     <span class='ocr_line' id='line_1_15' title="bbox 148 931 886 984; baseline 0.003 -14"><span class='ocrx_word' id='word_1_75' title='bbox 148 931 338 984; x_wconf 76' lang='grc' dir='ltr'><strong><em>ἄρξαντος</em></strong></span> <span class='ocrx_word' id='word_1_76' title='bbox 358 934 572 982; x_wconf 79' lang='grc' dir='ltr'>Ἀγάθωνος</span> <span class='ocrx_word' id='word_1_77' title='bbox 604 938 672 972; x_wconf 82' lang='grc' dir='ltr'>τοῦ</span> <span class='ocrx_word' id='word_1_78' title='bbox 698 935 886 972; x_wconf 75' lang='grc' dir='ltr'><em>τοιούτου·</em></span> 
     </span>
     <span class='ocr_line' id='line_1_16' title="bbox 148 981 888 1041; baseline 0.004 -24"><span class='ocrx_word' id='word_1_79' title='bbox 148 986 278 1018; x_wconf 77' lang='grc' dir='ltr'><em>καίτοι</em></span> <span class='ocrx_word' id='word_1_80' title='bbox 327 996 362 1018; x_wconf 83' lang='grc' dir='ltr'>τι</span> <span class='ocrx_word' id='word_1_81' title='bbox 410 985 592 1040; x_wconf 79' lang='grc' dir='ltr'><em>διαφέρει</em></span> <span class='ocrx_word' id='word_1_82' title='bbox 624 981 651 1029; x_wconf 81' lang='grc' dir='ltr'><em>ἢ</em></span> <span class='ocrx_word' id='word_1_83' title='bbox 693 983 888 1041; x_wconf 67' lang='grc' dir='ltr'>ἐμβόλιμοι</span> 
     </span>
     <span class='ocr_line' id='line_1_17' title="bbox 148 1027 887 1090; baseline 0.001 -25"><span class='ocrx_word' id='word_1_84' title='bbox 148 1027 254 1076; x_wconf 79' lang='grc' dir='ltr'><strong><em>ᾄδειν</em></strong></span> <span class='ocrx_word' id='word_1_85' title='bbox 287 1028 314 1076; x_wconf 78' lang='grc' dir='ltr'><em>ἢ</em></span> <span class='ocrx_word' id='word_1_86' title='bbox 347 1030 461 1090; x_wconf 78' lang='grc' dir='ltr'>ῥῆσιν</span> <span class='ocrx_word' id='word_1_87' title='bbox 493 1032 535 1076; x_wconf 75' lang='grc' dir='ltr'>ἐξ</span> <span class='ocrx_word' id='word_1_88' title='bbox 566 1029 683 1066; x_wconf 73' lang='grc' dir='ltr'><em>ἄλλοι)</em></span> <span class='ocrx_word' id='word_1_89' title='bbox 716 1035 769 1076; x_wconf 83' lang='grc' dir='ltr'>εἰς</span> <span class='ocrx_word' id='word_1_90' title='bbox 793 1029 887 1067; x_wconf 75' lang='grc' dir='ltr'><em>ἄλλο</em></span> 
     </span>
     <span class='ocr_line' id='line_1_18' title="bbox 148 1076 887 1126; baseline 0.004 -14"><span class='ocrx_word' id='word_1_91' title='bbox 148 1076 397 1126; x_wconf 51' lang='lat' dir='ltr'>cipporum*</span> <span class='ocrx_word' id='word_1_92' title='bbox 371 1093 396 1124; x_wconf 82' lang='grc' dir='ltr'><em>η</em></span> <span class='ocrx_word' id='word_1_93' title='bbox 421 1076 637 1114; x_wconf 79' lang='grc' dir='ltr'><strong><em>ἐπεισόδιον</em></strong></span> <span class='ocrx_word' id='word_1_94' title='bbox 654 1076 766 1122; x_wconf 76' lang='grc' dir='ltr'><em>ὅλονς</em></span> <span class='ocrx_word' id='word_1_95' title='bbox 793 1081 887 1115; x_wconf 85' lang='lat' dir='ltr'>Cum</span> 
     </span>
     <span class='ocr_line' id='line_1_19' title="bbox 147 1127 887 1173; baseline 0.004 -13"><span class='ocrx_word' id='word_1_96' title='bbox 147 1127 251 1172; x_wconf 85' lang='lat' dir='ltr'>apud</span> <span class='ocrx_word' id='word_1_97' title='bbox 273 1127 494 1173; x_wconf 86' lang='lat' dir='ltr'>Euripidem</span> <span class='ocrx_word' id='word_1_98' title='bbox 521 1129 658 1163; x_wconf 91' lang='lat' dir='ltr'>chorus</span> <span class='ocrx_word' id='word_1_99' title='bbox 693 1129 775 1163; x_wconf 83' lang='lat' dir='ltr'>laxo</span> <span class='ocrx_word' id='word_1_100' title='bbox 802 1139 887 1163; x_wconf 89' lang='lat' dir='ltr'>cum</span> 
     </span>
     <span class='ocr_line' id='line_1_20' title="bbox 148 1175 887 1220; baseline 0.003 -11"><span class='ocrx_word' id='word_1_101' title='bbox 148 1175 231 1219; x_wconf 84' lang='lat' dir='ltr'>ipsa</span> <span class='ocrx_word' id='word_1_102' title='bbox 272 1175 419 1209; x_wconf 85' lang='lat' dir='ltr'>actione</span> <span class='ocrx_word' id='word_1_103' title='bbox 460 1176 624 1220; x_wconf 23' lang='lat' dir='ltr'>vinculo,</span> <span class='ocrx_word' id='word_1_104' title='bbox 660 1176 887 1211; x_wconf 87' lang='lat' dir='ltr'>coniunctus</span> 
     </span>
     <span class='ocr_line' id='line_1_21' title="bbox 148 1223 887 1268; baseline 0.003 -12"><span class='ocrx_word' id='word_1_105' title='bbox 148 1224 268 1264; x_wconf 85' lang='lat' dir='ltr'>esset,</span> <span class='ocrx_word' id='word_1_106' title='bbox 326 1223 604 1267; x_wconf 85' lang='lat' dir='ltr'>posterioribus</span> <span class='ocrx_word' id='word_1_107' title='bbox 653 1224 887 1268; x_wconf 79' lang='lat' dir='ltr'>temporibus</span> 
     </span>
     <span class='ocr_line' id='line_1_22' title="bbox 148 1269 888 1316; baseline 0.003 -13"><span class='ocrx_word' id='word_1_108' title='bbox 148 1269 312 1304; x_wconf 86' lang='lat' dir='ltr'>invaluit</span> <span class='ocrx_word' id='word_1_109' title='bbox 336 1281 436 1313; x_wconf 90' lang='lat' dir='ltr'>mos,</span> <span class='ocrx_word' id='word_1_110' title='bbox 474 1271 662 1306; x_wconf 88' lang='lat' dir='ltr'>absurdus</span> <span class='ocrx_word' id='word_1_111' title='bbox 700 1271 766 1305; x_wconf 91' lang='lat' dir='ltr'>ille</span> <span class='ocrx_word' id='word_1_112' title='bbox 805 1272 888 1316; x_wconf 90' lang='lat' dir='ltr'>qui-</span> 
     </span>
     <span class='ocr_line' id='line_1_23' title="bbox 148 1316 888 1363; baseline 0.003 -12"><span class='ocrx_word' id='word_1_113' title='bbox 148 1316 251 1360; x_wconf 90' lang='lat' dir='ltr'>dem,</span> <span class='ocrx_word' id='word_1_114' title='bbox 288 1317 355 1352; x_wconf 87' lang='lat' dir='ltr'>sed</span> <span class='ocrx_word' id='word_1_115' title='bbox 380 1318 428 1352; x_wconf 89' lang='lat' dir='ltr'>ad</span> <span class='ocrx_word' id='word_1_116' title='bbox 453 1318 678 1353; x_wconf 86' lang='lat' dir='ltr'>minuendas</span> <span class='ocrx_word' id='word_1_117' title='bbox 705 1329 888 1363; x_wconf 86' lang='lat' dir='ltr'>expensas</span> 
     </span>
     <span class='ocr_line' id='line_1_24' title="bbox 147 1366 888 1408; baseline 0.003 -10"><span class='ocrx_word' id='word_1_118' title='bbox 147 1366 400 1408; x_wconf 87' lang='lat' dir='ltr'>necessarius,</span> <span class='ocrx_word' id='word_1_119' title='bbox 426 1368 469 1399; x_wconf 87' lang='lat' dir='ltr'>ut</span> <span class='ocrx_word' id='word_1_120' title='bbox 494 1367 533 1400; x_wconf 89' lang='lat' dir='ltr'>in</span> <span class='ocrx_word' id='word_1_121' title='bbox 552 1377 666 1401; x_wconf 88' lang='lat' dir='ltr'>scena</span> <span class='ocrx_word' id='word_1_122' title='bbox 682 1366 888 1401; x_wconf 88' lang='lat' dir='ltr'>recitaren-</span> 
     </span>
     <span class='ocr_line' id='line_1_25' title="bbox 147 1411 888 1457; baseline 0.001 -11"><span class='ocrx_word' id='word_1_123' title='bbox 147 1414 210 1446; x_wconf 88' lang='lat' dir='ltr'>tur</span> <span class='ocrx_word' id='word_1_124' title='bbox 233 1414 380 1446; x_wconf 87' lang='lat' dir='ltr'>tantum</span> <span class='ocrx_word' id='word_1_125' title='bbox 405 1411 451 1446; x_wconf 78' lang='grc' dir='ltr'>τὰ</span> <span class='ocrx_word' id='word_1_126' title='bbox 476 1413 643 1457; x_wconf 74' lang='grc' dir='ltr'>ὄαμβεῑα,</span> <span class='ocrx_word' id='word_1_127' title='bbox 670 1413 888 1448; x_wconf 87' lang='lat' dir='ltr'>omitteren-</span> 
     </span>
     <span class='ocr_line' id='line_1_26' title="bbox 147 1457 888 1506; baseline 0.003 -13"><span class='ocrx_word' id='word_1_128' title='bbox 147 1461 210 1494; x_wconf 87' lang='lat' dir='ltr'>tur</span> <span class='ocrx_word' id='word_1_129' title='bbox 237 1457 283 1493; x_wconf 82' lang='grc' dir='ltr'>τὰ</span> <span class='ocrx_word' id='word_1_130' title='bbox 307 1459 417 1504; x_wconf 79' lang='grc' dir='ltr'>μέλη,</span> <span class='ocrx_word' id='word_1_131' title='bbox 442 1463 486 1495; x_wconf 91' lang='lat' dir='ltr'>ut</span> <span class='ocrx_word' id='word_1_132' title='bbox 501 1463 663 1496; x_wconf 85' lang='lat' dir='ltr'>testatur</span> <span class='ocrx_word' id='word_1_133' title='bbox 680 1461 752 1495; x_wconf 92' lang='lat' dir='ltr'>Dio</span> <span class='ocrx_word' id='word_1_134' title='bbox 772 1461 888 1506; x_wconf 83' lang='lat' dir='ltr'>Chry-</span> 
     </span>
     <span class='ocr_line' id='line_1_27' title="bbox 149 1507 888 1554; baseline 0.001 -12"><span class='ocrx_word' id='word_1_135' title='bbox 149 1509 237 1542; x_wconf 87' lang='lat' dir='ltr'>sost.</span> <span class='ocrx_word' id='word_1_136' title='bbox 264 1507 328 1542; x_wconf 90' lang='lat' dir='ltr'>Or.</span> <span class='ocrx_word' id='word_1_137' title='bbox 357 1510 412 1542; x_wconf 89' lang='lat'>19.</span> <span class='ocrx_word' id='word_1_138' title='bbox 438 1520 474 1554; x_wconf 89' lang='lat' dir='ltr'>p.</span> <span class='ocrx_word' id='word_1_139' title='bbox 499 1510 581 1543; x_wconf 85' lang='lat'>487.</span> <span class='ocrx_word' id='word_1_140' title='bbox 605 1508 651 1545; x_wconf 84' lang='lat' dir='ltr'>R.</span> <span class='ocrx_word' id='word_1_141' title='bbox 678 1528 722 1533; x_wconf 85' lang='lat'>——</span> <span class='ocrx_word' id='word_1_142' title='bbox 752 1517 888 1551; x_wconf 78' lang='lat' dir='ltr'>propo-</span> 
     </span>
     <span class='ocr_line' id='line_1_28' title="bbox 147 1556 889 1601; baseline 0.003 -13"><span class='ocrx_word' id='word_1_143' title='bbox 147 1556 216 1588; x_wconf 75' lang='lat' dir='ltr'>sito</span> <span class='ocrx_word' id='word_1_144' title='bbox 263 1557 468 1599; x_wconf 80' lang='lat' dir='ltr'>conducat]</span> <span class='ocrx_word' id='word_1_145' title='bbox 512 1556 649 1599; x_wconf 84' lang='lat' dir='ltr'>„iuvet</span> <span class='ocrx_word' id='word_1_146' title='bbox 690 1558 727 1590; x_wconf 91' lang='lat' dir='ltr'>et</span> <span class='ocrx_word' id='word_1_147' title='bbox 767 1556 889 1601; x_wconf 83' lang='lat' dir='ltr'>prosit</span> 
     </span>
     <span class='ocr_line' id='line_1_29' title="bbox 147 1603 889 1649; baseline 0.004 -14"><span class='ocrx_word' id='word_1_148' title='bbox 147 1603 312 1646; x_wconf 87' lang='lat' dir='ltr'>primum</span> <span class='ocrx_word' id='word_1_149' title='bbox 337 1603 385 1637; x_wconf 85' lang='lat' dir='ltr'>ad</span> <span class='ocrx_word' id='word_1_150' title='bbox 409 1603 716 1649; x_wconf 79' lang='lat' dir='ltr'>implicationem,</span> <span class='ocrx_word' id='word_1_151' title='bbox 740 1606 889 1648; x_wconf 85' lang='lat' dir='ltr'>postre-</span> 
     </span>
     <span class='ocr_line' id='line_1_30' title="bbox 147 1650 888 1694; baseline 0.003 -11"><span class='ocrx_word' id='word_1_152' title='bbox 147 1660 207 1683; x_wconf 91' lang='lat' dir='ltr'>mo</span> <span class='ocrx_word' id='word_1_153' title='bbox 227 1650 273 1684; x_wconf 85' lang='lat' dir='ltr'>ad</span> <span class='ocrx_word' id='word_1_154' title='bbox 299 1651 528 1686; x_wconf 86' lang='lat' dir='ltr'>solutionem</span> <span class='ocrx_word' id='word_1_155' title='bbox 553 1650 717 1694; x_wconf 79' lang='lat' dir='ltr'>fabulae,</span> <span class='ocrx_word' id='word_1_156' title='bbox 742 1653 785 1685; x_wconf 91' lang='lat' dir='ltr'>ut</span> <span class='ocrx_word' id='word_1_157' title='bbox 803 1662 888 1685; x_wconf 89' lang='lat' dir='ltr'>cum</span> 
     </span>
     <span class='ocr_line' id='line_1_31' title="bbox 149 1697 887 1744; baseline 0.001 -13"><span class='ocrx_word' id='word_1_158' title='bbox 149 1697 287 1732; x_wconf 87' lang='lat' dir='ltr'>chorus</span> <span class='ocrx_word' id='word_1_159' title='bbox 335 1699 527 1744; x_wconf 77' lang='lat' dir='ltr'>praesagit</span> <span class='ocrx_word' id='word_1_160' title='bbox 567 1699 707 1733; x_wconf 90' lang='lat' dir='ltr'>sensim</span> <span class='ocrx_word' id='word_1_161' title='bbox 749 1710 887 1743; x_wconf 87' lang='lat' dir='ltr'>appro-</span> 
     </span>
     <span class='ocr_line' id='line_1_32' title="bbox 147 1744 886 1789; baseline 0.003 -12"><span class='ocrx_word' id='word_1_162' title='bbox 147 1744 398 1789; x_wconf 88' lang='lat' dir='ltr'>pinquantem</span> <span class='ocrx_word' id='word_1_163' title='bbox 438 1746 644 1781; x_wconf 86' lang='lat' dir='ltr'>vindictam</span> <span class='ocrx_word' id='word_1_164' title='bbox 689 1746 886 1780; x_wconf 85' lang='lat' dir='ltr'>divinam.“</span> 
     </span>
     <span class='ocr_line' id='line_1_33' title="bbox 150 1793 887 1836; baseline 0.004 -12"><span class='ocrx_word' id='word_1_165' title='bbox 150 1810 193 1814; x_wconf 89' lang='lat'><strong>—</strong></span> <span class='ocrx_word' id='word_1_166' title='bbox 220 1794 370 1826; x_wconf 76' lang='lat' dir='ltr'>haereat</span> <span class='ocrx_word' id='word_1_167' title='bbox 394 1793 491 1836; x_wconf 83' lang='lat' dir='ltr'>apte]</span> <span class='ocrx_word' id='word_1_168' title='bbox 520 1793 728 1835; x_wconf 83' lang='lat' dir='ltr'>„artissime</span> <span class='ocrx_word' id='word_1_169' title='bbox 755 1794 887 1827; x_wconf 89' lang='lat' dir='ltr'>cohae-</span> 
     </span>
     <span class='ocr_line' id='line_1_34' title="bbox 148 1840 635 1885; baseline 0.004 -13"><span class='ocrx_word' id='word_1_170' title='bbox 148 1842 230 1872; x_wconf 86' lang='lat' dir='ltr'>reat</span> <span class='ocrx_word' id='word_1_171' title='bbox 255 1851 340 1874; x_wconf 91' lang='lat' dir='ltr'>cum</span> <span class='ocrx_word' id='word_1_172' title='bbox 365 1841 491 1885; x_wconf 80' lang='lat' dir='ltr'>mytho</span> <span class='ocrx_word' id='word_1_173' title='bbox 517 1840 635 1884; x_wconf 90' lang='lat' dir='ltr'>ipso.“</span> 
     </span>
    </p>
   </div>
   <div class='ocr_carea' id='block_1_11' title="bbox 146 1934 889 2741">
    <p class='ocr_par' dir='ltr' id='par_1_11' title="bbox 146 1934 889 2741">
     <span class='ocr_line' id='line_1_35' title="bbox 198 1934 888 1978; baseline 0.001 -11"><span class='ocrx_word' id='word_1_174' title='bbox 198 1935 276 1968; x_wconf 85' lang='lat'>196.</span> <span class='ocrx_word' id='word_1_175' title='bbox 304 1935 384 1968; x_wconf 84' lang='grc'><strong>197.</strong></span> <span class='ocrx_word' id='word_1_176' title='bbox 419 1936 518 1968; x_wconf 82' lang='lat' dir='ltr'>bonis</span> <span class='ocrx_word' id='word_1_177' title='bbox 543 1934 683 1977; x_wconf 79' lang='lat' dir='ltr'>faveat]</span> <span class='ocrx_word' id='word_1_178' title='bbox 719 1944 888 1978; x_wconf 87' lang='lat' dir='ltr'>„semper</span> 
     </span>
     <span class='ocr_line' id='line_1_36' title="bbox 147 1982 887 2027; baseline 0.001 -13"><span class='ocrx_word' id='word_1_179' title='bbox 147 1990 235 2015; x_wconf 90' lang='lat' dir='ltr'>cum</span> <span class='ocrx_word' id='word_1_180' title='bbox 260 1982 436 2026; x_wconf 89' lang='lat' dir='ltr'>personis</span> <span class='ocrx_word' id='word_1_181' title='bbox 461 1982 591 2027; x_wconf 84' lang='lat' dir='ltr'>probis</span> <span class='ocrx_word' id='word_1_182' title='bbox 622 1984 736 2026; x_wconf 88' lang='lat' dir='ltr'>atque</span> <span class='ocrx_word' id='word_1_183' title='bbox 769 1982 887 2015; x_wconf 88' lang='lat' dir='ltr'>hone-</span> 
     </span>
     <span class='ocr_line' id='line_1_37' title="bbox 149 2028 887 2072; baseline 0 -10"><span class='ocrx_word' id='word_1_184' title='bbox 149 2029 218 2063; x_wconf 87' lang='lat' dir='ltr'>stis</span> <span class='ocrx_word' id='word_1_185' title='bbox 251 2029 412 2072; x_wconf 81' lang='lat' dir='ltr'>faciat;“</span> <span class='ocrx_word' id='word_1_186' title='bbox 451 2030 521 2063; x_wconf 90' lang='lat' dir='ltr'>etsi</span> <span class='ocrx_word' id='word_1_187' title='bbox 553 2029 744 2064; x_wconf 87' lang='lat' dir='ltr'>interdum</span> <span class='ocrx_word' id='word_1_188' title='bbox 769 2028 887 2063; x_wconf 79' lang='lat' dir='ltr'>veluti</span> 
     </span>
     <span class='ocr_line' id='line_1_38' title="bbox 148 2077 888 2121; baseline -0.001 -11"><span class='ocrx_word' id='word_1_189' title='bbox 148 2079 303 2111; x_wconf 86' lang='lat' dir='ltr'>coactus</span> <span class='ocrx_word' id='word_1_190' title='bbox 330 2079 442 2121; x_wconf 90' lang='lat' dir='ltr'>atque</span> <span class='ocrx_word' id='word_1_191' title='bbox 469 2077 607 2111; x_wconf 87' lang='lat' dir='ltr'>cedens</span> <span class='ocrx_word' id='word_1_192' title='bbox 640 2079 888 2121; x_wconf 83' lang='lat' dir='ltr'>tyrannorum</span> 
     </span>
     <span class='ocr_line' id='line_1_39' title="bbox 148 2123 887 2168; baseline -0.001 -11"><span class='ocrx_word' id='word_1_193' title='bbox 148 2124 405 2168; x_wconf 84' lang='lat' dir='ltr'>impotentiae,</span> <span class='ocrx_word' id='word_1_194' title='bbox 443 2135 572 2159; x_wconf 92' lang='lat' dir='ltr'>eorum</span> <span class='ocrx_word' id='word_1_195' title='bbox 606 2124 719 2158; x_wconf 88' lang='lat' dir='ltr'>minis</span> <span class='ocrx_word' id='word_1_196' title='bbox 753 2123 887 2158; x_wconf 85' lang='lat' dir='ltr'>atroci-</span> 
     </span>
     <span class='ocr_line' id='line_1_40' title="bbox 149 2170 887 2216; baseline 0 -12"><span class='ocrx_word' id='word_1_197' title='bbox 149 2171 297 2216; x_wconf 91' lang='lat' dir='ltr'>busque</span> <span class='ocrx_word' id='word_1_198' title='bbox 322 2171 437 2206; x_wconf 88' lang='lat' dir='ltr'>iussis</span> <span class='ocrx_word' id='word_1_199' title='bbox 464 2183 503 2206; x_wconf 88' lang='lat' dir='ltr'>se</span> <span class='ocrx_word' id='word_1_200' title='bbox 526 2172 691 2214; x_wconf 83' lang='lat' dir='ltr'>subiicit,</span> <span class='ocrx_word' id='word_1_201' title='bbox 716 2173 758 2205; x_wconf 90' lang='lat' dir='ltr'>ut</span> <span class='ocrx_word' id='word_1_202' title='bbox 782 2170 823 2204; x_wconf 89' lang='lat' dir='ltr'>fit</span> <span class='ocrx_word' id='word_1_203' title='bbox 846 2171 887 2204; x_wconf 92' lang='lat' dir='ltr'>in</span> 
     </span>
     <span class='ocr_line' id='line_1_41' title="bbox 148 2218 887 2264; baseline 0 -13"><span class='ocrx_word' id='word_1_204' title='bbox 148 2218 350 2264; x_wconf 83' lang='lat' dir='ltr'>Antigona.</span> <span class='ocrx_word' id='word_1_205' title='bbox 378 2238 421 2243; x_wconf 82' lang='lat'>—</span> <span class='ocrx_word' id='word_1_206' title='bbox 451 2221 482 2253; x_wconf 90' lang='lat' dir='ltr'>et</span> <span class='ocrx_word' id='word_1_207' title='bbox 508 2218 742 2261; x_wconf 75' lang='lat' dir='ltr'>consilietur]</span> <span class='ocrx_word' id='word_1_208' title='bbox 770 2229 887 2261; x_wconf 88' lang='lat' dir='ltr'>„con-</span> 
     </span>
     <span class='ocr_line' id='line_1_42' title="bbox 150 2266 886 2309; baseline -0.001 -9"><span class='ocrx_word' id='word_1_209' title='bbox 150 2266 277 2300; x_wconf 87' lang='lat' dir='ltr'>silium</span> <span class='ocrx_word' id='word_1_210' title='bbox 304 2266 400 2300; x_wconf 84' lang='lat' dir='ltr'>det.“</span> <span class='ocrx_word' id='word_1_211' title='bbox 443 2266 518 2300; x_wconf 83' lang='lat' dir='ltr'>cfr.</span> <span class='ocrx_word' id='word_1_212' title='bbox 545 2266 614 2300; x_wconf 86' lang='lat' dir='ltr'>od.</span> <span class='ocrx_word' id='word_1_213' title='bbox 641 2269 672 2308; x_wconf 88' lang='lat'>3,</span> <span class='ocrx_word' id='word_1_214' title='bbox 700 2269 733 2309; x_wconf 83' lang='lat'>3,</span> <span class='ocrx_word' id='word_1_215' title='bbox 761 2268 815 2299; x_wconf 81' lang='lat'>17.</span> <span class='ocrx_word' id='word_1_216' title='bbox 844 2285 886 2289; x_wconf 88' lang='lat'>-—</span> 
     </span>
     <span class='ocr_line' id='line_1_43' title="bbox 148 2312 888 2357; baseline 0.001 -12"><span class='ocrx_word' id='word_1_217' title='bbox 148 2316 253 2354; x_wconf 76' lang='lat' dir='ltr'>reqat</span> <span class='ocrx_word' id='word_1_218' title='bbox 279 2314 419 2356; x_wconf 74' lang='lat' dir='ltr'>iratos]</span> <span class='ocrx_word' id='word_1_219' title='bbox 458 2316 500 2347; x_wconf 87' lang='lat' dir='ltr'>ut</span> <span class='ocrx_word' id='word_1_220' title='bbox 536 2314 628 2348; x_wconf 83' lang='lat' dir='ltr'>facit</span> <span class='ocrx_word' id='word_1_221' title='bbox 664 2314 704 2347; x_wconf 90' lang='lat' dir='ltr'>in</span> <span class='ocrx_word' id='word_1_222' title='bbox 742 2312 888 2357; x_wconf 88' lang='lat' dir='ltr'>Oedipo</span> 
     </span>
     <span class='ocr_line' id='line_1_44' title="bbox 148 2361 887 2406; baseline -0.001 -12"><span class='ocrx_word' id='word_1_223' title='bbox 148 2371 258 2405; x_wconf 86' lang='lat' dir='ltr'>rege,</span> <span class='ocrx_word' id='word_1_224' title='bbox 296 2361 336 2394; x_wconf 89' lang='lat' dir='ltr'>in</span> <span class='ocrx_word' id='word_1_225' title='bbox 373 2361 564 2406; x_wconf 82' lang='lat' dir='ltr'>Antigona</span> <span class='ocrx_word' id='word_1_226' title='bbox 602 2364 672 2395; x_wconf 88' lang='lat' dir='ltr'>cet.</span> <span class='ocrx_word' id='word_1_227' title='bbox 710 2380 753 2384; x_wconf 97' lang='lat'><strong>—</strong></span> <span class='ocrx_word' id='word_1_228' title='bbox 793 2363 887 2394; x_wconf 90' lang='lat' dir='ltr'>amet</span> 
     </span>
     <span class='ocr_line' id='line_1_45' title="bbox 146 2408 889 2452; baseline 0.001 -12"><span class='ocrx_word' id='word_1_229' title='bbox 146 2416 286 2450; x_wconf 79' lang='lat' dir='ltr'>pacare</span> <span class='ocrx_word' id='word_1_230' title='bbox 312 2409 499 2452; x_wconf 79' lang='lat' dir='ltr'>tumentes]</span> <span class='ocrx_word' id='word_1_231' title='bbox 538 2408 611 2448; x_wconf 89' lang='lat' dir='ltr'>Qui</span> <span class='ocrx_word' id='word_1_232' title='bbox 637 2408 889 2442; x_wconf 84' lang='lat' dir='ltr'>defenderunt</span> 
     </span>
     <span class='ocr_line' id='line_1_46' title="bbox 147 2454 887 2500; baseline -0.001 -11"><span class='ocrx_word' id='word_1_233' title='bbox 147 2464 299 2497; x_wconf 83' lang='lat' dir='ltr'>peecare</span> <span class='ocrx_word' id='word_1_234' title='bbox 334 2457 517 2498; x_wconf 80' lang='lat' dir='ltr'>timentes,</span> <span class='ocrx_word' id='word_1_235' title='bbox 555 2458 810 2500; x_wconf 88' lang='lat' dir='ltr'>provocarunt</span> <span class='ocrx_word' id='word_1_236' title='bbox 841 2454 887 2489; x_wconf 81' lang='lat' dir='ltr'>ad</span> 
     </span>
     <span class='ocr_line' id='line_1_47' title="bbox 150 2503 888 2547; baseline -0.001 -11"><span class='ocrx_word' id='word_1_237' title='bbox 150 2503 244 2547; x_wconf 84' lang='lat' dir='ltr'>Epp.</span> <span class='ocrx_word' id='word_1_238' title='bbox 272 2504 311 2545; x_wconf 87' lang='lat'>1,</span> <span class='ocrx_word' id='word_1_239' title='bbox 341 2506 402 2545; x_wconf 87' lang='lat'>16,</span> <span class='ocrx_word' id='word_1_240' title='bbox 431 2504 498 2536; x_wconf 86' lang='lat'>52:</span> <span class='ocrx_word' id='word_1_241' title='bbox 539 2505 700 2537; x_wconf 83' lang='lat' dir='ltr'>Oderunt</span> <span class='ocrx_word' id='word_1_242' title='bbox 733 2511 888 2544; x_wconf 80' lang='lat' dir='ltr'>peccare</span> 
     </span>
     <span class='ocr_line' id='line_1_48' title="bbox 151 2549 888 2584; baseline 0 -1"><span class='ocrx_word' id='word_1_243' title='bbox 151 2552 235 2584; x_wconf 78' lang='lat' dir='ltr'>boni</span> <span class='ocrx_word' id='word_1_244' title='bbox 265 2551 412 2583; x_wconf 76' lang='lat' dir='ltr'>virtutis</span> <span class='ocrx_word' id='word_1_245' title='bbox 449 2559 584 2583; x_wconf 80' lang='lat' dir='ltr'>amore.</span> <span class='ocrx_word' id='word_1_246' title='bbox 631 2549 804 2584; x_wconf 81' lang='lat' dir='ltr'>Nostram</span> <span class='ocrx_word' id='word_1_247' title='bbox 841 2549 888 2583; x_wconf 86' lang='lat' dir='ltr'>ad</span> 
     </span>
     <span class='ocr_line' id='line_1_49' title="bbox 148 2598 888 2642; baseline 0 -11"><span class='ocrx_word' id='word_1_248' title='bbox 148 2598 352 2632; x_wconf 79' lang='lat' dir='ltr'>lectionem</span> <span class='ocrx_word' id='word_1_249' title='bbox 376 2608 398 2631; x_wconf 89' lang='lat' dir='ltr'>a</span> <span class='ocrx_word' id='word_1_250' title='bbox 424 2608 565 2632; x_wconf 88' lang='lat' dir='ltr'>summo</span> <span class='ocrx_word' id='word_1_251' title='bbox 584 2598 756 2632; x_wconf 87' lang='lat' dir='ltr'>Bentleio</span> <span class='ocrx_word' id='word_1_252' title='bbox 784 2608 888 2642; x_wconf 88' lang='lat' dir='ltr'>egre-</span> 
     </span>
     <span class='ocr_line' id='line_1_50' title="bbox 151 2644 886 2690; baseline -0.003 -11"><span class='ocrx_word' id='word_1_253' title='bbox 151 2645 211 2690; x_wconf 80' lang='lat' dir='ltr'>gi&#39;e</span> <span class='ocrx_word' id='word_1_254' title='bbox 243 2645 436 2680; x_wconf 85' lang='lat' dir='ltr'>defensam</span> <span class='ocrx_word' id='word_1_255' title='bbox 461 2645 528 2679; x_wconf 87' lang='lat' dir='ltr'>cfr.</span> <span class='ocrx_word' id='word_1_256' title='bbox 556 2644 630 2679; x_wconf 82' lang='lat' dir='ltr'>Sat.</span> <span class='ocrx_word' id='word_1_257' title='bbox 658 2647 697 2687; x_wconf 88' lang='lat'>2,</span> <span class='ocrx_word' id='word_1_258' title='bbox 725 2646 764 2687; x_wconf 87' lang='lat'>3,</span> <span class='ocrx_word' id='word_1_259' title='bbox 792 2646 886 2678; x_wconf 85' lang='lat'>213:</span> 
     </span>
     <span class='ocr_line' id='line_1_51' title="bbox 151 2693 888 2741; baseline -0.001 -15"><span class='ocrx_word' id='word_1_260' title='bbox 151 2694 294 2726; x_wconf 81' lang='lat' dir='ltr'>Purum</span> <span class='ocrx_word' id='word_1_261' title='bbox 319 2695 369 2726; x_wconf 76' lang='lat' dir='ltr'>est</span> <span class='ocrx_word' id='word_1_262' title='bbox 394 2694 484 2741; x_wconf 65' lang='lat' dir='ltr'>vitio</span> <span class='ocrx_word' id='word_1_263' title='bbox 509 2693 588 2736; x_wconf 76' lang='lat' dir='ltr'>tibi,</span> <span class='ocrx_word' id='word_1_264' title='bbox 628 2701 710 2726; x_wconf 85' lang='lat' dir='ltr'>eum</span> <span class='ocrx_word' id='word_1_265' title='bbox 735 2695 783 2725; x_wconf 85' lang='lat' dir='ltr'>tu</span> <span class='ocrx_word' id='word_1_266' title='bbox 798 2693 888 2725; x_wconf 82' lang='lat' dir='ltr'>mi-</span> 
     </span>
    </p>
   </div>
   <div class='ocr_carea' id='block_1_12' title="bbox 934 940 1675 1977">
    <p class='ocr_par' dir='ltr' id='par_1_12' title="bbox 934 940 1675 1786">
     <span class='ocr_line' id='line_1_52' title="bbox 936 940 1672 983; baseline 0.003 -10"><span class='ocrx_word' id='word_1_267' title='bbox 936 941 1047 974; x_wconf 75' lang='lat' dir='ltr'>dam</span> <span class='ocrx_word' id='word_1_268' title='bbox 1097 943 1169 983; x_wconf 80' lang='lat' dir='ltr'>est,</span> <span class='ocrx_word' id='word_1_269' title='bbox 1220 942 1312 974; x_wconf 80' lang='lat' dir='ltr'>eor?</span> <span class='ocrx_word' id='word_1_270' title='bbox 1369 940 1566 975; x_wconf 80' lang='lat' dir='ltr'>claudian.</span> <span class='ocrx_word' id='word_1_271' title='bbox 1607 940 1672 976; x_wconf 72' lang='lat' dir='ltr'>lv.</span> 
     </span>
     <span class='ocr_line' id='line_1_53' title="bbox 937 987 1671 1023; baseline 0.001 -2"><span class='ocrx_word' id='word_1_272' title='bbox 937 987 1050 1022; x_wconf 83' lang='lat' dir='ltr'>Cous.</span> <span class='ocrx_word' id='word_1_273' title='bbox 1091 987 1233 1022; x_wconf 86' lang='lat' dir='ltr'>Honor.</span> <span class='ocrx_word' id='word_1_274' title='bbox 1282 989 1362 1022; x_wconf 84' lang='lat'>225.</span> <span class='ocrx_word' id='word_1_275' title='bbox 1411 988 1457 1023; x_wconf 91' lang='lat' dir='ltr'>de</span> <span class='ocrx_word' id='word_1_276' title='bbox 1506 989 1671 1023; x_wconf 81' lang='lat' dir='ltr'>virtute:</span> 
     </span>
     <span class='ocr_line' id='line_1_54' title="bbox 936 1036 1673 1079; baseline 0.004 -12"><span class='ocrx_word' id='word_1_277' title='bbox 936 1036 1046 1068; x_wconf 87' lang='lat' dir='ltr'>Hanc</span> <span class='ocrx_word' id='word_1_278' title='bbox 1078 1037 1203 1069; x_wconf 83' lang='lat' dir='ltr'>tamen</span> <span class='ocrx_word' id='word_1_279' title='bbox 1233 1037 1334 1069; x_wconf 76' lang='lat' dir='ltr'>haud</span> <span class='ocrx_word' id='word_1_280' title='bbox 1363 1037 1570 1079; x_wconf 77' lang='lat' dir='ltr'>quisquam,</span> <span class='ocrx_word' id='word_1_281' title='bbox 1609 1037 1673 1077; x_wconf 73' lang='lat' dir='ltr'>qai</span> 
     </span>
     <span class='ocr_line' id='line_1_55' title="bbox 936 1084 1672 1123; baseline 0.003 -8"><span class='ocrx_word' id='word_1_282' title='bbox 936 1090 1010 1115; x_wconf 90' lang='lat' dir='ltr'>non</span> <span class='ocrx_word' id='word_1_283' title='bbox 1047 1084 1235 1123; x_wconf 59' lang='lat' dir='ltr'>ammoverit</span> <span class='ocrx_word' id='word_1_284' title='bbox 1271 1085 1356 1116; x_wconf 87' lang='lat' dir='ltr'>ante</span> <span class='ocrx_word' id='word_1_285' title='bbox 1390 1084 1510 1117; x_wconf 79' lang='lat' dir='ltr'>Semel</span> <span class='ocrx_word' id='word_1_286' title='bbox 1545 1085 1580 1117; x_wconf 82' lang='lat' dir='ltr'>et</span> <span class='ocrx_word' id='word_1_287' title='bbox 1616 1085 1672 1116; x_wconf 84' lang='lat' dir='ltr'>in-</span> 
     </span>
     <span class='ocr_line' id='line_1_56' title="bbox 937 1131 1670 1172; baseline 0.001 -10"><span class='ocrx_word' id='word_1_288' title='bbox 937 1132 1050 1162; x_wconf 77' lang='lat' dir='ltr'>certos</span> <span class='ocrx_word' id='word_1_289' title='bbox 1076 1131 1191 1163; x_wconf 83' lang='lat' dir='ltr'>animi</span> <span class='ocrx_word' id='word_1_290' title='bbox 1213 1131 1403 1172; x_wconf 75' lang='lat' dir='ltr'>pacaverit</span> <span class='ocrx_word' id='word_1_291' title='bbox 1429 1132 1568 1172; x_wconf 68' lang='lat' dir='ltr'>aestus,</span> <span class='ocrx_word' id='word_1_292' title='bbox 1607 1131 1670 1163; x_wconf 83' lang='lat' dir='ltr'>In-</span> 
     </span>
     <span class='ocr_line' id='line_1_57' title="bbox 935 1176 1671 1221; baseline 0 -11"><span class='ocrx_word' id='word_1_293' title='bbox 935 1178 1062 1210; x_wconf 82' lang='lat' dir='ltr'>veniet.</span> <span class='ocrx_word' id='word_1_294' title='bbox 1114 1176 1260 1211; x_wconf 85' lang='lat' dir='ltr'>Ohorus</span> <span class='ocrx_word' id='word_1_295' title='bbox 1290 1178 1385 1219; x_wconf 66' lang='lat' dir='ltr'>revit</span> <span class='ocrx_word' id='word_1_296' title='bbox 1412 1178 1570 1219; x_wconf 75' lang='lat' dir='ltr'>iratum,</span> <span class='ocrx_word' id='word_1_297' title='bbox 1603 1176 1671 1221; x_wconf 87' lang='lat' dir='ltr'>qui</span> 
     </span>
     <span class='ocr_line' id='line_1_58' title="bbox 936 1223 1672 1268; baseline 0.001 -11"><span class='ocrx_word' id='word_1_298' title='bbox 936 1223 1152 1258; x_wconf 83' lang='lat' dir='ltr'>adversario</span> <span class='ocrx_word' id='word_1_299' title='bbox 1170 1224 1325 1267; x_wconf 67' lang='lat' dir='ltr'>absente</span> <span class='ocrx_word' id='word_1_300' title='bbox 1343 1234 1494 1258; x_wconf 81' lang='lat' dir='ltr'>saevum</span> <span class='ocrx_word' id='word_1_301' title='bbox 1516 1223 1672 1268; x_wconf 81' lang='lat' dir='ltr'>aliquod</span> 
     </span>
     <span class='ocr_line' id='line_1_59' title="bbox 935 1270 1672 1314; baseline 0.001 -11"><span class='ocrx_word' id='word_1_302' title='bbox 935 1270 1086 1305; x_wconf 84' lang='lat' dir='ltr'>facinus</span> <span class='ocrx_word' id='word_1_303' title='bbox 1111 1271 1152 1304; x_wconf 87' lang='lat' dir='ltr'>in</span> <span class='ocrx_word' id='word_1_304' title='bbox 1178 1282 1265 1305; x_wconf 90' lang='lat' dir='ltr'>eum</span> <span class='ocrx_word' id='word_1_305' title='bbox 1290 1271 1454 1314; x_wconf 86' lang='lat' dir='ltr'>molitur,</span> <span class='ocrx_word' id='word_1_306' title='bbox 1477 1273 1588 1313; x_wconf 81' lang='lat' dir='ltr'>pacat</span> <span class='ocrx_word' id='word_1_307' title='bbox 1614 1273 1672 1304; x_wconf 77' lang='lat' dir='ltr'>tu-</span> 
     </span>
     <span class='ocr_line' id='line_1_60' title="bbox 935 1318 1672 1361; baseline 0 -10"><span class='ocrx_word' id='word_1_308' title='bbox 935 1321 1092 1361; x_wconf 81' lang='lat' dir='ltr'>mentes,</span> <span class='ocrx_word' id='word_1_309' title='bbox 1130 1318 1312 1353; x_wconf 88' lang='lat' dir='ltr'>acerrime</span> <span class='ocrx_word' id='word_1_310' title='bbox 1349 1319 1449 1352; x_wconf 89' lang='lat' dir='ltr'>inter</span> <span class='ocrx_word' id='word_1_311' title='bbox 1484 1329 1524 1353; x_wconf 89' lang='lat' dir='ltr'>se</span> <span class='ocrx_word' id='word_1_312' title='bbox 1558 1318 1672 1352; x_wconf 85' lang='lat' dir='ltr'>alter-</span> 
     </span>
     <span class='ocr_line' id='line_1_61' title="bbox 937 1365 1672 1400; baseline -0.001 0"><span class='ocrx_word' id='word_1_313' title='bbox 937 1368 1066 1400; x_wconf 85' lang='lat' dir='ltr'>cantes</span> <span class='ocrx_word' id='word_1_314' title='bbox 1099 1376 1142 1400; x_wconf 88' lang='lat' dir='ltr'>ac</span> <span class='ocrx_word' id='word_1_315' title='bbox 1175 1368 1325 1400; x_wconf 88' lang='lat' dir='ltr'>mutuas</span> <span class='ocrx_word' id='word_1_316' title='bbox 1357 1366 1478 1400; x_wconf 89' lang='lat' dir='ltr'>minas</span> <span class='ocrx_word' id='word_1_317' title='bbox 1511 1365 1672 1400; x_wconf 87' lang='lat' dir='ltr'>alterum</span> 
     </span>
     <span class='ocr_line' id='line_1_62' title="bbox 935 1412 1674 1457; baseline 0 -11"><span class='ocrx_word' id='word_1_318' title='bbox 935 1413 976 1446; x_wconf 91' lang='lat' dir='ltr'>in</span> <span class='ocrx_word' id='word_1_319' title='bbox 1026 1413 1188 1447; x_wconf 87' lang='lat' dir='ltr'>alterum</span> <span class='ocrx_word' id='word_1_320' title='bbox 1236 1413 1431 1448; x_wconf 87' lang='lat' dir='ltr'>iacientes.</span> <span class='ocrx_word' id='word_1_321' title='bbox 1491 1412 1674 1457; x_wconf 83' lang='lat' dir='ltr'>Exempla</span> 
     </span>
     <span class='ocr_line' id='line_1_63' title="bbox 935 1460 1674 1506; baseline 0 -12"><span class='ocrx_word' id='word_1_322' title='bbox 935 1460 1136 1495; x_wconf 84' lang='lat' dir='ltr'>manifesta</span> <span class='ocrx_word' id='word_1_323' title='bbox 1170 1461 1340 1506; x_wconf 88' lang='lat' dir='ltr'>reperies</span> <span class='ocrx_word' id='word_1_324' title='bbox 1373 1460 1464 1495; x_wconf 88' lang='lat' dir='ltr'>Oed.</span> <span class='ocrx_word' id='word_1_325' title='bbox 1491 1460 1577 1505; x_wconf 76' lang='lat' dir='ltr'>Tyr.</span> <span class='ocrx_word' id='word_1_326' title='bbox 1602 1461 1674 1494; x_wconf 84' lang='lat'>404</span> 
     </span>
     <span class='ocr_line' id='line_1_64' title="bbox 937 1508 1673 1553; baseline -0.001 -11"><span class='ocrx_word' id='word_1_327' title='bbox 937 1519 1041 1553; x_wconf 89' lang='lat' dir='ltr'>seqq.</span> <span class='ocrx_word' id='word_1_328' title='bbox 1090 1508 1195 1543; x_wconf 85' lang='lat' dir='ltr'>Aiac.</span> <span class='ocrx_word' id='word_1_329' title='bbox 1231 1510 1320 1542; x_wconf 89' lang='grc'>1091</span> <span class='ocrx_word' id='word_1_330' title='bbox 1355 1519 1434 1553; x_wconf 87' lang='lat' dir='ltr'>seq.</span> <span class='ocrx_word' id='word_1_331' title='bbox 1470 1509 1561 1542; x_wconf 88' lang='lat'>1118</span> <span class='ocrx_word' id='word_1_332' title='bbox 1595 1518 1673 1552; x_wconf 89' lang='lat' dir='ltr'>seq.</span> 
     </span>
     <span class='ocr_line' id='line_1_65' title="bbox 936 1554 1674 1598; baseline 0 -10"><span class='ocrx_word' id='word_1_333' title='bbox 936 1555 1004 1589; x_wconf 88' lang='lat' dir='ltr'>Est</span> <span class='ocrx_word' id='word_1_334' title='bbox 1036 1558 1161 1590; x_wconf 87' lang='lat' dir='ltr'>autem</span> <span class='ocrx_word' id='word_1_335' title='bbox 1192 1556 1255 1590; x_wconf 89' lang='lat' dir='ltr'>hic</span> <span class='ocrx_word' id='word_1_336' title='bbox 1286 1556 1394 1590; x_wconf 86' lang='lat' dir='ltr'>locus</span> <span class='ocrx_word' id='word_1_337' title='bbox 1425 1566 1471 1590; x_wconf 88' lang='lat' dir='ltr'>ex</span> <span class='ocrx_word' id='word_1_338' title='bbox 1501 1555 1571 1598; x_wconf 85' lang='lat' dir='ltr'>iis,</span> <span class='ocrx_word' id='word_1_339' title='bbox 1607 1554 1674 1589; x_wconf 90' lang='lat' dir='ltr'>ubi</span> 
     </span>
     <span class='ocr_line' id='line_1_66' title="bbox 936 1602 1675 1646; baseline -0.001 -9"><span class='ocrx_word' id='word_1_340' title='bbox 936 1613 1036 1637; x_wconf 87' lang='lat' dir='ltr'>unus</span> <span class='ocrx_word' id='word_1_341' title='bbox 1062 1603 1253 1637; x_wconf 85' lang='lat' dir='ltr'>dumtaxat</span> <span class='ocrx_word' id='word_1_342' title='bbox 1278 1602 1406 1637; x_wconf 84' lang='lat' dir='ltr'>Codex</span> <span class='ocrx_word' id='word_1_343' title='bbox 1429 1612 1555 1637; x_wconf 78' lang='lat' dir='ltr'>veram</span> <span class='ocrx_word' id='word_1_344' title='bbox 1586 1604 1675 1646; x_wconf 66' lang='lat' dir='ltr'>poe-</span> 
     </span>
     <span class='ocr_line' id='line_1_67' title="bbox 934 1649 1672 1694; baseline -0.001 -10"><span class='ocrx_word' id='word_1_345' title='bbox 934 1653 995 1684; x_wconf 80' lang='lat' dir='ltr'>tae</span> <span class='ocrx_word' id='word_1_346' title='bbox 1021 1662 1174 1685; x_wconf 86' lang='lat' dir='ltr'>manum</span> <span class='ocrx_word' id='word_1_347' title='bbox 1200 1651 1380 1694; x_wconf 85' lang='lat' dir='ltr'>servavit,</span> <span class='ocrx_word' id='word_1_348' title='bbox 1405 1652 1447 1684; x_wconf 89' lang='lat' dir='ltr'>ut</span> <span class='ocrx_word' id='word_1_349' title='bbox 1472 1649 1547 1684; x_wconf 83' lang='lat' dir='ltr'>Sat.</span> <span class='ocrx_word' id='word_1_350' title='bbox 1577 1652 1614 1692; x_wconf 87' lang='lat'>1,</span> <span class='ocrx_word' id='word_1_351' title='bbox 1639 1651 1672 1691; x_wconf 84' lang='grc'>6,</span> 
     </span>
     <span class='ocr_line' id='line_1_68' title="bbox 939 1696 1672 1740; baseline -0.005 -8"><span class='ocrx_word' id='word_1_352' title='bbox 939 1700 1028 1732; x_wconf 86' lang='lat'>126:</span> <span class='ocrx_word' id='word_1_353' title='bbox 1062 1699 1164 1740; x_wconf 64' lang='lat' dir='ltr'>suffio</span> <span class='ocrx_word' id='word_1_354' title='bbox 1190 1707 1359 1740; x_wconf 79' lang='lat' dir='ltr'>campum</span> <span class='ocrx_word' id='word_1_355' title='bbox 1385 1699 1574 1738; x_wconf 72' lang='lat' dir='ltr'>lusumque</span> <span class='ocrx_word' id='word_1_356' title='bbox 1607 1696 1672 1728; x_wconf 80' lang='lat' dir='ltr'>tri-</span> 
     </span>
     <span class='ocr_line' id='line_1_69' title="bbox 936 1754 1074 1786; baseline 0 -8"><span class='ocrx_word' id='word_1_357' title='bbox 936 1754 1074 1786; x_wconf 72' lang='lat' dir='ltr'>qonem.</span> 
     </span>
    </p>

    <p class='ocr_par' dir='ltr' id='par_1_13' title="bbox 935 1789 1671 1977">
     <span class='ocr_line' id='line_1_70' title="bbox 987 1789 1671 1832; baseline -0.003 -7"><span class='ocrx_word' id='word_1_358' title='bbox 987 1793 1194 1825; x_wconf 81' lang='lat'>198—201..</span> <span class='ocrx_word' id='word_1_359' title='bbox 1218 1800 1363 1824; x_wconf 80' lang='lat' dir='ltr'>mensae</span> <span class='ocrx_word' id='word_1_360' title='bbox 1401 1789 1539 1832; x_wconf 73' lang='lat' dir='ltr'>brevis]</span> <span class='ocrx_word' id='word_1_361' title='bbox 1584 1799 1671 1831; x_wconf 82' lang='lat' dir='ltr'>„so-</span> 
     </span>
     <span class='ocr_line' id='line_1_71' title="bbox 936 1836 1672 1881; baseline -0.003 -9"><span class='ocrx_word' id='word_1_362' title='bbox 936 1839 1052 1872; x_wconf 79' lang='lat' dir='ltr'>briae.</span> <span class='ocrx_word' id='word_1_363' title='bbox 1066 1839 1083 1856; x_wconf 85' lang='lat'>“</span> <span class='ocrx_word' id='word_1_364' title='bbox 1137 1838 1276 1872; x_wconf 69' lang='lat' dir='ltr'>Gnoss.</span> <span class='ocrx_word' id='word_1_365' title='bbox 1309 1837 1463 1872; x_wconf 49' lang='lat' dir='ltr'>Morino.</span> <span class='ocrx_word' id='word_1_366' title='bbox 1512 1836 1608 1881; x_wconf 86' lang='lat' dir='ltr'>Epp.</span> <span class='ocrx_word' id='word_1_367' title='bbox 1640 1839 1672 1879; x_wconf 91' lang='lat'>1,</span> 
     </span>
     <span class='ocr_line' id='line_1_72' title="bbox 938 1884 1672 1927; baseline -0.001 -8"><span class='ocrx_word' id='word_1_368' title='bbox 938 1887 992 1927; x_wconf 87' lang='lat'>14,</span> <span class='ocrx_word' id='word_1_369' title='bbox 1019 1887 1086 1919; x_wconf 87' lang='grc'>35.</span> <span class='ocrx_word' id='word_1_370' title='bbox 1114 1887 1210 1919; x_wconf 86' lang='lat' dir='ltr'>Cena</span> <span class='ocrx_word' id='word_1_371' title='bbox 1235 1887 1363 1919; x_wconf 72' lang='lat' dir='ltr'>brevis.</span> <span class='ocrx_word' id='word_1_372' title='bbox 1395 1884 1556 1918; x_wconf 89' lang='lat' dir='ltr'>Omnino</span> <span class='ocrx_word' id='word_1_373' title='bbox 1583 1884 1672 1918; x_wconf 88' lang='lat' dir='ltr'>cho-</span> 
     </span>
     <span class='ocr_line' id='line_1_73' title="bbox 935 1930 1672 1977; baseline -0.003 -11"><span class='ocrx_word' id='word_1_374' title='bbox 935 1943 1002 1967; x_wconf 89' lang='lat' dir='ltr'>rus</span> <span class='ocrx_word' id='word_1_375' title='bbox 1041 1932 1182 1977; x_wconf 88' lang='lat' dir='ltr'>ubique</span> <span class='ocrx_word' id='word_1_376' title='bbox 1219 1932 1386 1966; x_wconf 82' lang='lat' dir='ltr'>inculcat</span> <span class='ocrx_word' id='word_1_377' title='bbox 1416 1932 1522 1966; x_wconf 84' lang='lat' dir='ltr'>illam</span> <span class='ocrx_word' id='word_1_378' title='bbox 1555 1930 1672 1965; x_wconf 82' lang='lat' dir='ltr'>Grae-</span> 
     </span>
    </p>
   </div>
   <div class='ocr_carea' id='block_1_13' title="bbox 907 1975 1672 2035">
    <p class='ocr_par' dir='ltr' id='par_1_14' title="bbox 907 1975 1672 2035">
     <span class='ocr_line' id='line_1_74' title="bbox 907 1975 1672 2035; baseline -0.005 -21"><span class='ocrx_word' id='word_1_379' title='bbox 907 1994 915 1998; x_wconf 90' lang='lat'>·</span> <span class='ocrx_word' id='word_1_380' title='bbox 937 1990 1067 2014; x_wconf 90' lang='lat' dir='ltr'>corum</span> <span class='ocrx_word' id='word_1_381' title='bbox 1091 1980 1310 2035; x_wconf 72' lang='lat' dir='ltr'>primariam</span> <span class='ocrx_word' id='word_1_382' title='bbox 1336 1978 1585 2014; x_wconf 86' lang='lat' dir='ltr'>sententiam:</span> <span class='ocrx_word' id='word_1_383' title='bbox 1619 1975 1672 2011; x_wconf 91' lang='grc' dir='ltr'>Τὸ</span> 
     </span>
    </p>
   </div>
   <div class='ocr_carea' id='block_1_14' title="bbox 935 2023 1675 2735">
    <p class='ocr_par' dir='ltr' id='par_1_15' title="bbox 935 2023 1675 2735">
     <span class='ocr_line' id='line_1_75' title="bbox 935 2023 1673 2110; baseline -0.003 -2"><span class='ocrx_word' id='word_1_384' title='bbox 935 2023 1673 2110; x_wconf 39' lang='lat' dir='ltr'>&amp;diiigiilalciii‘iigivicsvenimli‘gtlzitsiag&#39;glleblld-</span> 
     </span>
     <span class='ocr_line' id='line_1_76' title="bbox 936 2118 1675 2178; baseline -0.005 -22"><span class='ocrx_word' id='word_1_385' title='bbox 936 2125 997 2156; x_wconf 87' lang='lat' dir='ltr'>tur</span> <span class='ocrx_word' id='word_1_386' title='bbox 1046 2123 1087 2156; x_wconf 92' lang='lat' dir='ltr'>in</span> <span class='ocrx_word' id='word_1_387' title='bbox 1135 2122 1337 2178; x_wconf 85' lang='lat' dir='ltr'>tragoediis</span> <span class='ocrx_word' id='word_1_388' title='bbox 1380 2121 1533 2156; x_wconf 83' lang='lat' dir='ltr'>Graecis</span> <span class='ocrx_word' id='word_1_389' title='bbox 1575 2118 1675 2163; x_wconf 80' lang='grc' dir='ltr'><em>Δίκη</em></span> 
     </span>
     <span class='ocr_line' id='line_1_77' title="bbox 937 2164 1672 2216; baseline -0.004 -13"><span class='ocrx_word' id='word_1_390' title='bbox 937 2167 1115 2216; x_wconf 74' lang='grc' dir='ltr'><em>ξύνεδρος</em></span> <span class='ocrx_word' id='word_1_391' title='bbox 1151 2167 1274 2212; x_wconf 85' lang='grc' dir='ltr'><strong><em>Ζηνὸς</em></strong></span> <span class='ocrx_word' id='word_1_392' title='bbox 1309 2167 1488 2216; x_wconf 78' lang='grc' dir='ltr'><em>ἀρχαίοις</em></span> <span class='ocrx_word' id='word_1_393' title='bbox 1525 2164 1672 2211; x_wconf 85' lang='grc' dir='ltr'><strong>νόμοις.</strong></span> 
     </span>
     <span class='ocr_line' id='line_1_78' title="bbox 938 2215 1674 2260; baseline -0.006 -9"><span class='ocrx_word' id='word_1_394' title='bbox 938 2215 1538 2260; x_wconf 75' lang='lat' dir='ltr'>(Oed.Col.1382.)——leoesque]</span> <span class='ocrx_word' id='word_1_395' title='bbox 1565 2225 1674 2259; x_wconf 74' lang='lat' dir='ltr'>prae-</span> 
     </span>
     <span class='ocr_line' id='line_1_79' title="bbox 938 2262 1671 2309; baseline -0.004 -11"><span class='ocrx_word' id='word_1_396' title='bbox 938 2264 1067 2298; x_wconf 87' lang='lat' dir='ltr'>sertim</span> <span class='ocrx_word' id='word_1_397' title='bbox 1104 2264 1170 2298; x_wconf 93' lang='lat' dir='ltr'>ubi</span> <span class='ocrx_word' id='word_1_398' title='bbox 1206 2275 1228 2298; x_wconf 86' lang='lat' dir='ltr'>a</span> <span class='ocrx_word' id='word_1_399' title='bbox 1265 2263 1437 2309; x_wconf 79' lang='lat' dir='ltr'>tyrannis</span> <span class='ocrx_word' id='word_1_400' title='bbox 1471 2262 1671 2297; x_wconf 79' lang='lat' dir='ltr'>violantur.</span> 
     </span>
     <span class='ocr_line' id='line_1_80' title="bbox 938 2311 1672 2356; baseline -0.004 -11"><span class='ocrx_word' id='word_1_401' title='bbox 938 2311 1013 2346; x_wconf 80' lang='lat' dir='ltr'>cfr.</span> <span class='ocrx_word' id='word_1_402' title='bbox 1040 2311 1131 2345; x_wconf 90' lang='lat' dir='ltr'>Oed.</span> <span class='ocrx_word' id='word_1_403' title='bbox 1158 2311 1244 2356; x_wconf 84' lang='lat' dir='ltr'>Tyr.</span> <span class='ocrx_word' id='word_1_404' title='bbox 1271 2314 1338 2345; x_wconf 89' lang='grc'>863</span> <span class='ocrx_word' id='word_1_405' title='bbox 1365 2322 1469 2355; x_wconf 88' lang='lat' dir='ltr'>seqq.</span> <span class='ocrx_word' id='word_1_406' title='bbox 1497 2329 1539 2333; x_wconf 89' lang='lat'>—</span> <span class='ocrx_word' id='word_1_407' title='bbox 1566 2318 1672 2351; x_wconf 80' lang='lat' dir='ltr'>aper-</span> 
     </span>
     <span class='ocr_line' id='line_1_81' title="bbox 938 2357 1672 2401; baseline -0.003 -9"><span class='ocrx_word' id='word_1_408' title='bbox 938 2361 980 2392; x_wconf 78' lang='lat' dir='ltr'>tis</span> <span class='ocrx_word' id='word_1_409' title='bbox 1007 2361 1082 2392; x_wconf 82' lang='lat' dir='ltr'>otia</span> <span class='ocrx_word' id='word_1_410' title='bbox 1110 2358 1247 2401; x_wconf 81' lang='lat' dir='ltr'>portis]</span> <span class='ocrx_word' id='word_1_411' title='bbox 1287 2358 1362 2392; x_wconf 85' lang='lat' dir='ltr'>Cfr.</span> <span class='ocrx_word' id='word_1_412' title='bbox 1390 2357 1458 2392; x_wconf 80' lang='lat' dir='ltr'>od.</span> <span class='ocrx_word' id='word_1_413' title='bbox 1485 2359 1517 2400; x_wconf 90' lang='lat'>3,</span> <span class='ocrx_word' id='word_1_414' title='bbox 1544 2357 1578 2398; x_wconf 87' lang='grc'>5,</span> <span class='ocrx_word' id='word_1_415' title='bbox 1603 2358 1672 2390; x_wconf 82' lang='lat'>23:</span> 
     </span>
     <span class='ocr_line' id='line_1_82' title="bbox 937 2403 1671 2447; baseline -0.003 -8"><span class='ocrx_word' id='word_1_416' title='bbox 937 2408 1139 2447; x_wconf 75' lang='lat' dir='ltr'>portasque</span> <span class='ocrx_word' id='word_1_417' title='bbox 1178 2415 1252 2439; x_wconf 85' lang='lat' dir='ltr'>non</span> <span class='ocrx_word' id='word_1_418' title='bbox 1289 2407 1434 2439; x_wconf 71' lang='lat' dir='ltr'>clausas</span> <span class='ocrx_word' id='word_1_419' title='bbox 1472 2407 1542 2439; x_wconf 88' lang='lat' dir='ltr'>cet.</span> <span class='ocrx_word' id='word_1_420' title='bbox 1609 2403 1671 2437; x_wconf 83' lang='lat' dir='ltr'>Sic</span> 
     </span>
     <span class='ocr_line' id='line_1_83' title="bbox 936 2447 1673 2506; baseline -0.003 -20"><span class='ocrx_word' id='word_1_421' title='bbox 936 2453 1138 2497; x_wconf 89' lang='lat' dir='ltr'>Euripides</span> <span class='ocrx_word' id='word_1_422' title='bbox 1165 2453 1319 2498; x_wconf 82' lang='lat' dir='ltr'>Cresph.</span> <span class='ocrx_word' id='word_1_423' title='bbox 1345 2453 1405 2486; x_wconf 81' lang='lat' dir='ltr'>Fr.</span> <span class='ocrx_word' id='word_1_424' title='bbox 1434 2454 1499 2487; x_wconf 89' lang='lat'>15.</span> <span class='ocrx_word' id='word_1_425' title='bbox 1525 2447 1673 2506; x_wconf 78' lang='grc' dir='ltr'><strong><em>Εἰρήνα</em></strong></span> 
     </span>
     <span class='ocr_line' id='line_1_84' title="bbox 936 2496 1672 2553; baseline -0.004 -19"><span class='ocrx_word' id='word_1_426' title='bbox 936 2499 1089 2541; x_wconf 72' lang='grc' dir='ltr'><em>βαθύπ)</em></span> <span class='ocrx_word' id='word_1_427' title='bbox 1092 2511 1179 2535; x_wconf 79' lang='grc' dir='ltr'><em>ουτε</em></span> <span class='ocrx_word' id='word_1_428' title='bbox 1195 2502 1262 2533; x_wconf 81' lang='grc' dir='ltr'>καὶ</span> <span class='ocrx_word' id='word_1_429' title='bbox 1278 2499 1472 2533; x_wconf 80' lang='grc' dir='ltr'><em>Καλλιστα</em></span> <span class='ocrx_word' id='word_1_430' title='bbox 1487 2496 1672 2553; x_wconf 78' lang='grc' dir='ltr'><em>μακάρων</em></span> 
     </span>
     <span class='ocr_line' id='line_1_85' title="bbox 937 2543 1671 2592; baseline -0.003 -12"><span class='ocrx_word' id='word_1_431' title='bbox 937 2548 1049 2590; x_wconf 78' lang='grc' dir='ltr'>θεῶν,</span> <span class='ocrx_word' id='word_1_432' title='bbox 1086 2543 1211 2592; x_wconf 83' lang='grc' dir='ltr'><strong><em>Ζῆλός</em></strong></span> <span class='ocrx_word' id='word_1_433' title='bbox 1234 2559 1302 2590; x_wconf 89' lang='grc' dir='ltr'>μοι</span> <span class='ocrx_word' id='word_1_434' title='bbox 1333 2547 1458 2588; x_wconf 78' lang='grc' dir='ltr'>σέθεν,</span> <span class='ocrx_word' id='word_1_435' title='bbox 1495 2543 1547 2587; x_wconf 78' lang='grc' dir='ltr'>ὥς</span> <span class='ocrx_word' id='word_1_436' title='bbox 1579 2556 1671 2592; x_wconf 79' lang='grc' dir='ltr'><strong><em>χρο-</em></strong></span> 
     </span>
     <span class='ocr_line' id='line_1_86' title="bbox 936 2593 1671 2638; baseline -0.004 -9"><span class='ocrx_word' id='word_1_437' title='bbox 936 2598 1058 2638; x_wconf 76' lang='grc' dir='ltr'><strong>νίζεις.</strong></span> <span class='ocrx_word' id='word_1_438' title='bbox 1086 2615 1127 2619; x_wconf 95' lang='grc'>-</span> <span class='ocrx_word' id='word_1_439' title='bbox 1155 2598 1252 2636; x_wconf 76' lang='lat' dir='ltr'>teaat</span> <span class='ocrx_word' id='word_1_440' title='bbox 1277 2593 1480 2637; x_wconf 76' lang='lat' dir='ltr'>commissa]</span> <span class='ocrx_word' id='word_1_441' title='bbox 1516 2593 1671 2638; x_wconf 83' lang='lat' dir='ltr'>Epp.1,</span> 
     </span>
     <span class='ocr_line' id='line_1_87' title="bbox 939 2639 1672 2686; baseline -0.007 -8"><span class='ocrx_word' id='word_1_442' title='bbox 939 2646 993 2686; x_wconf 90' lang='lat'>18,</span> <span class='ocrx_word' id='word_1_443' title='bbox 1019 2646 1086 2678; x_wconf 86' lang='lat'>38:</span> <span class='ocrx_word' id='word_1_444' title='bbox 1114 2644 1416 2683; x_wconf 79' lang='lat' dir='ltr'>commissumque</span> <span class='ocrx_word' id='word_1_445' title='bbox 1442 2644 1547 2682; x_wconf 73' lang='lat' dir='ltr'>teqes.</span> <span class='ocrx_word' id='word_1_446' title='bbox 1579 2639 1672 2674; x_wconf 85' lang='lat' dir='ltr'>Illu-</span> 
     </span>
     <span class='ocr_line' id='line_1_88' title="bbox 936 2687 1670 2735; baseline -0.005 -10"><span class='ocrx_word' id='word_1_447' title='bbox 936 2692 1027 2725; x_wconf 88' lang='lat' dir='ltr'>stria</span> <span class='ocrx_word' id='word_1_448' title='bbox 1065 2690 1233 2735; x_wconf 81' lang='lat' dir='ltr'>exempla</span> <span class='ocrx_word' id='word_1_449' title='bbox 1269 2691 1357 2723; x_wconf 87' lang='lat' dir='ltr'>sunt</span> <span class='ocrx_word' id='word_1_450' title='bbox 1390 2687 1501 2733; x_wconf 82' lang='lat' dir='ltr'>Soph.</span> <span class='ocrx_word' id='word_1_451' title='bbox 1532 2687 1670 2722; x_wconf 76' lang='lat' dir='ltr'>Electr-</span> 
     </span>
    </p>
   </div>
  </div>
 </body>
</html>
