1774 2930
644 154 739 190 m.
762 155 793 190 1.
839 153 992 190 must
1015 153 1083 188 111.

163 270 166 277 ¹
220 255 438 299 Pindarici
466 256 599 298 fontis
630 257 703 313 qui
733 269 819 298 non
849 255 1058 311 expalluit
1088 254 1294 307 haustus,

1531 153 1616 196 281

1566 254 1622 295 10

221 326 436 369 Fastidire
465 327 582 369 lacus
614 331 658 369 et
686 327 803 368 rivos
834 340 966 368 ausus
998 329 1184 382 apertos.

221 397 280 439 Ut
308 397 455 440 valet?
482 400 532 439 ut
559 397 754 439 meminit
783 392 1223 439 nostriP-Fidibusne
1251 394 1421 437 Latinis

223 467 454 511 Thebanos
484 471 632 524 aptare
662 467 810 509 modos
841 466 984 509 studet
1013 466 1188 523 auspice
1216 465 1360 518 Musa,

223 537 294 581 An
322 539 486 595 tragica
515 538 708 581 desaevit
738 542 782 580 et
812 538 1072 594 ampullatur
1098 538 1145 579 in
1173 537 1299 580 arte?

106 695 180 726 tem
213 692 315 725 hunc
345 691 545 727 Horatius.
584 690 687 735 quod
721 701 838 726 ausus

105 738 157 772 sit
179 749 326 773 sacrum
352 749 447 783 opus
472 738 707 772 attaminare.
750 737 836 780 (Sic

105 785 174 819 Ed.
190 786 310 829 princ.
335 784 430 819 Ven.
451 787 567 827 1481„
585 787 837 819 contaminare

103 832 173 868 Ed.
197 832 282 866 Bas.
317 832 435 874 1580.)
484 831 614 866 Potest
642 835 767 867 tamen
801 834 839 865 et

103 889 194 913 vere
226 878 395 922 laudari,
427 889 513 913 nam
538 879 681 913 Tiberii
713 890 838 914 comes

105 928 144 960 et
166 926 408 960 doctissimus
439 926 513 959 fuit
537 930 574 960 et
604 926 725 971 lyrica
749 936 839 960 con-

105 974 291 1018 scripsit!⁵
316 973 520 1007 Pomm
547 973 692 1015 „Titius
716 973 838 1018 Septi-

104 1020 204 1054 mius
227 1020 347 1066 lyrica
369 1020 539 1054 carmina
562 1023 601 1054 et
624 1021 836 1066 tragoedias

104 1067 260 1111 scripsit
281 1067 442 1112 Augusti
475 1070 664 1111 tempore,
698 1068 765 1102 sed
791 1068 836 1101 li-

103 1114 164 1148 bri
180 1114 264 1148 eius
279 1114 378 1148 nulli
395 1117 552 1148 exstant.
569 1114 693 1149 Huius
710 1118 835 1149 autem

103 1161 255 1207 insigne
303 1164 587 1195 monumentum
637 1165 695 1196 est
734 1163 835 1196 infra

102 1208 305 1243 Ariciam*
345 1208 475 1242 coint.
501 1208 639 1251 Cano.)
667 1229 710 1233 —
737 1211 837 1242 brevi

102 1257 333 1289 mamis·
354 1255 437 1298 ora]
465 1255 655 1297 „nondum
681 1256 837 1301 quidem

105 1305 218 1336 notus
252 1302 399 1336 civibus
433 1303 512 1336 suis
537 1306 691 1346 propter
716 1303 837 1347 poeti-

106 1358 171 1382 cas
194 1349 345 1390 laudes,
370 1349 437 1383 sed
462 1349 550 1394 qui,
584 1350 650 1383 ubi
676 1350 838 1383 ediderit

106 1396 292 1437 carmina,
328 1375 434 1430 l’irevi
467 1407 603 1430 nomen
636 1397 837 1430 vendibilis

104 1445 239 1486 poetae
261 1443 501 1477 merebitur.“
543 1443 715 1488 Propert.
741 1447 774 1485 4,
801 1445 834 1485 8,

106 1491 170 1522 32:
194 1491 315 1523 venies
339 1493 378 1523 ιιι
403 1499 546 1531 quoque
561 1492 601 1523 in
618 1499 686 1524 ora
702 1492 833 1524 virum.

105 1535 211 1581 Virg.
244 1536 310 1570 Ge.
346 1539 387 1578 3,
411 1540 454 1571 9:
492 1538 679 1578 victorque
714 1539 836 1571 virum

104 1585 261 1617 volitare
281 1593 352 1626 per
375 1593 454 1625 ora,
480 1595 527 1618 ex
549 1584 723 1618 Enniano
747 1585 834 1618 illo:

103 1631 215 1664 vomo
245 1631 342 1664 Μ’
372 1639 441 1672 per
474 1640 545 1664 ora
568 1633 698 1665 virum.
739 1632 833 1665 Aen.

107 1679 163 1719 12,
187 1679 277 1711 235:
304 1679 478 1719 vivusque
498 1687 566 1720 per
591 1687 659 1712 ora
683 1680 835 1720 seretur.

104 1724 217 1768 Prop.
235 1727 269 1766 4,
295 1727 326 1767 l,
343 1727 407 1758 24:
432 1727 571 1760 Maius·
581 1727 628 1759 ab
655 1727 836 1766 exsequiis

105 1779 235 1804 nmen
257 1773 297 1804 in
321 1780 390 1805 ora
412 1774 521 1806 venit.

154 1821 272 1852 10-14.
297 1820 482 1860 expalluit
505 1820 671 1863 haustus]
697 1820 835 1854 Eadem

106 1866 388 1900 constructione
411 1870 527 1910 atque
553 1866 835 1909 Οᾶ.2,12,”;

102 1914 305 1953 per-iculum
338 1915 564 1946 contremuit.
614 1913 683 1947 Od.
710 1916 750 1956 3,
777 1916 835 1956 27,

107 1959 172 1992 27:
195 1961 403 2000 mediusque
426 1962 578 2001 fraudes
605 1940 750 1994 Palluit,
768 1971 836 1994 au-

106 2006 195 2038 dax
218 2004 351 2040 Iacobs
368 2010 476 2050 putat
490 2007 690 2041 Horatium
707 2019 836 2052 respe-

107 2051 208 2085 xisse
238 2053 284 2085 ad
309 2052 529 2087 Callimachi
562 2054 658 2087 illud
683 2055 836 2088 Anthol.

108 2096 188 2132 Pal.
211 2097 259 2132 Π.
282 2110 319 2142 p.
344 2101 433 2132 462:
468 2097 547 2132 οὔτ’
580 2098 659 2133 ἀπὸ
693 2113 714 2133 κ
742 2099 839 2144 η’νης

107 2143 224 2177 Hirm-
256 2147 443 2185 σικχαίνω
477 2143 601 2179 πάντα
634 2145 679 2179 τὰ
737 2145 839 2190 ηυό-

108 2201 186 2224 σια.
236 2192 369 2234 „Qui‘g
401 2193 547 2237 inquit,
582 2193 643 2234 „in
674 2194 837 2228 Pindaro

108 2237 289 2272 imitando
334 2239 434 2273 vires
475 2250 563 2274 suas
609 2242 837 2284 experitur.“

109 2285 327 2326 („Horatius
358 2287 398 2319 in
432 2287 490 2320 his
516 2298 572 2319 vv.
598 2287 686 2320 Titii
718 2288 839 2321 audax

108 2331 315 2366 Pindarum
340 2333 509 2367 imitandi
528 2334 695 2368 studium
722 2335 838 2368 admi-

109 2382 234 2421 ratur,
259 2390 336 2414 non
362 2381 508 2422 laudat,
540 2391 666 2425 neque
691 2383 838 2426 vitupe-

109 2427 201 2459 rat.“
235 2426 383 2461 ΟΒΒΔΒ.
410 2427 511 2467 Quid
535 2431 659 2462 autem
685 2429 766 2472 ipse
792 2429 838 2462 de

108 2472 311 2507 Pindarica
334 2475 541 2508 imitatione
567 2477 745 2516 senserit,
777 2476 838 2510 de-

109 2523 291 2554 monstrat
307 2521 381 2554 0oe
400 2524 434 2563 4,
457 2522 507 2563 2.)
524 2541 570 2546 -
587 2523 712 2565 sontis]
730 2523 839 2556 Prin-

109 2565 213 2611 cipes
236 2569 381 2612 poetae,
406 2579 452 2602 ex
474 2569 613 2612 quibus
630 2570 838 2603 imitatores

111 2613 299 2656 sauream,
322 2626 435 2659 saepe
451 2626 535 2649 cum
552 2616 722 2650 fontibus
739 2627 838 2650 com-

110 2663 302 2702 parantur.
350 2662 457 2696 Ovid.
495 2663 577 2696 Am.
615 2665 655 2705 3,
693 2666 734 2705 9,
768 2666 836 2697 25:

111 2706 236 2740 Aeaee
252 2710 477 2748 maeoniam,
502 2719 527 2742 a
552 2719 623 2750 quo
648 2719 711 2743 ceu
737 2713 838 2751 sonte

884 691 1039 732 perenm
1066 691 1196 723 Vatum
1227 691 1360 723 Pieriis
1391 698 1461 723 ora
1492 691 1621 731 η’σαιιρ

886 740 948 770 ων
973 738 1093 778 aquis.
1142 737 1263 771 Lucil.
1289 739 1353 779 30,
1387 739 1452 771 26:
1495 738 1621 779 Quan-

886 787 965 817 tum
1000 785 1154 817 haurire
1190 785 1336 818 animae
1368 785 1565 819 Musarum
1602 793 1621 818 e

886 832 1040 872 [στικὸν
1078 833 1195 872 uestit.
1234 850 1278 855 -
1316 833 1432 865 Lacus
1470 831 1621 874 (War-

885 878 1193 921 scrbehaeiller)
1218 882 1256 912 et
1271 879 1344 912 rivi
1365 880 1487 920 aperti
1503 878 1621 924 signi-

885 924 1002 959 ficant
1025 935 1101 958 non
1127 927 1259 969 poetas
1290 925 1430 970 lyricos
1455 925 1621 960 Pindaro

886 972 1109 1013 inferiores,
1146 971 1213 1006 sed
1246 972 1373 1016 poesis
1410 983 1552 1018 genera
1583 975 1623 1007 et

886 1019 1061 1053 faciliora
1085 1023 1123 1053 et
1152 1019 1307 1054 leviora.
1334 1038 1378 1043 —
1407 1022 1449 1054 m
1473 1019 1621 1064 valen]

885 1066 1001 1100 Recte
1020 1066 1232 1111 Cruquius:
1260 1067 1375 1109 „haec
1398 1067 1515 1112 plena
1530 1069 1623 1101 sunt

885 1114 1024 1148 amoris
1050 1113 1260 1147 benevoli-⁸
1303 1113 1450 1156 (Quem
1474 1115 1506 1148 si
1534 1124 1622 1148 cum

884 1160 1028 1205 perfida
1050 1160 1196 1195 malitia
1228 1161 1461 1203 miscuisset,
1494 1161 1535 1194 in
1564 1171 1623 1196 se-

883 1212 961 1242 met
977 1208 1058 1252 ipse
1076 1207 1171 1241 illud
1189 1208 1386 1242 edixisset:
1411 1210 1486 1242 Hic
1507 1210 1623 1250 niver

886 1257 947 1296 ese,
973 1256 1068 1288 hunc
1092 1258 1150 1296 ιιι,
1176 1257 1359 1294 Romane,
1387 1256 1547 1298 cavetol)
1575 1275 1619 1279 —

886 1305 1017 1343 aptare
1039 1302 1188 1344 modos]
1215 1302 1292 1336 Cfr.
1318 1302 1387 1336 Od.
1414 1304 1455 1344 2,
1483 1304 1547 1344 12,
1572 1305 1619 1336 4:

886 1350 1019 1390 Aptari
1052 1350 1218 1382 citharae
1246 1351 1374 1382 modis.
1398 1368 1448 1373 ——
1471 1351 1624 1391 auspice

887 1396 1020 1438 Musa]
1047 1396 1136 1429 Sine
1162 1396 1345 1441 imagine:
1373 1397 1543 1440 „poetica
1566 1396 1620 1430 fa-

885 1443 1024 1477 cuitate
1056 1444 1178 1476 fretus
1211 1446 1249 1477 et
1280 1443 1382 1477 felici
1416 1454 1502 1477 cum
1537 1454 1622 1478 suc-

884 1500 994 1523 cessu
1018 1490 1276 1523 Pindarumne
1301 1491 1540 1524 aemulatur?
1570 1501 1619 1525 an

883 1536 931 1570 ad
956 1537 1170 1582 tragoedias
1187 1537 1408 1572 scribendas
1425 1539 1544 1583 magis
1562 1538 1621 1571 in-

884 1583 1048 1618 clinat?“
1073 1583 1299 1619 Fluctuabat
1322 1585 1451 1630 igitur,
1477 1588 1520 1619 ut
1545 1596 1620 1620 ma-

883 1631 1022 1665 nifesto
1054 1635 1230 1675 apparet,
1261 1633 1335 1666 iam
1369 1642 1454 1665 cum
1479 1632 1621 1667 Romae

884 1678 1032 1712 Horatii
1054 1678 1312 1713 familiaritate
1337 1682 1528 1721 uteretur,
1555 1680 1619 1713 'ri-

884 1725 959 1759 tius
983 1726 1085 1759 inter
1110 1729 1313 1771 utrumque
1338 1737 1479 1771 genus,
1509 1726 1620 1762 modo

883 1773 1113 1818 tragoediam
1161 1773 1327 1817 aliquam
1375 1784 1619 1818 componens,

884 1820 994 1853 modo
1020 1820 1190 1854 carmina
1211 1821 1340 1865 lyrica,
1365 1821 1536 1855 incertus
1561 1823 1620 1855 in-

885 1867 1049 1907 terdum,
1075 1869 1203 1901 utrum
1228 1867 1472 1902 Pindaricum
1498 1879 1620 1914 genus

883 1917 1037 1958 propter
1084 1916 1286 1949 novitatem
1333 1916 1479 1959 primus
1520 1917 1621 1949 inter

884 1961 1073 1995 Romanos
1087 1962 1288 2004 excoleret,
1306 1973 1354 1996 an
1368 1963 1621 1997 recentiorem

884 2008 988 2041 illam
1023 2009 1254 2054 tragoediam
1279 2009 1475 2051 Latinam,
1511 2010 1620 2044 euius

886 2058 1017 2088 auctor
1041 2056 1160 2090 fnisse
1177 2056 1328 2089 videtur
1351 2057 1479 2100 potins
1506 2067 1620 2101 quam

886 2101 1007 2135 Pollio
1045 2102 1204 2140 Varius:
1242 2113 1355 2146 quem
1393 2104 1621 2137 subsecutus

887 2151 944 2181 est
967 2149 1008 2180 in
1034 2148 1166 2182 Medea
1191 2149 1362 2183 Ovidius.
1382 2169 1424 2173 —
1443 2150 1620 2193 desaevit]

888 2198 929 2227 ut
955 2194 1060 2239 Virg.
1086 2196 1179 2228 Aen.
1205 2198 1239 2237 4,
1264 2198 1334 2229 52:
1368 2199 1466 2230 Dum
1487 2198 1621 2239 pelaqo

886 2242 1044 2274 desaevit
1076 2243 1207 2284 aim,
1240 2254 1297 2286 pr.
1333 2254 1402 2285 „ex
1434 2243 1548 2285 alto“‚
1579 2245 1620 2278 id

887 2292 963 2329 est,
998 2289 1262 2330 ‚vehementer
1287 2291 1439 2324 saevit.“
1488 2291 1620 2325 Refer-

887 2338 950 2368 tur
974 2336 1021 2369 ad
1055 2336 1239 2370 violentas
1273 2338 1387 2371 animi
1420 2339 1620 2382 perturb&

887 2382 1009 2416 tiones
1035 2383 1171 2425 (iram,
1197 2385 1411 2426 saevitiam,
1443 2396 1619 2427 amorem,

886 2428 1082 2472 furorem),
1100 2442 1122 2464 a
1138 2431 1291 2476 tragicis
1305 2442 1520 2476 expressas3
1538 2442 1616 2466 am-

882 2477 1027 2517 pullat-i
1049 2480 1193 2520 autem,
1227 2482 1270 2512 nt
1294 2478 1524 2513 Graecorum
1551 2479 1620 2523 λη-

886 2523 1071 2565 κυῖἱζειν,
1108 2525 1155 2559 de
1189 2526 1313 2570 amplo
1351 2530 1389 2560 et
1419 2526 1618 2581 magnifico

886 2571 1071 2605 sermonis
1174 2573 1221 2606 'ci
1240 2578 1388 2614 ornatu,
1407 2574 1472 2617 qui
1492 2584 1616 2606 sermo

884 2616 1075 2651 interdum
1112 2619 1160 2652 ab
1198 2621 1485 2664 exaggeratione
1518 2621 1619 2654 haud

885 2664 997 2710 longe
1021 2668 1188 2700 remotus
1214 2670 1288 2706 est·
1314 2667 1434 2710 figura
1457 2668 1619 2711 repetita

885 2721 932 2744 ex
970 2711 1229 2757 Aristophanis
1270 2713 1388 2747 Ranis
1430 2725 1462 2747 r.
1502 2715 1617 2747 1208·
1608 2740 1617 2747 .
