1774 2930
169 140 257 183 262

644 141 852 176 HORATII
875 141 1223 177 EPISTOLARUM

289 241 335 284 Si
366 242 527 299 possis,
559 245 694 296 reete,
727 243 764 284 si
795 256 901 296 non,
934 256 1185 299 quocunque
1216 243 1342 287 modo
1372 258 1482 298 rem,

287 312 346 355 Ut
375 314 552 370 propius
585 317 754 369 spectes
784 313 1011 355 lacrimosa
1039 317 1241 370 poemata
1268 314 1401 372 Pupi,

287 383 359 426 An
390 385 463 440 qui
492 383 710 426 Fortunae
741 388 785 427 te
815 398 1071 441 responsare
1103 385 1315 441 superbae

285 453 492 497 Liberum
525 459 568 497 et
599 458 788 497 erectum
818 469 1024 511 praesens
1055 455 1249 498 hortatur
1280 459 1324 499 et
1353 457 1503 513 aptat?

288 524 451 574 Quodsi
481 540 550 568 me
581 525 767 582 populus
797 525 1018 568 Romanus
1051 526 1160 569 forte
1191 530 1333 583 roget,
1365 541 1439 570 cur

1636 528 1693 569 70

285 595 404 651 Non,
435 600 484 639 ut
514 597 772 653 porticibus,
805 597 869 639 sic
898 597 1067 639 iudiciis
1100 597 1216 640 fruar
1245 597 1402 652 isdem,

263 721 319 754 67.
346 721 470 762 Puppi
494 719 618 763 c,LCt.

169 838 212 843 —-
239 820 593 863 rem-remuniri]
619 820 738 854 Multa
763 831 847 854 cum
873 821 908 853 vi

168 869 226 902 ter
252 867 352 902 idem
378 868 624 911 vocabulum,
660 867 763 912 quod
788 868 908 902 notio-

167 925 255 949 nem
288 915 540 960 principalem
568 915 767 959 exprimit,
801 925 908 959 repe-

167 962 230 996 tiit
254 964 377 1006 poeta.
416 962 486 996 Vis
513 968 639 996 autem
665 973 708 996 eo
735 965 907 1007 augetur,

169 1011 272 1054 quod
308 1010 365 1043 bis
400 1010 441 1043 in
474 1009 550 1043 fine
584 1021 715 1044 versus
741 1010 908 1054 positum

168 1059 238 1091 est.
279 1076 322 1081 —
363 1060 402 1090 ut
441 1059 596 1099 propius
637 1059 772 1099 spectes
815 1057 907 1100 cet.]

170 1115 267 1148 „quo
302 1106 449 1138 tantum
482 1104 642 1147 habeas,
676 1105 782 1138 utin
810 1103 907 1137 XIV.

168 1151 366 1186 ordinibus
392 1152 494 1185 inter
521 1151 682 1196 equites,
708 1152 768 1186 vel
794 1151 907 1185 etiam

167 1199 208 1232 in
235 1200 432 1233 orchestra
448 1200 549 1233 inter
568 1201 773 1241 senatores,
798 1199 906 1233 fabu-

168 1246 224 1280 las
251 1247 434 1290 spectes.“
464 1265 507 1269 ——
535 1255 749 1287 quocunque
781 1247 907 1290 modo]

169 1292 315 1328 Seneca
339 1293 459 1338 Epist.
487 1295 575 1327 115:
617 1295 701 1327 Nou
733 1302 848 1334 quare
876 1296 908 1327 et

169 1343 288 1381 undu
315 1343 403 1381 quid
419 1342 566 1383 habeas,
593 1343 736 1374 tautum
761 1343 907 1382 roqant.

171 1407 214 1412 —-
244 1389 440 1422 lacrimosa
471 1390 645 1430 poemata
671 1387 786 1431 Pupi]
819 1388 908 1421 Per-

170 1446 282 1480 quam
323 1436 420 1470 salse
458 1433 510 1477 ὠς
542 1435 583 1468 ἐν
618 1432 773 1483 παρόδῳ
810 1435 909 1469 ridet

167 1482 281 1527 Pupii
322 1483 451 1517 futiles
494 1483 727 1528 tragoedias,
770 1483 908 1526 quibus

169 1530 235 1564 ille
273 1541 313 1564 se
348 1533 603 1575 spectatorum
640 1530 796 1564 affectus
829 1541 907 1564 mo-

167 1577 265 1611 visse
292 1577 352 1611 vel
379 1578 603 1621 opinabatur
637 1577 906 1619 tantummodo,

168 1625 227 1658 vel
246 1635 378 1669 reapse
396 1625 610 1669 imperitum
625 1625 815 1669 popellum
833 1625 905 1659 sibi

170 1672 298 1706 afflere
319 1674 506 1718 coegerat.
527 1672 620 1711 Quis
639 1672 767 1714 fuerit,
787 1683 906 1717 quan-

169 1719 216 1752 do
241 1720 396 1762 vixerit,
428 1720 667 1764 ignoramus3
700 1719 777 1753 nisi
803 1719 905 1763 quod

168 1766 316 1800 videtur
357 1767 506 1800 Horatii
555 1767 726 1811 aequalis
773 1766 905 1808 fuisse,

169 1814 278 1847 nulla
302 1816 426 1848 tamen
453 1824 537 1847 cum
557 1825 599 1847 eo
618 1814 771 1847 iunctus
797 1813 904 1847 fami-

168 1860 342 1895 liaritate.
382 1860 613 1894 Scholiastae
641 1860 794 1905 quidem
819 1871 906 1894 nar-

168 1911 273 1950 rant,
309 1919 394 1942 eum
422 1907 493 1941 sibi
519 1908 621 1942 hunc
648 1907 904 1951 composuisse

170 1955 340 1989 titulum:
366 1956 519 1988 Ftebuut
539 1956 648 1988 amici
666 1957 697 1988 et
725 1956 810 1988 bene
828 1956 906 1987 uoti

167 2005 321 2036 mortem
357 2011 500 2035 meam:
541 2004 637 2036 Nam
671 2002 830 2044 populus
867 2004 906 2035 iu

167 2058 223 2082 me
238 2051 320 2083 vivo
347 2051 575 2083 lacrimatust
602 2050 663 2091 (al.
685 2050 904 2092 lacrimavit)

167 2098 281 2130 satis:
318 2096 419 2142 quod
446 2100 571 2131 tamen
604 2097 731 2142 potius
757 2096 904 2130 videtur

168 2145 338 2179 iocosum
364 2145 403 2178 in
423 2155 508 2178 eum
526 2154 547 2177 a
565 2145 694 2178 nescio
722 2155 796 2188 quo
816 2155 904 2178 con-

169 2192 353 2236 scriptum
379 2192 621 2237 epigramma.
657 2191 832 2225 Ceterum
858 2202 906 2225 ne

169 2239 214 2273 de
241 2240 431 2284 scriptura
450 2239 604 2284 quidem
630 2239 721 2273 satis
741 2241 906 2282 constat3

167 2286 264 2321 Feae
280 2287 380 2320 enim
395 2287 565 2321 diversae
580 2286 756 2321 videntur
771 2288 903 2331 gentes

167 2333 286 2368 fuisse
328 2335 453 2375 Pupia
499 2334 563 2377 (A.
606 2335 743 2375 Pupius
783 2335 904 2375 Rufus

167 2380 314 2414 Eckhel
347 2382 392 2415 D.
418 2381 461 2414 N.
496 2383 529 2415 5.
556 2392 591 2425 p.
619 2381 716 2423 290.)
744 2383 780 2414 et
805 2382 903 2422 Pup-

166 2429 232 2470 pia
259 2428 406 2471 (Cenot.
433 2428 509 2461 Pis.
527 2427 569 2461 L.
590 2428 761 2462 Caesaris
778 2427 902 2462 Noris.

170 2475 261 2509 Tab.
288 2474 355 2518 1.),
388 2474 426 2508 id
454 2475 555 2519 quod
580 2475 646 2508 alii
680 2477 832 2520 negant.
860 2493 902 2498 ——

172 2523 388 2565 lacrimosa]
419 2519 615 2568 θρηνώδη,
642 2523 815 2557 lacrimas
842 2532 903 2556 ex-

170 2569 346 2612 citantia,
380 2573 422 2602 ut
448 2570 522 2603 Sat.
561 2573 575 2602 1
593 2595 602 2611 ,
629 2572 669 2612 5,
697 2572 758 2604 80:
796 2571 905 2603 lacri-

168 2618 451 2658 mosousumo.

217 2714 273 2745 68.
293 2714 349 2746 69.
368 2710 799 2754 Fortunae-responsare]
818 2710 902 2744 Vid.

959 819 1033 854 Sat.
1069 823 1109 863 2,
1144 822 1185 862 7,
1219 822 1286 855 85:
1328 822 1560 863 Responsare
1591 823 1692 863 cupi-

957 869 1112 901 dinibus.
1163 867 1238 902 cfr.
1271 867 1427 913 Epicuri
1463 868 1559 902 illud
1590 868 1691 912 apud

956 915 1065 960 Diog.
1083 915 1126 948 L.
1146 917 1202 958 10,
1222 917 1309 949 120:
1328 913 1411 959 (τὸν
1429 913 1574 959 σοφὸν)
1593 913 1691 962 τύχῃ

957 959 1241 1005 ἀντιτάξεσθαι.
1268 962 1413 998 Seneca
1435 962 1554 1007 Epist.
1574 965 1630 1005 16,
1649 965 1689 997 5:

957 1011 1062 1043 Haec
1095 1010 1382 1054 (philosophia)
1421 1011 1690 1054 adhortabitur,

956 1059 996 1090 ut
1030 1059 1096 1091 deo
1125 1058 1277 1091 libenter
1298 1066 1515 1100 pareamus,
1550 1060 1589 1090 ut
1614 1059 1692 1100 for-

957 1106 1067 1138 tunae
1100 1106 1365 1138 contumaciter
1394 1106 1618 1138 resistamus.
1646 1123 1689 1128 —

955 1151 1147 1195 superbae]
1167 1150 1228 1185 Sic
1251 1153 1410 1185 Victoria
1432 1151 1532 1196 apud
1549 1151 1690 1186 Tibull.

959 1200 991 1239 2,
1017 1200 1051 1241 5,
1069 1201 1133 1233 46:
1159 1200 1243 1232 diva
1260 1200 1431 1241 superba.
1450 1218 1494 1223 -
1514 1199 1688 1242 erectum]

958 1245 1033 1279 Cic.
1059 1256 1127 1290 pro
1152 1246 1331 1280 Deiotaro
1359 1247 1423 1289 13,
1449 1248 1514 1281 36:
1551 1248 1690 1288 Manno

958 1294 1080 1326 animo
1120 1295 1152 1326 et
1190 1295 1306 1327 erecto
1343 1295 1393 1326 est
1430 1301 1496 1327 nec
1526 1301 1692 1334 unquam

955 1341 1159 1374 succumbet
1203 1341 1378 1383 inimica,
1425 1349 1471 1374 ue
1517 1342 1691 1383 [ortunae

957 1388 1115 1428 quidem.
1165 1386 1310 1422 Seneca
1340 1387 1386 1422 de
1411 1387 1500 1421 Vita
1523 1387 1634 1422 beata
1657 1390 1690 1422 4.

957 1434 1104 1469 beatam
1130 1435 1243 1469 vitam
1268 1434 1400 1469 definit
1431 1436 1585 1469 liberum
1609 1436 1692 1468 am·-

956 1490 1056 1516 mum
1088 1484 1120 1516 et
1155 1485 1315 1517 erectum
1347 1484 1380 1516 et
1411 1483 1622 1516 interritum
1647 1491 1692 1516 ac

954 1531 1133 1572 stabilem,
1161 1532 1269 1564 extra
1284 1532 1429 1572 metum,
1456 1532 1564 1564 extra
1589 1530 1691 1571 cupi-

955 1578 1104 1610 ditatem
1119 1578 1291 1619 positum.
1307 1596 1350 1601 —
1361 1577 1550 1621 praeseus]
1571 1587 1690 1620 „nun-

957 1635 1067 1668 quam
1094 1627 1129 1658 te
1157 1625 1352 1667 deserens,
1387 1634 1534 1668 semper
1566 1634 1691 1668 prom-

955 1674 1043 1716 ptus
1069 1671 1116 1705 ad
1142 1674 1178 1705 te
1205 1671 1485 1706 adiutandum.“
1505 1689 1550 1695 —-
1569 1670 1690 1713 aptat]

957 1721 1107 1763 „aptum
1121 1718 1169 1752 ad
1183 1717 1495 1762 respomsandum,
1510 1717 1690 1751 idoneum

955 1765 1002 1799 ad
1028 1766 1098 1799 hoc
1117 1767 1305 1799 certamen
1323 1764 1460 1807 reddit,
1486 1765 1586 1799 vires
1605 1767 1690 1799 tuas

954 1822 1094 1846 acuens
1112 1815 1225 1857 atque
1244 1812 1421 1857 augens.“
1448 1811 1689 1847 Constructio

953 1862 1294 1901 responsare-aptat
1313 1859 1527 1893 occultatur
1544 1860 1604 1894 vel
1621 1858 1691 1893 mi-

955 1907 1095 1952 tigatur
1109 1907 1334 1951 interposito
1347 1917 1380 1939 v.
1391 1908 1571 1948 hortatur,
1587 1905 1689 1951 quod

954 1954 1078 1998 ipsum
1096 1954 1137 1987 in
1151 1965 1264 1999 prosa
1277 1954 1446 1988 oratione
1460 1954 1586 1988 rarius
1604 1963 1690 1987 cum

953 2001 1142 2035 infinitivo
1181 2001 1430 2045 componitur.
1481 2000 1583 2044 (Cic.
1618 2010 1688 2045 pro

955 2048 1040 2083 Sest
1065 2051 1098 2091 3,
1124 2048 1173 2091 7.)

1003 2145 1123 2178 70-75.
1151 2144 1289 2185 Quodsi
1304 2142 1388 2186 cet.]
1417 2141 1546 2185 „Ultro
1569 2142 1692 2176 fateor

955 2201 1079 2224 meum
1106 2190 1292 2225 iudicium
1316 2190 1538 2234 praesertim
1563 2190 1604 2223 in
1629 2189 1691 2232 iis,

958 2249 1054 2283 quae
1073 2238 1119 2272 ad
1138 2249 1228 2283 opes
1246 2238 1486 2282 honoresque
1506 2238 1690 2281 spectant,

954 2286 1065 2331 longe
1099 2285 1242 2320 distare
1276 2284 1323 2318 ab
1356 2295 1419 2326 eo,
1458 2283 1560 2328 quod
1593 2283 1689 2318 solet

954 2333 1062 2377 sequi
1096 2333 1212 2367 stulta
1247 2331 1471 2374 multitudo,
1506 2340 1688 2374 meaeque

954 2379 1164 2415 sententiae
1184 2379 1368 2413 rationem
1387 2378 1468 2412 sine
1482 2388 1587 2411 mora
1603 2376 1689 2410 red-

953 2427 1042 2461 dere
1076 2429 1229 2471 paratus
1264 2436 1359 2460 sum.
1407 2423 1501 2458 Nam
1533 2425 1565 2458 si
1590 2424 1689 2458 forte

952 2474 1138 2520 populus“
1167 2472 1317 2516 (addita
1341 2483 1375 2506 v.
1400 2473 1589 2506 Romanus
1614 2471 1687 2505 iro-

953 2522 1039 2556 niae
1057 2521 1230 2563 inservit)
1259 2530 1339 2563 „me
1358 2522 1476 2565 roget,
1502 2529 1570 2553 cur
1586 2518 1688 2551 inter

952 2570 1076 2613 ipsum
1093 2578 1221 2602 verser
1241 2567 1391 2612 quidem
1418 2565 1588 2611 quotidie
1607 2574 1688 2599 eas-

954 2616 1113 2659 demque
1151 2625 1234 2648 cum
1269 2614 1404 2648 ceteris
1430 2612 1575 2647 civibus
1599 2622 1686 2657 por-

953 2664 1051 2697 ticus
1069 2662 1330 2707 perambulare
1345 2661 1494 2704 soleam,
1513 2659 1578 2694 sed
1593 2658 1685 2693 cet.“

955 2729 998 2736 -
1017 2709 1140 2752 fruar]
1161 2712 1224 2752 „et
1246 2708 1456 2754 porticibus
1481 2710 1519 2742 et
1535 2705 1686 2741 iudiciis
