<?xml version="1.0" encoding="UTF-8"?>
<!DOCTYPE html PUBLIC "-//W3C//DTD XHTML 1.0 Transitional//EN"
    "http://www.w3.org/TR/xhtml1/DTD/xhtml1-transitional.dtd">
<html xmlns="http://www.w3.org/1999/xhtml" xml:lang="en" lang="en">
 <head>
  <title>
</title>
<meta http-equiv="Content-Type" content="text/html;charset=utf-8" />
  <meta name='ocr-system' content='tesseract 3.04.00' />
  <meta name='ocr-capabilities' content='ocr_page ocr_carea ocr_par ocr_line ocrx_word'/>
</head>
<body>
  <div class='ocr_page' id='page_1' title='image "./qhoratiusflaccus00horauoft_0340.png"; bbox 0 0 1774 2930; ppageno 0'>
   <div class='ocr_carea' id='block_1_1' title="bbox 109 155 196 196">
    <p class='ocr_par' dir='ltr' id='par_1_1' title="bbox 109 155 196 196">
     <span class='ocr_line' id='line_1_1' title="bbox 109 155 196 196; baseline 0 0"><span class='ocrx_word' id='word_1_1' title='bbox 109 155 196 196; x_wconf 83' lang='lat'><strong>332</strong></span> 
     </span>
    </p>
   </div>
   <div class='ocr_carea' id='block_1_2' title="bbox 583 155 1162 191">
    <p class='ocr_par' dir='ltr' id='par_1_2' title="bbox 583 155 1162 191">
     <span class='ocr_line' id='line_1_2' title="bbox 583 155 1162 191; baseline 0.003 -2"><span class='ocrx_word' id='word_1_2' title='bbox 583 155 790 190; x_wconf 82' lang='lat' dir='ltr'><strong>HORATII</strong></span> <span class='ocrx_word' id='word_1_3' title='bbox 814 155 1162 191; x_wconf 74' lang='lat' dir='ltr'><strong>EPISTULARUM</strong></span> 
     </span>
    </p>
   </div>
   <div class='ocr_carea' id='block_1_3' title="bbox 228 255 1207 313">
    <p class='ocr_par' dir='ltr' id='par_1_3' title="bbox 228 255 1207 313">
     <span class='ocr_line' id='line_1_3' title="bbox 228 255 1207 313; baseline 0.001 -15"><span class='ocrx_word' id='word_1_4' title='bbox 228 256 286 298; x_wconf 90' lang='lat' dir='ltr'><strong>Ut</strong></span> <span class='ocrx_word' id='word_1_5' title='bbox 318 255 578 299; x_wconf 79' lang='lat' dir='ltr'><strong>fortunatam</strong></span> <span class='ocrx_word' id='word_1_6' title='bbox 608 257 736 313; x_wconf 82' lang='lat' dir='ltr'>plene</span> <span class='ocrx_word' id='word_1_7' title='bbox 767 258 1033 312; x_wconf 77' lang='lat' dir='ltr'><strong>praestantia</strong></span> <span class='ocrx_word' id='word_1_8' title='bbox 1061 258 1207 300; x_wconf 82' lang='lat' dir='ltr'><strong>vitam.</strong></span> 
     </span>
    </p>
   </div>
   <div class='ocr_carea' id='block_1_4' title="bbox 228 326 1339 382">
    <p class='ocr_par' dir='ltr' id='par_1_4' title="bbox 228 326 1339 382">
     <span class='ocr_line' id='line_1_4' title="bbox 228 326 1339 382; baseline 0.002 -13"><span class='ocrx_word' id='word_1_9' title='bbox 228 326 339 381; x_wconf 89' lang='lat' dir='ltr'><strong>Nec,</strong></span> <span class='ocrx_word' id='word_1_10' title='bbox 371 328 408 368; x_wconf 90' lang='lat' dir='ltr'><strong>si</strong></span> <span class='ocrx_word' id='word_1_11' title='bbox 440 332 484 370; x_wconf 92' lang='lat' dir='ltr'><strong>te</strong></span> <span class='ocrx_word' id='word_1_12' title='bbox 514 327 683 370; x_wconf 85' lang='lat' dir='ltr'><strong>validus</strong></span> <span class='ocrx_word' id='word_1_13' title='bbox 714 328 939 370; x_wconf 84' lang='lat' dir='ltr'><strong>iactaverit</strong></span> <span class='ocrx_word' id='word_1_14' title='bbox 967 327 1127 371; x_wconf 77' lang='lat' dir='ltr'><strong>Auster</strong></span> <span class='ocrx_word' id='word_1_15' title='bbox 1156 329 1203 370; x_wconf 93' lang='lat' dir='ltr'><strong>in</strong></span> <span class='ocrx_word' id='word_1_16' title='bbox 1233 328 1339 382; x_wconf 86' lang='lat' dir='ltr'><strong>alto,</strong></span> 
     </span>
    </p>
   </div>
   <div class='ocr_carea' id='block_1_5' title="bbox 1582 330 1633 370">
    <p class='ocr_par' dir='ltr' id='par_1_5' title="bbox 1582 330 1633 370">
     <span class='ocr_line' id='line_1_5' title="bbox 1582 330 1633 370; baseline 0.02 -1"><span class='ocrx_word' id='word_1_17' title='bbox 1582 330 1633 370; x_wconf 87' lang='lat'><strong>15</strong></span> 
     </span>
    </p>
   </div>
   <div class='ocr_carea' id='block_1_6' title="bbox 227 397 1492 665">
    <p class='ocr_par' dir='ltr' id='par_1_6' title="bbox 227 397 1492 597">
     <span class='ocr_line' id='line_1_6' title="bbox 227 397 1336 454; baseline 0.002 -15"><span class='ocrx_word' id='word_1_18' title='bbox 227 397 390 440; x_wconf 83' lang='lat' dir='ltr'><strong>Idcirco</strong></span> <span class='ocrx_word' id='word_1_19' title='bbox 422 412 577 441; x_wconf 85' lang='lat' dir='ltr'><strong>navem</strong></span> <span class='ocrx_word' id='word_1_20' title='bbox 606 403 726 441; x_wconf 85' lang='lat' dir='ltr'><strong>trans</strong></span> <span class='ocrx_word' id='word_1_21' title='bbox 757 397 982 454; x_wconf 85' lang='lat' dir='ltr'><strong>Aegaeum</strong></span> <span class='ocrx_word' id='word_1_22' title='bbox 1012 413 1129 442; x_wconf 83' lang='lat' dir='ltr'><strong>mare</strong></span> <span class='ocrx_word' id='word_1_23' title='bbox 1161 399 1336 442; x_wconf 81' lang='lat' dir='ltr'><strong>vendas.</strong></span> 
     </span>
     <span class='ocr_line' id='line_1_7' title="bbox 228 467 1492 526; baseline 0.002 -16"><span class='ocrx_word' id='word_1_24' title='bbox 228 467 438 511; x_wconf 81' lang='lat' dir='ltr'><strong>Incolumi</strong></span> <span class='ocrx_word' id='word_1_25' title='bbox 468 469 647 512; x_wconf 83' lang='lat' dir='ltr'><strong>Rhodos</strong></span> <span class='ocrx_word' id='word_1_26' title='bbox 680 473 724 512; x_wconf 90' lang='lat' dir='ltr'><strong>et</strong></span> <span class='ocrx_word' id='word_1_27' title='bbox 752 469 960 526; x_wconf 74' lang='lat' dir='ltr'><strong>Mytilene</strong></span> <span class='ocrx_word' id='word_1_28' title='bbox 991 470 1170 526; x_wconf 86' lang='lat' dir='ltr'><strong>pulchra</strong></span> <span class='ocrx_word' id='word_1_29' title='bbox 1199 469 1320 523; x_wconf 84' lang='lat' dir='ltr'><strong>facit,</strong></span> <span class='ocrx_word' id='word_1_30' title='bbox 1353 470 1467 526; x_wconf 88' lang='lat' dir='ltr'><strong>quod</strong></span> <span class='ocrx_word' id='word_1_31' title='bbox 1483 493 1492 496; x_wconf 95' lang='lat'><strong>··</strong></span> 
     </span>
     <span class='ocr_line' id='line_1_8' title="bbox 227 539 1346 597; baseline 0.001 -16"><span class='ocrx_word' id='word_1_32' title='bbox 227 539 423 582; x_wconf 87' lang='lat' dir='ltr'><strong>Paenula</strong></span> <span class='ocrx_word' id='word_1_33' title='bbox 454 540 658 594; x_wconf 88' lang='lat' dir='ltr'><strong>solstitio,</strong></span> <span class='ocrx_word' id='word_1_34' title='bbox 693 545 934 597; x_wconf 81' lang='lat' dir='ltr'><strong>campestre</strong></span> <span class='ocrx_word' id='word_1_35' title='bbox 964 541 1178 584; x_wconf 86' lang='lat' dir='ltr'><strong>nivalibus</strong></span> <span class='ocrx_word' id='word_1_36' title='bbox 1211 541 1346 594; x_wconf 86' lang='lat' dir='ltr'><strong>auris,</strong></span> 
     </span>
    </p>

    <p class='ocr_par' dir='ltr' id='par_1_7' title="bbox 228 610 1372 665">
     <span class='ocr_line' id='line_1_9' title="bbox 228 610 1372 665; baseline 0.002 -13"><span class='ocrx_word' id='word_1_37' title='bbox 228 610 316 653; x_wconf 88' lang='lat' dir='ltr'><strong>Per</strong></span> <span class='ocrx_word' id='word_1_38' title='bbox 346 611 541 654; x_wconf 91' lang='lat' dir='ltr'><strong>brumam</strong></span> <span class='ocrx_word' id='word_1_39' title='bbox 575 611 765 665; x_wconf 86' lang='lat' dir='ltr'><strong>Tiberis,</strong></span> <span class='ocrx_word' id='word_1_40' title='bbox 799 611 955 654; x_wconf 81' lang='lat' dir='ltr'><strong>Sextili</strong></span> <span class='ocrx_word' id='word_1_41' title='bbox 984 626 1134 656; x_wconf 87' lang='lat' dir='ltr'><strong>mense</strong></span> <span class='ocrx_word' id='word_1_42' title='bbox 1165 612 1372 654; x_wconf 87' lang='lat' dir='ltr'><strong>caminus.</strong></span> 
     </span>
    </p>
   </div>
   <div class='ocr_carea' id='block_1_7' title="bbox 229 681 1431 738">
    <p class='ocr_par' dir='ltr' id='par_1_8' title="bbox 229 681 1431 738">
     <span class='ocr_line' id='line_1_10' title="bbox 229 681 1431 738; baseline 0.002 -15"><span class='ocrx_word' id='word_1_43' title='bbox 229 681 345 723; x_wconf 88' lang='lat' dir='ltr'><strong>Dum</strong></span> <span class='ocrx_word' id='word_1_44' title='bbox 375 682 476 724; x_wconf 91' lang='lat' dir='ltr'><strong>licet</strong></span> <span class='ocrx_word' id='word_1_45' title='bbox 508 696 557 724; x_wconf 87' lang='lat' dir='ltr'><strong>ac</strong></span> <span class='ocrx_word' id='word_1_46' title='bbox 588 683 751 725; x_wconf 84' lang='lat' dir='ltr'><strong>voltum</strong></span> <span class='ocrx_word' id='word_1_47' title='bbox 784 688 927 726; x_wconf 84' lang='lat' dir='ltr'><strong>servat</strong></span> <span class='ocrx_word' id='word_1_48' title='bbox 956 683 1149 726; x_wconf 83' lang='lat' dir='ltr'><strong>Fortuna</strong></span> <span class='ocrx_word' id='word_1_49' title='bbox 1179 683 1431 738; x_wconf 86' lang='lat' dir='ltr'><strong>benignum,</strong></span> 
     </span>
    </p>
   </div>
   <div class='ocr_carea' id='block_1_8' title="bbox 1579 684 1635 724">
    <p class='ocr_par' dir='ltr' id='par_1_9' title="bbox 1579 684 1635 724">
     <span class='ocr_line' id='line_1_11' title="bbox 1579 684 1635 724; baseline 0.018 -1"><span class='ocrx_word' id='word_1_50' title='bbox 1579 684 1635 724; x_wconf 83' lang='lat'><strong>20</strong></span> 
     </span>
    </p>
   </div>
   <div class='ocr_carea' id='block_1_9' title="bbox 231 752 1531 797">
    <p class='ocr_par' dir='ltr' id='par_1_10' title="bbox 231 752 1531 797">
     <span class='ocr_line' id='line_1_12' title="bbox 231 752 1531 797; baseline 0.002 -4"><span class='ocrx_word' id='word_1_51' title='bbox 231 752 395 796; x_wconf 85' lang='lat' dir='ltr'><strong>Romae</strong></span> <span class='ocrx_word' id='word_1_52' title='bbox 426 753 630 796; x_wconf 78' lang='lat' dir='ltr'><strong>laudetur</strong></span> <span class='ocrx_word' id='word_1_53' title='bbox 657 754 807 796; x_wconf 80' lang='lat' dir='ltr'><strong>Samos</strong></span> <span class='ocrx_word' id='word_1_54' title='bbox 839 759 884 797; x_wconf 92' lang='lat' dir='ltr'><strong>et</strong></span> <span class='ocrx_word' id='word_1_55' title='bbox 915 754 1047 797; x_wconf 82' lang='lat' dir='ltr'><strong>Chios</strong></span> <span class='ocrx_word' id='word_1_56' title='bbox 1081 758 1124 797; x_wconf 92' lang='lat' dir='ltr'><strong>et</strong></span> <span class='ocrx_word' id='word_1_57' title='bbox 1153 753 1332 796; x_wconf 85' lang='lat' dir='ltr'><strong>Rhodos</strong></span> <span class='ocrx_word' id='word_1_58' title='bbox 1361 754 1531 796; x_wconf 85' lang='lat' dir='ltr'><strong>absens.</strong></span> 
     </span>
    </p>
   </div>
   <div class='ocr_carea' id='block_1_10' title="bbox 211 882 1419 928">
    <p class='ocr_par' dir='ltr' id='par_1_11' title="bbox 211 882 1419 928">
     <span class='ocr_line' id='line_1_13' title="bbox 211 882 1419 928; baseline 0.002 -13"><span class='ocrx_word' id='word_1_59' title='bbox 211 885 265 916; x_wconf 87' lang='lat'><strong>16.</strong></span> <span class='ocrx_word' id='word_1_60' title='bbox 291 884 415 916; x_wconf 76' lang='lat' dir='ltr'><strong>navim</strong></span> <span class='ocrx_word' id='word_1_61' title='bbox 440 883 549 928; x_wconf 87' lang='lat' dir='ltr'><strong>bcdp,</strong></span> <span class='ocrx_word' id='word_1_62' title='bbox 576 882 619 917; x_wconf 93' lang='lat' dir='ltr'><strong>O.</strong></span> <span class='ocrx_word' id='word_1_63' title='bbox 648 903 689 907; x_wconf 76' lang='lat'>—</span> <span class='ocrx_word' id='word_1_64' title='bbox 720 885 774 917; x_wconf 90' lang='lat'><strong>18.</strong></span> <span class='ocrx_word' id='word_1_65' title='bbox 800 885 897 917; x_wconf 70' lang='lat' dir='ltr'><strong>horis</strong></span> <span class='ocrx_word' id='word_1_66' title='bbox 924 883 947 917; x_wconf 89' lang='lat' dir='ltr'><strong>d</strong></span> <span class='ocrx_word' id='word_1_67' title='bbox 974 887 1010 918; x_wconf 90' lang='lat' dir='ltr'><strong>et</strong></span> <span class='ocrx_word' id='word_1_68' title='bbox 1036 893 1225 928; x_wconf 85' lang='lat' dir='ltr'><strong>superscr.</strong></span> <span class='ocrx_word' id='word_1_69' title='bbox 1252 885 1355 918; x_wconf 69' lang='lat' dir='ltr'><strong>aum</strong></span> <span class='ocrx_word' id='word_1_70' title='bbox 1381 883 1419 918; x_wconf 77' lang='lat' dir='ltr'><strong>S.</strong></span> 
     </span>
    </p>
   </div>
   <div class='ocr_carea' id='block_1_11' title="bbox 79 981 859 2540">
    <p class='ocr_par' dir='ltr' id='par_1_12' title="bbox 79 981 856 2199">
     <span class='ocr_line' id='line_1_14' title="bbox 111 981 851 1028; baseline 0.003 -13"><span class='ocrx_word' id='word_1_71' title='bbox 111 981 214 1015; x_wconf 87' lang='lat' dir='ltr'><strong>enim</strong></span> <span class='ocrx_word' id='word_1_72' title='bbox 257 983 357 1027; x_wconf 80' lang='lat' dir='ltr'><strong>apud</strong></span> <span class='ocrx_word' id='word_1_73' title='bbox 399 983 577 1028; x_wconf 87' lang='lat' dir='ltr'><strong>antiquos</strong></span> <span class='ocrx_word' id='word_1_74' title='bbox 627 984 851 1028; x_wconf 86' lang='lat' dir='ltr'><strong>plerumque</strong></span> 
     </span>
     <span class='ocr_line' id='line_1_15' title="bbox 111 1030 852 1065; baseline 0.003 -2"><span class='ocrx_word' id='word_1_75' title='bbox 111 1031 222 1063; x_wconf 85' lang='lat' dir='ltr'><strong>erant</strong></span> <span class='ocrx_word' id='word_1_76' title='bbox 257 1032 332 1063; x_wconf 88' lang='lat' dir='ltr'><strong>tam</strong></span> <span class='ocrx_word' id='word_1_77' title='bbox 369 1030 628 1065; x_wconf 90' lang='lat' dir='ltr'><strong>incommodae</strong></span> <span class='ocrx_word' id='word_1_78' title='bbox 655 1042 698 1064; x_wconf 81' lang='lat' dir='ltr'><strong>ac</strong></span> <span class='ocrx_word' id='word_1_79' title='bbox 733 1031 852 1065; x_wconf 87' lang='lat' dir='ltr'><strong>sordi-</strong></span> 
     </span>
     <span class='ocr_line' id='line_1_16' title="bbox 112 1076 852 1122; baseline 0.003 -12"><span class='ocrx_word' id='word_1_80' title='bbox 112 1076 203 1119; x_wconf 87' lang='lat' dir='ltr'><strong>dae,</strong></span> <span class='ocrx_word' id='word_1_81' title='bbox 234 1079 276 1110; x_wconf 94' lang='lat' dir='ltr'><strong>ut</strong></span> <span class='ocrx_word' id='word_1_82' title='bbox 300 1077 341 1110; x_wconf 91' lang='lat' dir='ltr'><strong>in</strong></span> <span class='ocrx_word' id='word_1_83' title='bbox 367 1077 413 1111; x_wconf 88' lang='lat' dir='ltr'><strong>iis</strong></span> <span class='ocrx_word' id='word_1_84' title='bbox 446 1078 510 1111; x_wconf 92' lang='lat' dir='ltr'><strong>diu</strong></span> <span class='ocrx_word' id='word_1_85' title='bbox 545 1081 695 1122; x_wconf 89' lang='lat' dir='ltr'><strong>tempus</strong></span> <span class='ocrx_word' id='word_1_86' title='bbox 728 1081 852 1112; x_wconf 87' lang='lat' dir='ltr'><strong>terere</strong></span> 
     </span>
     <span class='ocr_line' id='line_1_17' title="bbox 111 1124 852 1168; baseline 0.001 -10"><span class='ocrx_word' id='word_1_87' title='bbox 111 1124 277 1168; x_wconf 87' lang='lat' dir='ltr'><strong>pessima</strong></span> <span class='ocrx_word' id='word_1_88' title='bbox 303 1128 403 1159; x_wconf 87' lang='lat' dir='ltr'><strong>esset</strong></span> <span class='ocrx_word' id='word_1_89' title='bbox 429 1125 615 1159; x_wconf 87' lang='lat' dir='ltr'><strong>condicio.</strong></span> <span class='ocrx_word' id='word_1_90' title='bbox 657 1125 852 1168; x_wconf 83' lang='lat' dir='ltr'><strong>„Summae</strong></span> 
     </span>
     <span class='ocr_line' id='line_1_18' title="bbox 113 1171 852 1216; baseline 0.001 -11"><span class='ocrx_word' id='word_1_91' title='bbox 113 1171 268 1216; x_wconf 82' lang='lat' dir='ltr'><strong>igitur“,</strong></span> <span class='ocrx_word' id='word_1_92' title='bbox 309 1172 457 1216; x_wconf 89' lang='lat' dir='ltr'><strong>inquit,</strong></span> <span class='ocrx_word' id='word_1_93' title='bbox 501 1173 707 1215; x_wconf 79' lang='lat' dir='ltr'><strong>„stultitiae</strong></span> <span class='ocrx_word' id='word_1_94' title='bbox 742 1175 852 1213; x_wconf 85' lang='lat' dir='ltr'><strong>esset,</strong></span> 
     </span>
     <span class='ocr_line' id='line_1_19' title="bbox 113 1219 853 1264; baseline 0.003 -12"><span class='ocrx_word' id='word_1_95' title='bbox 113 1219 147 1253; x_wconf 89' lang='lat' dir='ltr'><strong>si</strong></span> <span class='ocrx_word' id='word_1_96' title='bbox 181 1219 268 1263; x_wconf 86' lang='lat' dir='ltr'><strong>quis</strong></span> <span class='ocrx_word' id='word_1_97' title='bbox 303 1219 343 1252; x_wconf 96' lang='lat' dir='ltr'><strong>in</strong></span> <span class='ocrx_word' id='word_1_98' title='bbox 370 1220 431 1253; x_wconf 82' lang='lat' dir='ltr'><strong>via</strong></span> <span class='ocrx_word' id='word_1_99' title='bbox 455 1220 578 1264; x_wconf 88' lang='lat' dir='ltr'><strong>Appia</strong></span> <span class='ocrx_word' id='word_1_100' title='bbox 611 1220 731 1254; x_wconf 85' lang='lat' dir='ltr'><strong>imbre</strong></span> <span class='ocrx_word' id='word_1_101' title='bbox 763 1231 853 1264; x_wconf 89' lang='lat' dir='ltr'><strong>per-</strong></span> 
     </span>
     <span class='ocr_line' id='line_1_20' title="bbox 112 1266 853 1312; baseline 0.001 -12"><span class='ocrx_word' id='word_1_102' title='bbox 112 1266 346 1300; x_wconf 86' lang='lat' dir='ltr'><strong>madefactus</strong></span> <span class='ocrx_word' id='word_1_103' title='bbox 373 1277 450 1300; x_wconf 91' lang='lat' dir='ltr'><strong>non</strong></span> <span class='ocrx_word' id='word_1_104' title='bbox 475 1267 547 1301; x_wconf 89' lang='lat' dir='ltr'><strong>iter</strong></span> <span class='ocrx_word' id='word_1_105' title='bbox 572 1269 761 1312; x_wconf 83' lang='lat' dir='ltr'><strong>pergeret,</strong></span> <span class='ocrx_word' id='word_1_106' title='bbox 788 1267 853 1301; x_wconf 89' lang='lat' dir='ltr'><strong>sed</strong></span> 
     </span>
     <span class='ocr_line' id='line_1_21' title="bbox 113 1314 854 1358; baseline 0 -11"><span class='ocrx_word' id='word_1_107' title='bbox 113 1314 154 1347; x_wconf 92' lang='lat' dir='ltr'><strong>in</strong></span> <span class='ocrx_word' id='word_1_108' title='bbox 197 1324 408 1358; x_wconf 83' lang='lat' dir='ltr'><strong>cauponam</strong></span> <span class='ocrx_word' id='word_1_109' title='bbox 452 1325 535 1348; x_wconf 84' lang='lat' dir='ltr'><strong>sese</strong></span> <span class='ocrx_word' id='word_1_110' title='bbox 577 1314 752 1354; x_wconf 87' lang='lat' dir='ltr'><strong>abderet,</strong></span> <span class='ocrx_word' id='word_1_111' title='bbox 794 1315 854 1348; x_wconf 82' lang='lat' dir='ltr'><strong>vel</strong></span> 
     </span>
     <span class='ocr_line' id='line_1_22' title="bbox 112 1361 853 1406; baseline 0.001 -12"><span class='ocrx_word' id='word_1_112' title='bbox 112 1361 255 1406; x_wconf 82' lang='lat' dir='ltr'><strong>frigore</strong></span> <span class='ocrx_word' id='word_1_113' title='bbox 269 1361 430 1395; x_wconf 89' lang='lat' dir='ltr'><strong>hiberno</strong></span> <span class='ocrx_word' id='word_1_114' title='bbox 451 1365 649 1406; x_wconf 86' lang='lat' dir='ltr'><strong>correptus</strong></span> <span class='ocrx_word' id='word_1_115' title='bbox 668 1365 705 1395; x_wconf 87' lang='lat' dir='ltr'><strong>et</strong></span> <span class='ocrx_word' id='word_1_116' title='bbox 722 1362 853 1406; x_wconf 88' lang='lat' dir='ltr'><strong>rigens</strong></span> 
     </span>
     <span class='ocr_line' id='line_1_23' title="bbox 114 1409 854 1454; baseline 0.001 -13"><span class='ocrx_word' id='word_1_117' title='bbox 114 1419 191 1442; x_wconf 91' lang='lat' dir='ltr'><strong>non</strong></span> <span class='ocrx_word' id='word_1_118' title='bbox 218 1409 303 1443; x_wconf 90' lang='lat' dir='ltr'><strong>ideo</strong></span> <span class='ocrx_word' id='word_1_119' title='bbox 329 1412 475 1443; x_wconf 85' lang='lat' dir='ltr'><strong>tantum</strong></span> <span class='ocrx_word' id='word_1_120' title='bbox 493 1410 533 1442; x_wconf 92' lang='lat' dir='ltr'><strong>in</strong></span> <span class='ocrx_word' id='word_1_121' title='bbox 552 1409 719 1454; x_wconf 85' lang='lat' dir='ltr'><strong>aliquem</strong></span> <span class='ocrx_word' id='word_1_122' title='bbox 736 1410 854 1453; x_wconf 85' lang='lat' dir='ltr'><strong>pisto-</strong></span> 
     </span>
     <span class='ocr_line' id='line_1_24' title="bbox 113 1456 855 1499; baseline 0.001 -10"><span class='ocrx_word' id='word_1_123' title='bbox 113 1456 168 1490; x_wconf 90' lang='lat' dir='ltr'><strong>ris</strong></span> <span class='ocrx_word' id='word_1_124' title='bbox 186 1456 342 1490; x_wconf 90' lang='lat' dir='ltr'><strong>furnum</strong></span> <span class='ocrx_word' id='word_1_125' title='bbox 360 1457 418 1490; x_wconf 85' lang='lat' dir='ltr'><strong>vel</strong></span> <span class='ocrx_word' id='word_1_126' title='bbox 437 1457 476 1490; x_wconf 92' lang='lat' dir='ltr'><strong>in</strong></span> <span class='ocrx_word' id='word_1_127' title='bbox 495 1457 659 1490; x_wconf 87' lang='lat' dir='ltr'><strong>thermas</strong></span> <span class='ocrx_word' id='word_1_128' title='bbox 682 1456 855 1499; x_wconf 79' lang='lat' dir='ltr'><strong>intraret,</strong></span> 
     </span>
     <span class='ocr_line' id='line_1_25' title="bbox 115 1504 855 1544; baseline 0.001 -8"><span class='ocrx_word' id='word_1_129' title='bbox 115 1506 159 1537; x_wconf 86' lang='lat' dir='ltr'><strong>ut</strong></span> <span class='ocrx_word' id='word_1_130' title='bbox 184 1514 223 1537; x_wconf 88' lang='lat' dir='ltr'><strong>se</strong></span> <span class='ocrx_word' id='word_1_131' title='bbox 250 1504 464 1544; x_wconf 82' lang='lat' dir='ltr'><strong>calfaceret,</strong></span> <span class='ocrx_word' id='word_1_132' title='bbox 492 1504 579 1538; x_wconf 86' lang='lat' dir='ltr'><strong>sed“</strong></span> <span class='ocrx_word' id='word_1_133' title='bbox 608 1507 677 1538; x_wconf 87' lang='lat' dir='ltr'><strong>cet.</strong></span> <span class='ocrx_word' id='word_1_134' title='bbox 704 1523 748 1528; x_wconf 89' lang='lat'><strong>—-</strong></span> <span class='ocrx_word' id='word_1_135' title='bbox 772 1505 855 1537; x_wconf 66' lang='lat' dir='ltr'><strong>Fre·-</strong></span> 
     </span>
     <span class='ocr_line' id='line_1_26' title="bbox 115 1550 854 1594; baseline 0 -10"><span class='ocrx_word' id='word_1_136' title='bbox 115 1559 198 1592; x_wconf 73' lang='lat' dir='ltr'><strong>ous,</strong></span> <span class='ocrx_word' id='word_1_137' title='bbox 240 1552 339 1584; x_wconf 79' lang='lat' dir='ltr'><strong>sitim</strong></span> <span class='ocrx_word' id='word_1_138' title='bbox 381 1550 510 1594; x_wconf 79' lang='lat' dir='ltr'><strong>(Ovid.</strong></span> <span class='ocrx_word' id='word_1_139' title='bbox 547 1551 635 1586; x_wconf 87' lang='lat' dir='ltr'><strong>Met.</strong></span> <span class='ocrx_word' id='word_1_140' title='bbox 674 1554 714 1594; x_wconf 89' lang='lat'><strong>5,</strong></span> <span class='ocrx_word' id='word_1_141' title='bbox 757 1552 854 1593; x_wconf 82' lang='lat'><strong>446.)</strong></span> 
     </span>
     <span class='ocr_line' id='line_1_27' title="bbox 114 1599 855 1643; baseline 0.003 -13"><span class='ocrx_word' id='word_1_142' title='bbox 114 1599 288 1639; x_wconf 75' lang='lat' dir='ltr'><strong>colliqcre</strong></span> <span class='ocrx_word' id='word_1_143' title='bbox 315 1601 372 1633; x_wconf 89' lang='lat' dir='ltr'><strong>est</strong></span> <span class='ocrx_word' id='word_1_144' title='bbox 396 1610 453 1643; x_wconf 91' lang='lat' dir='ltr'><strong>pr.</strong></span> <span class='ocrx_word' id='word_1_145' title='bbox 482 1599 543 1641; x_wconf 80' lang='lat' dir='ltr'><strong>„in</strong></span> <span class='ocrx_word' id='word_1_146' title='bbox 570 1599 747 1633; x_wconf 90' lang='lat' dir='ltr'><strong>intimum</strong></span> <span class='ocrx_word' id='word_1_147' title='bbox 773 1609 855 1632; x_wconf 90' lang='lat' dir='ltr'><strong>cor-</strong></span> 
     </span>
     <span class='ocr_line' id='line_1_28' title="bbox 114 1646 856 1690; baseline 0 -12"><span class='ocrx_word' id='word_1_148' title='bbox 114 1656 186 1689; x_wconf 86' lang='lat' dir='ltr'><strong>pus</strong></span> <span class='ocrx_word' id='word_1_149' title='bbox 224 1646 430 1690; x_wconf 85' lang='lat' dir='ltr'><strong>recipere.“</strong></span> <span class='ocrx_word' id='word_1_150' title='bbox 468 1665 510 1670; x_wconf 81' lang='lat'><strong>-—</strong></span> <span class='ocrx_word' id='word_1_151' title='bbox 546 1648 688 1680; x_wconf 83' lang='lat' dir='ltr'><strong>Idcirco</strong></span> <span class='ocrx_word' id='word_1_152' title='bbox 710 1655 856 1682; x_wconf 76' lang='lat' dir='ltr'><strong>,navem</strong></span> 
     </span>
     <span class='ocr_line' id='line_1_29' title="bbox 114 1692 854 1738; baseline 0 -12"><span class='ocrx_word' id='word_1_153' title='bbox 114 1693 200 1736; x_wconf 65' lang='lat' dir='ltr'><strong>oet]</strong></span> <span class='ocrx_word' id='word_1_154' title='bbox 228 1692 327 1735; x_wconf 82' lang='lat' dir='ltr'><strong>„Nec</strong></span> <span class='ocrx_word' id='word_1_155' title='bbox 344 1696 503 1737; x_wconf 82' lang='lat' dir='ltr'><strong>propter</strong></span> <span class='ocrx_word' id='word_1_156' title='bbox 522 1704 636 1727; x_wconf 83' lang='lat' dir='ltr'><strong>unam</strong></span> <span class='ocrx_word' id='word_1_157' title='bbox 650 1693 854 1738; x_wconf 81' lang='lat' dir='ltr'><strong>procellam</strong></span> 
     </span>
     <span class='ocr_line' id='line_1_30' title="bbox 79 1740 854 1786; baseline 0.001 -14"><span class='ocrx_word' id='word_1_158' title='bbox 79 1782 83 1786; x_wconf 25' lang='grc' dir='ltr'>ι</span> <span class='ocrx_word' id='word_1_159' title='bbox 116 1740 203 1773; x_wconf 84' lang='lat' dir='ltr'><strong>navi</strong></span> <span class='ocrx_word' id='word_1_160' title='bbox 229 1741 392 1783; x_wconf 83' lang='lat' dir='ltr'><strong>vendita,</strong></span> <span class='ocrx_word' id='word_1_161' title='bbox 418 1743 455 1774; x_wconf 92' lang='lat' dir='ltr'><strong>et</strong></span> <span class='ocrx_word' id='word_1_162' title='bbox 481 1741 633 1785; x_wconf 89' lang='lat' dir='ltr'><strong>quidem</strong></span> <span class='ocrx_word' id='word_1_163' title='bbox 658 1743 762 1773; x_wconf 76' lang='lat' dir='ltr'><strong>trans</strong></span> <span class='ocrx_word' id='word_1_164' title='bbox 784 1742 854 1774; x_wconf 78' lang='lat' dir='ltr'><strong>Ae-</strong></span> 
     </span>
     <span class='ocr_line' id='line_1_31' title="bbox 115 1788 853 1832; baseline 0.001 -12"><span class='ocrx_word' id='word_1_165' title='bbox 115 1796 250 1828; x_wconf 79' lang='lat' dir='ltr'><strong>aaeum</strong></span> <span class='ocrx_word' id='word_1_166' title='bbox 274 1796 399 1830; x_wconf 81' lang='lat' dir='ltr'><strong>mare,</strong></span> <span class='ocrx_word' id='word_1_167' title='bbox 432 1791 475 1821; x_wconf 87' lang='lat' dir='ltr'><strong>ut</strong></span> <span class='ocrx_word' id='word_1_168' title='bbox 500 1788 566 1832; x_wconf 91' lang='lat' dir='ltr'><strong>qui</strong></span> <span class='ocrx_word' id='word_1_169' title='bbox 592 1799 788 1832; x_wconf 86' lang='lat' dir='ltr'><strong>nunquam</strong></span> <span class='ocrx_word' id='word_1_170' title='bbox 813 1788 853 1820; x_wconf 92' lang='lat' dir='ltr'><strong>in</strong></span> 
     </span>
     <span class='ocr_line' id='line_1_32' title="bbox 115 1834 854 1878; baseline 0 -11"><span class='ocrx_word' id='word_1_171' title='bbox 115 1834 277 1878; x_wconf 86' lang='lat' dir='ltr'><strong>patriam</strong></span> <span class='ocrx_word' id='word_1_172' title='bbox 294 1834 488 1868; x_wconf 89' lang='lat' dir='ltr'><strong>rediturus</strong></span> <span class='ocrx_word' id='word_1_173' title='bbox 507 1835 567 1877; x_wconf 89' lang='lat' dir='ltr'><strong>sit,</strong></span> <span class='ocrx_word' id='word_1_174' title='bbox 593 1835 796 1868; x_wconf 78' lang='lat' dir='ltr'><strong>nauclerus</strong></span> <span class='ocrx_word' id='word_1_175' title='bbox 815 1835 854 1867; x_wconf 89' lang='lat' dir='ltr'><strong>in</strong></span> 
     </span>
     <span class='ocr_line' id='line_1_33' title="bbox 115 1881 855 1926; baseline -0.001 -11"><span class='ocrx_word' id='word_1_176' title='bbox 115 1884 342 1926; x_wconf 89' lang='lat' dir='ltr'><strong>perpetuum</strong></span> <span class='ocrx_word' id='word_1_177' title='bbox 362 1882 456 1916; x_wconf 87' lang='lat' dir='ltr'><strong>mari</strong></span> <span class='ocrx_word' id='word_1_178' title='bbox 483 1882 753 1916; x_wconf 86' lang='lat' dir='ltr'><strong>renuntiabit.“</strong></span> <span class='ocrx_word' id='word_1_179' title='bbox 781 1881 855 1915; x_wconf 88' lang='lat' dir='ltr'><strong>Re-</strong></span> 
     </span>
     <span class='ocr_line' id='line_1_34' title="bbox 110 1928 854 1971; baseline -0.001 -8"><span class='ocrx_word' id='word_1_180' title='bbox 110 1931 175 1963; x_wconf 78' lang='lat' dir='ltr'><strong>cte</strong></span> <span class='ocrx_word' id='word_1_181' title='bbox 201 1928 392 1962; x_wconf 77' lang='lat' dir='ltr'><strong>Di‘intzer:</strong></span> <span class='ocrx_word' id='word_1_182' title='bbox 437 1931 527 1971; x_wconf 80' lang='lat' dir='ltr'><strong>„Die</strong></span> <span class='ocrx_word' id='word_1_183' title='bbox 560 1931 640 1963; x_wconf 71' lang='grc' dir='ltr'><strong>(1νεί</strong></span> <span class='ocrx_word' id='word_1_184' title='bbox 674 1930 854 1970; x_wconf 80' lang='lat' dir='ltr'><strong>Bcispiele</strong></span> 
     </span>
     <span class='ocr_line' id='line_1_35' title="bbox 115 1977 856 2018; baseline 0 -9"><span class='ocrx_word' id='word_1_185' title='bbox 115 1977 239 2017; x_wconf 71' lang='lat' dir='ltr'><strong>zeiqen</strong></span> <span class='ocrx_word' id='word_1_186' title='bbox 256 1978 340 2017; x_wconf 83' lang='lat' dir='ltr'><strong>alle,</strong></span> <span class='ocrx_word' id='word_1_187' title='bbox 367 1978 450 2009; x_wconf 82' lang='lat' dir='ltr'><strong>dass</strong></span> <span class='ocrx_word' id='word_1_188' title='bbox 469 1985 558 2010; x_wconf 78' lang='lat' dir='ltr'><strong>man</strong></span> <span class='ocrx_word' id='word_1_189' title='bbox 575 1978 650 2018; x_wconf 73' lang='lat' dir='ltr'><strong>das,</strong></span> <span class='ocrx_word' id='word_1_190' title='bbox 675 1985 751 2009; x_wconf 82' lang='lat' dir='ltr'><strong>was</strong></span> <span class='ocrx_word' id='word_1_191' title='bbox 769 1985 856 2009; x_wconf 77' lang='lat' dir='ltr'><strong>man</strong></span> 
     </span>
     <span class='ocr_line' id='line_1_36' title="bbox 115 2024 855 2066; baseline -0.001 -9"><span class='ocrx_word' id='word_1_192' title='bbox 115 2031 183 2058; x_wconf 75' lang='lat' dir='ltr'><strong>zur</strong></span> <span class='ocrx_word' id='word_1_193' title='bbox 216 2025 294 2057; x_wconf 83' lang='lat' dir='ltr'><strong>Zeit</strong></span> <span class='ocrx_word' id='word_1_194' title='bbox 325 2025 472 2066; x_wconf 80' lang='lat' dir='ltr'><strong>bedars,</strong></span> <span class='ocrx_word' id='word_1_195' title='bbox 509 2025 565 2057; x_wconf 80' lang='lat' dir='ltr'><strong>als</strong></span> <span class='ocrx_word' id='word_1_196' title='bbox 599 2026 658 2057; x_wconf 76' lang='lat' dir='ltr'><strong>ein</strong></span> <span class='ocrx_word' id='word_1_197' title='bbox 692 2024 764 2057; x_wconf 70' lang='grc' dir='ltr'><strong>θαι</strong></span> <span class='ocrx_word' id='word_1_198' title='bbox 798 2025 855 2056; x_wconf 82' lang='lat' dir='ltr'><strong>be-</strong></span> 
     </span>
     <span class='ocr_line' id='line_1_37' title="bbox 118 2072 856 2113; baseline 0 -10"><span class='ocrx_word' id='word_1_199' title='bbox 118 2072 283 2104; x_wconf 80' lang='lat' dir='ltr'><strong>trachten</strong></span> <span class='ocrx_word' id='word_1_200' title='bbox 301 2072 410 2113; x_wconf 76' lang='lat' dir='ltr'><strong>kann,</strong></span> <span class='ocrx_word' id='word_1_201' title='bbox 437 2073 530 2105; x_wconf 77' lang='lat' dir='ltr'><strong>ohne</strong></span> <span class='ocrx_word' id='word_1_202' title='bbox 557 2073 642 2105; x_wconf 77' lang='lat' dir='ltr'><strong>dass</strong></span> <span class='ocrx_word' id='word_1_203' title='bbox 667 2080 757 2104; x_wconf 79' lang='lat' dir='ltr'><strong>man</strong></span> <span class='ocrx_word' id='word_1_204' title='bbox 780 2072 856 2104; x_wconf 80' lang='lat' dir='ltr'><strong>sich</strong></span> 
     </span>
     <span class='ocr_line' id='line_1_38' title="bbox 117 2119 856 2160; baseline 0.001 -10"><span class='ocrx_word' id='word_1_205' title='bbox 117 2119 232 2151; x_wconf 76' lang='lat' dir='ltr'><strong>dieses</strong></span> <span class='ocrx_word' id='word_1_206' title='bbox 266 2120 323 2152; x_wconf 74' lang='lat' dir='ltr'><strong>als</strong></span> <span class='ocrx_word' id='word_1_207' title='bbox 357 2119 516 2152; x_wconf 66' lang='lat' dir='ltr'><strong>hochstes</strong></span> <span class='ocrx_word' id='word_1_208' title='bbox 543 2120 614 2152; x_wconf 71' lang='grc' dir='ltr'><strong>θαι</strong></span> <span class='ocrx_word' id='word_1_209' title='bbox 640 2120 702 2160; x_wconf 74' lang='lat' dir='ltr'><strong>su’r</strong></span> <span class='ocrx_word' id='word_1_210' title='bbox 727 2120 856 2152; x_wconf 81' lang='lat' dir='ltr'><strong>immer</strong></span> 
     </span>
     <span class='ocr_line' id='line_1_39' title="bbox 119 2166 482 2199; baseline 0.003 -1"><span class='ocrx_word' id='word_1_211' title='bbox 119 2166 305 2199; x_wconf 69' lang='lat' dir='ltr'><strong>erwahlen</strong></span> <span class='ocrx_word' id='word_1_212' title='bbox 328 2167 482 2199; x_wconf 81' lang='lat' dir='ltr'><strong>werde.“</strong></span> 
     </span>
    </p>

    <p class='ocr_par' dir='ltr' id='par_1_13' title="bbox 118 2213 859 2540">
     <span class='ocr_line' id='line_1_40' title="bbox 170 2213 856 2258; baseline 0 -12"><span class='ocrx_word' id='word_1_213' title='bbox 170 2215 289 2246; x_wconf 84' lang='lat'><strong>17-21.</strong></span> <span class='ocrx_word' id='word_1_214' title='bbox 308 2213 504 2256; x_wconf 73' lang='lat' dir='ltr'><strong>Incolumi]</strong></span> <span class='ocrx_word' id='word_1_215' title='bbox 534 2214 716 2258; x_wconf 74' lang='lat' dir='ltr'><strong>„integi-0,</strong></span> <span class='ocrx_word' id='word_1_216' title='bbox 744 2223 856 2247; x_wconf 84' lang='lat' dir='ltr'><strong>sanae</strong></span> 
     </span>
     <span class='ocr_line' id='line_1_41' title="bbox 119 2260 855 2304; baseline 0.001 -12"><span class='ocrx_word' id='word_1_217' title='bbox 119 2260 255 2294; x_wconf 88' lang='lat' dir='ltr'><strong>mentis</strong></span> <span class='ocrx_word' id='word_1_218' title='bbox 269 2260 423 2302; x_wconf 91' lang='lat' dir='ltr'><strong>homini,</strong></span> <span class='ocrx_word' id='word_1_219' title='bbox 438 2260 626 2295; x_wconf 87' lang='lat' dir='ltr'><strong>constanti</strong></span> <span class='ocrx_word' id='word_1_220' title='bbox 641 2263 679 2294; x_wconf 93' lang='lat' dir='ltr'><strong>et</strong></span> <span class='ocrx_word' id='word_1_221' title='bbox 692 2260 855 2304; x_wconf 84' lang='lat' dir='ltr'><strong>quieto.“</strong></span> 
     </span>
     <span class='ocr_line' id='line_1_42' title="bbox 120 2305 859 2350; baseline 0.001 -11"><span class='ocrx_word' id='word_1_222' title='bbox 120 2305 263 2341; x_wconf 62' lang='lat' dir='ltr'><strong>Senot..</strong></span> <span class='ocrx_word' id='word_1_223' title='bbox 298 2308 359 2342; x_wconf 84' lang='lat' dir='ltr'><strong>Sic</strong></span> <span class='ocrx_word' id='word_1_224' title='bbox 378 2307 452 2341; x_wconf 87' lang='lat' dir='ltr'><strong>Sat.</strong></span> <span class='ocrx_word' id='word_1_225' title='bbox 472 2310 504 2349; x_wconf 93' lang='lat'>2,</span> <span class='ocrx_word' id='word_1_226' title='bbox 525 2310 557 2350; x_wconf 90' lang='grc'><strong>3,</strong></span> <span class='ocrx_word' id='word_1_227' title='bbox 578 2309 656 2341; x_wconf 89' lang='lat'><strong>132.</strong></span> <span class='ocrx_word' id='word_1_228' title='bbox 683 2309 859 2341; x_wconf 75' lang='lat' dir='ltr'><strong>incolumi</strong></span> 
     </span>
     <span class='ocr_line' id='line_1_43' title="bbox 118 2354 856 2399; baseline 0.004 -14"><span class='ocrx_word' id='word_1_229' title='bbox 118 2355 238 2395; x_wconf 83' lang='lat' dir='ltr'><strong>capite</strong></span> <span class='ocrx_word' id='word_1_230' title='bbox 253 2364 326 2388; x_wconf 79' lang='lat' dir='ltr'><strong>esse</strong></span> <span class='ocrx_word' id='word_1_231' title='bbox 340 2355 543 2399; x_wconf 90' lang='lat' dir='ltr'><strong>opponitur</strong></span> <span class='ocrx_word' id='word_1_232' title='bbox 558 2354 741 2388; x_wconf 88' lang='lat' dir='ltr'><strong>insaniae.</strong></span> <span class='ocrx_word' id='word_1_233' title='bbox 762 2355 856 2397; x_wconf 84' lang='lat' dir='ltr'><strong>„Qui</strong></span> 
     </span>
     <span class='ocr_line' id='line_1_44' title="bbox 119 2401 859 2446; baseline 0.001 -12"><span class='ocrx_word' id='word_1_234' title='bbox 119 2401 220 2434; x_wconf 85' lang='lat' dir='ltr'><strong>domi</strong></span> <span class='ocrx_word' id='word_1_235' title='bbox 260 2413 350 2436; x_wconf 84' lang='lat' dir='ltr'><strong>suae</strong></span> <span class='ocrx_word' id='word_1_236' title='bbox 390 2404 591 2436; x_wconf 87' lang='lat' dir='ltr'><strong>contentus</strong></span> <span class='ocrx_word' id='word_1_237' title='bbox 626 2402 738 2444; x_wconf 88' lang='lat' dir='ltr'><strong>vivit,</strong></span> <span class='ocrx_word' id='word_1_238' title='bbox 775 2402 859 2446; x_wconf 91' lang='lat' dir='ltr'><strong>pul-</strong></span> 
     </span>
     <span class='ocr_line' id='line_1_45' title="bbox 121 2448 859 2484; baseline 0.001 -3"><span class='ocrx_word' id='word_1_239' title='bbox 121 2448 320 2482; x_wconf 70' lang='lat' dir='ltr'><strong>cherrimis</strong></span> <span class='ocrx_word' id='word_1_240' title='bbox 355 2449 431 2482; x_wconf 87' lang='lat' dir='ltr'><strong>illis</strong></span> <span class='ocrx_word' id='word_1_241' title='bbox 463 2449 643 2484; x_wconf 84' lang='lat' dir='ltr'><strong>Graeciae</strong></span> <span class='ocrx_word' id='word_1_242' title='bbox 678 2452 715 2483; x_wconf 93' lang='lat' dir='ltr'><strong>et</strong></span> <span class='ocrx_word' id='word_1_243' title='bbox 747 2450 859 2483; x_wconf 87' lang='lat' dir='ltr'><strong>Asiae</strong></span> 
     </span>
     <span class='ocr_line' id='line_1_46' title="bbox 120 2495 859 2540; baseline 0.003 -12"><span class='ocrx_word' id='word_1_244' title='bbox 120 2495 279 2530; x_wconf 87' lang='lat' dir='ltr'><strong>urbibus</strong></span> <span class='ocrx_word' id='word_1_245' title='bbox 318 2507 439 2540; x_wconf 89' lang='lat' dir='ltr'><strong>aeque</strong></span> <span class='ocrx_word' id='word_1_246' title='bbox 476 2497 640 2531; x_wconf 85' lang='lat' dir='ltr'><strong>libenter</strong></span> <span class='ocrx_word' id='word_1_247' title='bbox 679 2500 783 2530; x_wconf 88' lang='lat' dir='ltr'><strong>caret</strong></span> <span class='ocrx_word' id='word_1_248' title='bbox 816 2507 859 2530; x_wconf 83' lang='lat' dir='ltr'><strong>ac</strong></span> 
     </span>
    </p>
   </div>
   <div class='ocr_carea' id='block_1_12' title="bbox 119 2543 859 2682">
    <p class='ocr_par' dir='ltr' id='par_1_14' title="bbox 119 2543 859 2682">
     <span class='ocr_line' id='line_1_47' title="bbox 119 2543 859 2587; baseline 0.001 -11"><span class='ocrx_word' id='word_1_249' title='bbox 119 2543 235 2577; x_wconf 89' lang='lat' dir='ltr'><strong>rebus</strong></span> <span class='ocrx_word' id='word_1_250' title='bbox 262 2544 572 2577; x_wconf 68' lang='lat' dir='ltr'><strong>molestissimis-‘⁶</strong></span> <span class='ocrx_word' id='word_1_251' title='bbox 602 2563 643 2567; x_wconf 75' lang='lat'>—</span> <span class='ocrx_word' id='word_1_252' title='bbox 671 2544 859 2587; x_wconf 68' lang='lat' dir='ltr'><strong>Mytilene]</strong></span> 
     </span>
     <span class='ocr_line' id='line_1_48' title="bbox 121 2586 858 2636; baseline 0.001 -13"><span class='ocrx_word' id='word_1_253' title='bbox 121 2587 146 2632; x_wconf 85' lang='grc' dir='ltr'><em>ἦ</em></span> <span class='ocrx_word' id='word_1_254' title='bbox 164 2586 314 2634; x_wconf 80' lang='grc' dir='ltr'><em>μεγάλη</em></span> <span class='ocrx_word' id='word_1_255' title='bbox 327 2592 394 2624; x_wconf 80' lang='grc' dir='ltr'><strong>καὶ</strong></span> <span class='ocrx_word' id='word_1_256' title='bbox 406 2589 501 2623; x_wconf 73' lang='grc' dir='ltr'><strong>καὶ</strong></span> <span class='ocrx_word' id='word_1_257' title='bbox 470 2603 505 2634; x_wconf 88' lang='grc' dir='ltr'><em>η</em></span> <span class='ocrx_word' id='word_1_258' title='bbox 524 2594 678 2624; x_wconf 82' lang='lat' dir='ltr'><strong>vocatur</strong></span> <span class='ocrx_word' id='word_1_259' title='bbox 693 2602 715 2624; x_wconf 83' lang='lat' dir='ltr'><strong>a</strong></span> <span class='ocrx_word' id='word_1_260' title='bbox 728 2591 858 2636; x_wconf 87' lang='lat' dir='ltr'><strong>Longo</strong></span> 
     </span>
     <span class='ocr_line' id='line_1_49' title="bbox 124 2638 856 2682; baseline 0.003 -12"><span class='ocrx_word' id='word_1_261' title='bbox 124 2640 294 2678; x_wconf 85' lang='grc'>1,1.-</span> <span class='ocrx_word' id='word_1_262' title='bbox 321 2638 432 2681; x_wconf 78' lang='lat' dir='ltr'><strong>facit]</strong></span> <span class='ocrx_word' id='word_1_263' title='bbox 469 2638 613 2680; x_wconf 78' lang='lat' dir='ltr'><strong>„iuv,at</strong></span> <span class='ocrx_word' id='word_1_264' title='bbox 648 2642 734 2682; x_wconf 86' lang='lat' dir='ltr'><strong>apta</strong></span> <span class='ocrx_word' id='word_1_265' title='bbox 767 2641 834 2672; x_wconf 88' lang='lat' dir='ltr'><strong>est</strong></span> <span class='ocrx_word' id='word_1_266' title='bbox 841 2638 856 2656; x_wconf 85' lang='lat'>“</span> 
     </span>
    </p>
   </div>
   <div class='ocr_carea' id='block_1_13' title="bbox 118 2662 859 2772">
    <p class='ocr_par' dir='ltr' id='par_1_15' title="bbox 118 2662 859 2772">
     <span class='ocr_line' id='line_1_50' title="bbox 120 2662 859 2729; baseline 0.001 -12"><span class='ocrx_word' id='word_1_267' title='bbox 120 2662 294 2729; x_wconf 70' lang='lat' dir='ltr'><strong>Propert.</strong></span> <span class='ocrx_word' id='word_1_268' title='bbox 321 2688 362 2728; x_wconf 88' lang='lat'><strong>4,</strong></span> <span class='ocrx_word' id='word_1_269' title='bbox 390 2689 430 2728; x_wconf 95' lang='lat'>1,</span> <span class='ocrx_word' id='word_1_270' title='bbox 455 2687 519 2719; x_wconf 85' lang='grc'><strong>20.</strong></span> <span class='ocrx_word' id='word_1_271' title='bbox 554 2687 637 2719; x_wconf 78' lang='lat' dir='ltr'><strong>Non</strong></span> <span class='ocrx_word' id='word_1_272' title='bbox 661 2687 772 2727; x_wconf 76' lang='lat' dir='ltr'><strong>saciet</strong></span> <span class='ocrx_word' id='word_1_273' title='bbox 798 2694 859 2718; x_wconf 83' lang='lat' dir='ltr'><strong>ca-</strong></span> 
     </span>
     <span class='ocr_line' id='line_1_51' title="bbox 118 2731 858 2772; baseline 0 -7"><span class='ocrx_word' id='word_1_274' title='bbox 118 2732 189 2772; x_wconf 78' lang='lat' dir='ltr'><strong>piti</strong></span> <span class='ocrx_word' id='word_1_275' title='bbox 213 2734 311 2766; x_wconf 82' lang='lat' dir='ltr'><strong>dura</strong></span> <span class='ocrx_word' id='word_1_276' title='bbox 337 2741 472 2766; x_wconf 82' lang='lat' dir='ltr'><strong>corona</strong></span> <span class='ocrx_word' id='word_1_277' title='bbox 497 2741 590 2765; x_wconf 80' lang='lat' dir='ltr'><strong>mco,</strong></span> <span class='ocrx_word' id='word_1_278' title='bbox 635 2731 741 2766; x_wconf 87' lang='lat' dir='ltr'><strong>Ovid.</strong></span> <span class='ocrx_word' id='word_1_279' title='bbox 768 2732 858 2766; x_wconf 85' lang='lat' dir='ltr'><strong>Her.</strong></span> 
     </span>
    </p>
   </div>
   <div class='ocr_carea' id='block_1_14' title="bbox 901 985 1639 1264">
    <p class='ocr_par' dir='ltr' id='par_1_16' title="bbox 901 985 1639 1264">
     <span class='ocr_line' id='line_1_52' title="bbox 906 985 1637 1026; baseline 0 -10"><span class='ocrx_word' id='word_1_280' title='bbox 906 985 959 1024; x_wconf 88' lang='lat'>15,</span> <span class='ocrx_word' id='word_1_281' title='bbox 986 986 1026 1017; x_wconf 87' lang='lat'><strong>8:</strong></span> <span class='ocrx_word' id='word_1_282' title='bbox 1061 985 1144 1017; x_wconf 81' lang='lat' dir='ltr'><strong>Non</strong></span> <span class='ocrx_word' id='word_1_283' title='bbox 1167 985 1257 1026; x_wconf 80' lang='lat' dir='ltr'><strong>facit</strong></span> <span class='ocrx_word' id='word_1_284' title='bbox 1282 986 1332 1018; x_wconf 81' lang='lat' dir='ltr'><strong>ad</strong></span> <span class='ocrx_word' id='word_1_285' title='bbox 1357 985 1528 1025; x_wconf 51' lang='lat' dir='ltr'><strong>lacrimas</strong></span> <span class='ocrx_word' id='word_1_286' title='bbox 1554 985 1637 1018; x_wconf 77' lang='lat' dir='ltr'><strong>bar-</strong></span> 
     </span>
     <span class='ocr_line' id='line_1_53' title="bbox 902 1031 1638 1066; baseline 0.001 -3"><span class='ocrx_word' id='word_1_287' title='bbox 902 1032 991 1064; x_wconf 81' lang='lat' dir='ltr'><strong>bitos</strong></span> <span class='ocrx_word' id='word_1_288' title='bbox 1009 1032 1091 1063; x_wconf 87' lang='lat' dir='ltr'><strong>ulla</strong></span> <span class='ocrx_word' id='word_1_289' title='bbox 1107 1039 1218 1064; x_wconf 74' lang='lat' dir='ltr'><strong>mea-5.</strong></span> <span class='ocrx_word' id='word_1_290' title='bbox 1243 1031 1305 1065; x_wconf 86' lang='lat' dir='ltr'><strong>Pr.</strong></span> <span class='ocrx_word' id='word_1_291' title='bbox 1323 1031 1371 1065; x_wconf 88' lang='lat' dir='ltr'><strong>de</strong></span> <span class='ocrx_word' id='word_1_292' title='bbox 1389 1031 1638 1066; x_wconf 84' lang='lat' dir='ltr'><strong>medicamen-</strong></span> 
     </span>
     <span class='ocr_line' id='line_1_54' title="bbox 901 1077 1638 1120; baseline 0.003 -10"><span class='ocrx_word' id='word_1_293' title='bbox 901 1078 969 1120; x_wconf 69' lang='lat' dir='ltr'><strong>tis,</strong></span> <span class='ocrx_word' id='word_1_294' title='bbox 1003 1077 1101 1111; x_wconf 93' lang='lat' dir='ltr'><strong>Plin.</strong></span> <span class='ocrx_word' id='word_1_295' title='bbox 1127 1078 1174 1111; x_wconf 90' lang='lat' dir='ltr'><strong>H.</strong></span> <span class='ocrx_word' id='word_1_296' title='bbox 1199 1077 1243 1112; x_wconf 80' lang='lat' dir='ltr'><strong>N.</strong></span> <span class='ocrx_word' id='word_1_297' title='bbox 1270 1079 1327 1120; x_wconf 88' lang='lat'>22,</span> <span class='ocrx_word' id='word_1_298' title='bbox 1355 1080 1411 1120; x_wconf 92' lang='grc'><strong>18,</strong></span> <span class='ocrx_word' id='word_1_299' title='bbox 1437 1080 1501 1112; x_wconf 91' lang='lat'><strong>21:</strong></span> <span class='ocrx_word' id='word_1_300' title='bbox 1539 1080 1638 1112; x_wconf 79' lang='lat' dir='ltr'><strong>Facit</strong></span> 
     </span>
     <span class='ocr_line' id='line_1_55' title="bbox 902 1125 1638 1168; baseline 0.001 -10"><span class='ocrx_word' id='word_1_301' title='bbox 902 1126 950 1158; x_wconf 84' lang='lat' dir='ltr'><strong>ad</strong></span> <span class='ocrx_word' id='word_1_302' title='bbox 987 1126 1244 1166; x_wconf 73' lang='lat' dir='ltr'><strong>difficultatem</strong></span> <span class='ocrx_word' id='word_1_303' title='bbox 1281 1126 1414 1159; x_wconf 78' lang='lat' dir='ltr'><strong>urinae</strong></span> <span class='ocrx_word' id='word_1_304' title='bbox 1452 1125 1638 1168; x_wconf 86' lang='lat' dir='ltr'><strong>(chamae-</strong></span> 
     </span>
     <span class='ocr_line' id='line_1_56' title="bbox 902 1172 1638 1215; baseline 0.001 -10"><span class='ocrx_word' id='word_1_305' title='bbox 902 1173 988 1206; x_wconf 86' lang='lat' dir='ltr'><strong>leon</strong></span> <span class='ocrx_word' id='word_1_306' title='bbox 1026 1172 1173 1214; x_wconf 87' lang='lat' dir='ltr'><strong>herba).</strong></span> <span class='ocrx_word' id='word_1_307' title='bbox 1209 1191 1252 1196; x_wconf 89' lang='lat'><em>-</em></span> <span class='ocrx_word' id='word_1_308' title='bbox 1289 1172 1480 1215; x_wconf 77' lang='lat' dir='ltr'><strong>Paenula]</strong></span> <span class='ocrx_word' id='word_1_309' title='bbox 1523 1173 1638 1206; x_wconf 81' lang='lat' dir='ltr'><strong>vestis</strong></span> 
     </span>
     <span class='ocr_line' id='line_1_57' title="bbox 903 1219 1639 1264; baseline 0.003 -12"><span class='ocrx_word' id='word_1_310' title='bbox 903 1219 1111 1264; x_wconf 82' lang='lat' dir='ltr'><strong>gausapina</strong></span> <span class='ocrx_word' id='word_1_311' title='bbox 1135 1220 1194 1253; x_wconf 83' lang='lat' dir='ltr'><strong>vel</strong></span> <span class='ocrx_word' id='word_1_312' title='bbox 1220 1221 1385 1262; x_wconf 88' lang='lat' dir='ltr'><strong>scortea,</strong></span> <span class='ocrx_word' id='word_1_313' title='bbox 1423 1230 1500 1264; x_wconf 82' lang='lat' dir='ltr'><strong>qua</strong></span> <span class='ocrx_word' id='word_1_314' title='bbox 1523 1230 1639 1264; x_wconf 82' lang='lat' dir='ltr'><strong>super</strong></span> 
     </span>
    </p>
   </div>
   <div class='ocr_carea' id='block_1_15' title="bbox 892 1266 1638 1312">
    <p class='ocr_par' dir='ltr' id='par_1_17' title="bbox 892 1266 1638 1312">
     <span class='ocr_line' id='line_1_58' title="bbox 892 1266 1638 1312; baseline 0.001 -13"><span class='ocrx_word' id='word_1_315' title='bbox 892 1267 1070 1307; x_wconf 61' lang='lat' dir='ltr'><strong>,tunicam</strong></span> <span class='ocrx_word' id='word_1_316' title='bbox 1088 1269 1244 1311; x_wconf 86' lang='lat' dir='ltr'><strong>accepta</strong></span> <span class='ocrx_word' id='word_1_317' title='bbox 1259 1269 1428 1311; x_wconf 87' lang='lat' dir='ltr'><strong>tempore</strong></span> <span class='ocrx_word' id='word_1_318' title='bbox 1440 1266 1638 1312; x_wconf 84' lang='lat' dir='ltr'><strong>frigidiore</strong></span> 
     </span>
    </p>
   </div>
   <div class='ocr_carea' id='block_1_16' title="bbox 903 1314 1644 2776">
    <p class='ocr_par' dir='ltr' id='par_1_18' title="bbox 903 1314 1644 2776">
     <span class='ocr_line' id='line_1_59' title="bbox 903 1314 1639 1358; baseline 0.001 -11"><span class='ocrx_word' id='word_1_319' title='bbox 903 1325 970 1357; x_wconf 92' lang='lat' dir='ltr'><strong>per</strong></span> <span class='ocrx_word' id='word_1_320' title='bbox 997 1314 1135 1348; x_wconf 82' lang='lat' dir='ltr'><strong>itinera</strong></span> <span class='ocrx_word' id='word_1_321' title='bbox 1159 1314 1384 1357; x_wconf 83' lang='lat' dir='ltr'><strong>utebantur3</strong></span> <span class='ocrx_word' id='word_1_322' title='bbox 1416 1324 1485 1358; x_wconf 86' lang='lat' dir='ltr'><strong>per</strong></span> <span class='ocrx_word' id='word_1_323' title='bbox 1518 1316 1639 1348; x_wconf 72' lang='lat' dir='ltr'><strong>aesta-</strong></span> 
     </span>
     <span class='ocr_line' id='line_1_60' title="bbox 904 1361 1639 1406; baseline 0.001 -12"><span class='ocrx_word' id='word_1_324' title='bbox 904 1364 977 1394; x_wconf 89' lang='lat' dir='ltr'><strong>tem</strong></span> <span class='ocrx_word' id='word_1_325' title='bbox 995 1363 1152 1405; x_wconf 89' lang='lat' dir='ltr'><strong>propter</strong></span> <span class='ocrx_word' id='word_1_326' title='bbox 1176 1361 1463 1406; x_wconf 85' lang='lat' dir='ltr'><strong>spissitudinem</strong></span> <span class='ocrx_word' id='word_1_327' title='bbox 1479 1361 1639 1396; x_wconf 84' lang='lat' dir='ltr'><strong>molesta</strong></span> 
     </span>
     <span class='ocr_line' id='line_1_61' title="bbox 904 1408 1640 1454; baseline 0.001 -13"><span class='ocrx_word' id='word_1_328' title='bbox 904 1411 994 1442; x_wconf 86' lang='lat' dir='ltr'><strong>erat.</strong></span> <span class='ocrx_word' id='word_1_329' title='bbox 1046 1409 1185 1442; x_wconf 81' lang='lat' dir='ltr'><strong>Contra</strong></span> <span class='ocrx_word' id='word_1_330' title='bbox 1216 1411 1417 1450; x_wconf 67' lang='lat' dir='ltr'><strong>campestre</strong></span> <span class='ocrx_word' id='word_1_331' title='bbox 1451 1408 1640 1454; x_wconf 88' lang='lat' dir='ltr'><strong>(subliga-</strong></span> 
     </span>
     <span class='ocr_line' id='line_1_62' title="bbox 905 1455 1640 1497; baseline 0.001 -8"><span class='ocrx_word' id='word_1_332' title='bbox 905 1456 1053 1497; x_wconf 90' lang='lat' dir='ltr'><strong>culum,</strong></span> <span class='ocrx_word' id='word_1_333' title='bbox 1093 1457 1375 1490; x_wconf 76' lang='lat' dir='ltr'><strong>succinctorium</strong></span> <span class='ocrx_word' id='word_1_334' title='bbox 1409 1455 1469 1489; x_wconf 88' lang='lat' dir='ltr'><strong>Au</strong></span> <span class='ocrx_word' id='word_1_335' title='bbox 1495 1459 1568 1490; x_wconf 84' lang='lat' dir='ltr'><strong>ust.</strong></span> <span class='ocrx_word' id='word_1_336' title='bbox 1600 1455 1640 1490; x_wconf 83' lang='lat' dir='ltr'><strong>C.</strong></span> 
     </span>
     <span class='ocr_line' id='line_1_63' title="bbox 904 1499 1642 1547; baseline -0.001 -11"><span class='ocrx_word' id='word_1_337' title='bbox 904 1502 948 1536; x_wconf 90' lang='lat' dir='ltr'><strong>D.</strong></span> <span class='ocrx_word' id='word_1_338' title='bbox 977 1505 1038 1545; x_wconf 85' lang='lat'>14,</span> <span class='ocrx_word' id='word_1_339' title='bbox 1077 1504 1174 1546; x_wconf 80' lang='lat'><strong>17.)‚</strong></span> <span class='ocrx_word' id='word_1_340' title='bbox 1207 1501 1416 1546; x_wconf 80' lang='grc' dir='ltr'><em>κατάζωμα</em></span> <span class='ocrx_word' id='word_1_341' title='bbox 1449 1503 1463 1547; x_wconf 93' lang='grc'>(</span> <span class='ocrx_word' id='word_1_342' title='bbox 1493 1499 1642 1546; x_wconf 77' lang='grc' dir='ltr'><strong><em>ιάζωμα</em></strong></span> 
     </span>
     <span class='ocr_line' id='line_1_64' title="bbox 905 1548 1641 1597; baseline 0.001 -14"><span class='ocrx_word' id='word_1_343' title='bbox 905 1552 990 1597; x_wconf 71' lang='grc' dir='ltr'><strong>περὶ</strong></span> <span class='ocrx_word' id='word_1_344' title='bbox 1026 1548 1073 1583; x_wconf 83' lang='grc' dir='ltr'><strong>τὰ</strong></span> <span class='ocrx_word' id='word_1_345' title='bbox 1113 1549 1241 1584; x_wconf 83' lang='grc' dir='ltr'><em>αἰδοῖα</em></span> <span class='ocrx_word' id='word_1_346' title='bbox 1283 1550 1451 1596; x_wconf 75' lang='lat' dir='ltr'><strong>Thucyd.</strong></span> <span class='ocrx_word' id='word_1_347' title='bbox 1492 1553 1530 1593; x_wconf 87' lang='lat'>1,</span> <span class='ocrx_word' id='word_1_348' title='bbox 1571 1550 1641 1593; x_wconf 85' lang='grc'>6.),</span> 
     </span>
     <span class='ocr_line' id='line_1_65' title="bbox 903 1597 1640 1643; baseline 0.001 -12"><span class='ocrx_word' id='word_1_349' title='bbox 903 1599 1269 1641; x_wconf 80' lang='lat' dir='ltr'><strong>Kampsschurz,</strong></span> <span class='ocrx_word' id='word_1_350' title='bbox 1305 1598 1508 1643; x_wconf 87' lang='lat' dir='ltr'><strong>inguinum</strong></span> <span class='ocrx_word' id='word_1_351' title='bbox 1541 1597 1640 1632; x_wconf 79' lang='lat' dir='ltr'><strong>vela-</strong></span> 
     </span>
     <span class='ocr_line' id='line_1_66' title="bbox 906 1645 1640 1690; baseline 0 -12"><span class='ocrx_word' id='word_1_352' title='bbox 906 1648 1074 1679; x_wconf 87' lang='lat' dir='ltr'><strong>mentum</strong></span> <span class='ocrx_word' id='word_1_353' title='bbox 1099 1646 1270 1688; x_wconf 89' lang='lat' dir='ltr'><strong>linteum,</strong></span> <span class='ocrx_word' id='word_1_354' title='bbox 1295 1656 1371 1690; x_wconf 90' lang='lat' dir='ltr'><strong>quo</strong></span> <span class='ocrx_word' id='word_1_355' title='bbox 1390 1645 1640 1690; x_wconf 81' lang='lat' dir='ltr'><strong>cingebantur</strong></span> 
     </span>
     <span class='ocr_line' id='line_1_67' title="bbox 904 1691 1640 1737; baseline 0 -12"><span class='ocrx_word' id='word_1_356' title='bbox 904 1693 1060 1726; x_wconf 84' lang='lat' dir='ltr'><strong>iuvenes</strong></span> <span class='ocrx_word' id='word_1_357' title='bbox 1098 1692 1138 1725; x_wconf 92' lang='lat' dir='ltr'><strong>in</strong></span> <span class='ocrx_word' id='word_1_358' title='bbox 1178 1691 1317 1737; x_wconf 85' lang='lat' dir='ltr'><strong>Campo</strong></span> <span class='ocrx_word' id='word_1_359' title='bbox 1353 1691 1508 1734; x_wconf 79' lang='lat' dir='ltr'><strong>Martio,</strong></span> <span class='ocrx_word' id='word_1_360' title='bbox 1546 1691 1640 1726; x_wconf 86' lang='lat' dir='ltr'><strong>nudi</strong></span> 
     </span>
     <span class='ocr_line' id='line_1_68' title="bbox 905 1738 1640 1783; baseline -0.001 -10"><span class='ocrx_word' id='word_1_361' title='bbox 905 1750 1062 1783; x_wconf 87' lang='lat' dir='ltr'><strong>corpora</strong></span> <span class='ocrx_word' id='word_1_362' title='bbox 1109 1742 1326 1773; x_wconf 80' lang='lat' dir='ltr'><strong>exercentes</strong></span> <span class='ocrx_word' id='word_1_363' title='bbox 1369 1739 1429 1773; x_wconf 84' lang='lat' dir='ltr'><strong>vel</strong></span> <span class='ocrx_word' id='word_1_364' title='bbox 1471 1738 1640 1773; x_wconf 87' lang='lat' dir='ltr'><strong>Tiberim</strong></span> 
     </span>
     <span class='ocr_line' id='line_1_69' title="bbox 904 1786 1643 1831; baseline -0.001 -11"><span class='ocrx_word' id='word_1_365' title='bbox 904 1786 1140 1820; x_wconf 86' lang='lat' dir='ltr'><strong>denatantes.</strong></span> <span class='ocrx_word' id='word_1_366' title='bbox 1189 1786 1424 1831; x_wconf 87' lang='lat' dir='ltr'><strong>Augustinus</strong></span> <span class='ocrx_word' id='word_1_367' title='bbox 1451 1786 1475 1819; x_wconf 94' lang='lat' dir='ltr'><strong>l.</strong></span> <span class='ocrx_word' id='word_1_368' title='bbox 1500 1786 1543 1820; x_wconf 88' lang='lat' dir='ltr'><strong>l.:</strong></span> <span class='ocrx_word' id='word_1_369' title='bbox 1571 1787 1643 1828; x_wconf 76' lang='lat' dir='ltr'><strong>Qui</strong></span> 
     </span>
     <span class='ocr_line' id='line_1_70' title="bbox 904 1834 1641 1875; baseline 0.001 -9"><span class='ocrx_word' id='word_1_370' title='bbox 904 1835 956 1866; x_wconf 80' lang='lat' dir='ltr'><strong>ita</strong></span> <span class='ocrx_word' id='word_1_371' title='bbox 974 1835 1147 1866; x_wconf 76' lang='lat' dir='ltr'><strong>succincti</strong></span> <span class='ocrx_word' id='word_1_372' title='bbox 1162 1835 1256 1875; x_wconf 77' lang='lat' dir='ltr'><strong>sunt,</strong></span> <span class='ocrx_word' id='word_1_373' title='bbox 1284 1835 1547 1874; x_wconf 78' lang='lat' dir='ltr'><strong>campestratos</strong></span> <span class='ocrx_word' id='word_1_374' title='bbox 1564 1834 1641 1867; x_wconf 84' lang='lat' dir='ltr'><strong>vol-</strong></span> 
     </span>
     <span class='ocr_line' id='line_1_71' title="bbox 905 1879 1641 1926; baseline 0.001 -13"><span class='ocrx_word' id='word_1_375' title='bbox 905 1889 971 1922; x_wconf 75' lang='lat' dir='ltr'><strong>qus</strong></span> <span class='ocrx_word' id='word_1_376' title='bbox 996 1881 1172 1922; x_wconf 85' lang='lat' dir='ltr'><strong>appellat.</strong></span> <span class='ocrx_word' id='word_1_377' title='bbox 1197 1898 1246 1904; x_wconf 89' lang='lat'><strong>—-</strong></span> <span class='ocrx_word' id='word_1_378' title='bbox 1270 1880 1395 1923; x_wconf 74' lang='lat' dir='ltr'><strong>auris]</strong></span> <span class='ocrx_word' id='word_1_379' title='bbox 1422 1879 1504 1914; x_wconf 90' lang='lat' dir='ltr'><strong>Hoc</strong></span> <span class='ocrx_word' id='word_1_380' title='bbox 1529 1881 1641 1926; x_wconf 87' lang='lat' dir='ltr'><strong>longe</strong></span> 
     </span>
     <span class='ocr_line' id='line_1_72' title="bbox 905 1927 1643 1972; baseline 0.001 -11"><span class='ocrx_word' id='word_1_381' title='bbox 905 1927 1184 1972; x_wconf 86' lang='lat' dir='ltr'><strong>significantius</strong></span> <span class='ocrx_word' id='word_1_382' title='bbox 1217 1931 1275 1962; x_wconf 87' lang='lat' dir='ltr'><strong>est</strong></span> <span class='ocrx_word' id='word_1_383' title='bbox 1299 1927 1346 1962; x_wconf 85' lang='lat' dir='ltr'><strong>ad</strong></span> <span class='ocrx_word' id='word_1_384' title='bbox 1369 1927 1492 1972; x_wconf 85' lang='lat' dir='ltr'><strong>frigus</strong></span> <span class='ocrx_word' id='word_1_385' title='bbox 1525 1927 1643 1962; x_wconf 89' lang='lat' dir='ltr'><strong>mole-</strong></span> 
     </span>
     <span class='ocr_line' id='line_1_73' title="bbox 904 1974 1643 2020; baseline 0 -12"><span class='ocrx_word' id='word_1_386' title='bbox 904 1978 1003 2008; x_wconf 83' lang='lat' dir='ltr'><strong>stum</strong></span> <span class='ocrx_word' id='word_1_387' title='bbox 1045 1974 1329 2019; x_wconf 85' lang='lat' dir='ltr'><strong>exprimendum</strong></span> <span class='ocrx_word' id='word_1_388' title='bbox 1371 1985 1484 2020; x_wconf 83' lang='lat' dir='ltr'><strong>quam</strong></span> <span class='ocrx_word' id='word_1_389' title='bbox 1525 1974 1643 2008; x_wconf 84' lang='lat' dir='ltr'><strong>altera</strong></span> 
     </span>
     <span class='ocr_line' id='line_1_74' title="bbox 906 2021 1642 2067; baseline 0 -11"><span class='ocrx_word' id='word_1_390' title='bbox 906 2023 1017 2056; x_wconf 90' lang='lat' dir='ltr'><strong>lectio</strong></span> <span class='ocrx_word' id='word_1_391' title='bbox 1047 2024 1154 2055; x_wconf 73' lang='lat' dir='ltr'><strong>horis.</strong></span> <span class='ocrx_word' id='word_1_392' title='bbox 1171 2041 1214 2046; x_wconf 92' lang='lat'><em>-</em></span> <span class='ocrx_word' id='word_1_393' title='bbox 1232 2021 1375 2065; x_wconf 77' lang='lat' dir='ltr'><strong>Seaetili]</strong></span> <span class='ocrx_word' id='word_1_394' title='bbox 1403 2021 1478 2055; x_wconf 84' lang='lat' dir='ltr'><strong>Cfr.</strong></span> <span class='ocrx_word' id='word_1_395' title='bbox 1494 2021 1590 2067; x_wconf 84' lang='lat' dir='ltr'><strong>Epp.</strong></span> <span class='ocrx_word' id='word_1_396' title='bbox 1611 2024 1642 2064; x_wconf 84' lang='lat'>1,</span> 
     </span>
     <span class='ocr_line' id='line_1_75' title="bbox 906 2069 1640 2113; baseline -0.001 -9"><span class='ocrx_word' id='word_1_397' title='bbox 906 2072 947 2112; x_wconf 83' lang='grc'><strong>7,</strong></span> <span class='ocrx_word' id='word_1_398' title='bbox 986 2072 1018 2103; x_wconf 90' lang='grc'><strong>2.</strong></span> <span class='ocrx_word' id='word_1_399' title='bbox 1055 2089 1097 2094; x_wconf 87' lang='grc'>-</span> <span class='ocrx_word' id='word_1_400' title='bbox 1133 2069 1320 2113; x_wconf 76' lang='lat' dir='ltr'><strong>caminus]</strong></span> <span class='ocrx_word' id='word_1_401' title='bbox 1361 2069 1512 2103; x_wconf 85' lang='lat' dir='ltr'><strong>foculus</strong></span> <span class='ocrx_word' id='word_1_402' title='bbox 1555 2079 1640 2103; x_wconf 85' lang='lat' dir='ltr'><strong>cum</strong></span> 
     </span>
     <span class='ocr_line' id='line_1_76' title="bbox 906 2116 1641 2161; baseline 0.001 -11"><span class='ocrx_word' id='word_1_403' title='bbox 906 2128 1047 2161; x_wconf 87' lang='lat' dir='ltr'><strong>pruna,</strong></span> <span class='ocrx_word' id='word_1_404' title='bbox 1085 2117 1170 2161; x_wconf 91' lang='lat' dir='ltr'><strong>qui,</strong></span> <span class='ocrx_word' id='word_1_405' title='bbox 1207 2119 1250 2150; x_wconf 91' lang='lat' dir='ltr'><strong>ut</strong></span> <span class='ocrx_word' id='word_1_406' title='bbox 1283 2116 1450 2158; x_wconf 85' lang='lat' dir='ltr'><strong>videtur,</strong></span> <span class='ocrx_word' id='word_1_407' title='bbox 1487 2126 1535 2150; x_wconf 81' lang='lat' dir='ltr'><strong>ex</strong></span> <span class='ocrx_word' id='word_1_408' title='bbox 1564 2127 1641 2151; x_wconf 85' lang='lat' dir='ltr'><strong>uno</strong></span> 
     </span>
     <span class='ocr_line' id='line_1_77' title="bbox 907 2163 1642 2199; baseline 0.001 -2"><span class='ocrx_word' id='word_1_409' title='bbox 907 2164 1096 2198; x_wconf 81' lang='lat' dir='ltr'><strong>conclavis</strong></span> <span class='ocrx_word' id='word_1_410' title='bbox 1111 2164 1196 2198; x_wconf 90' lang='lat' dir='ltr'><strong>loco</strong></span> <span class='ocrx_word' id='word_1_411' title='bbox 1210 2164 1250 2197; x_wconf 91' lang='lat' dir='ltr'><strong>in</strong></span> <span class='ocrx_word' id='word_1_412' title='bbox 1265 2164 1430 2199; x_wconf 84' lang='lat' dir='ltr'><strong>alterum</strong></span> <span class='ocrx_word' id='word_1_413' title='bbox 1442 2163 1642 2198; x_wconf 82' lang='lat' dir='ltr'><strong>transferri</strong></span> 
     </span>
     <span class='ocr_line' id='line_1_78' title="bbox 905 2211 1643 2256; baseline 0 -11"><span class='ocrx_word' id='word_1_414' title='bbox 905 2213 1070 2256; x_wconf 82' lang='lat' dir='ltr'><strong>poterat3</strong></span> <span class='ocrx_word' id='word_1_415' title='bbox 1098 2211 1274 2256; x_wconf 89' lang='lat' dir='ltr'><strong>qualibus</strong></span> <span class='ocrx_word' id='word_1_416' title='bbox 1291 2211 1508 2246; x_wconf 86' lang='lat' dir='ltr'><strong>etiamnunc</strong></span> <span class='ocrx_word' id='word_1_417' title='bbox 1526 2211 1643 2245; x_wconf 83' lang='lat' dir='ltr'><strong>inter-</strong></span> 
     </span>
     <span class='ocr_line' id='line_1_79' title="bbox 907 2258 1642 2293; baseline 0 -1"><span class='ocrx_word' id='word_1_418' title='bbox 907 2259 995 2292; x_wconf 90' lang='lat' dir='ltr'><strong>dum</strong></span> <span class='ocrx_word' id='word_1_419' title='bbox 1020 2262 1181 2292; x_wconf 90' lang='lat' dir='ltr'><strong>utuntur</strong></span> <span class='ocrx_word' id='word_1_420' title='bbox 1209 2258 1309 2293; x_wconf 86' lang='lat' dir='ltr'><strong>Itali.</strong></span> <span class='ocrx_word' id='word_1_421' title='bbox 1333 2277 1380 2283; x_wconf 86' lang='lat'><strong>-—</strong></span> <span class='ocrx_word' id='word_1_422' title='bbox 1404 2259 1545 2292; x_wconf 82' lang='lat' dir='ltr'><strong>voltum</strong></span> <span class='ocrx_word' id='word_1_423' title='bbox 1567 2267 1642 2292; x_wconf 74' lang='lat' dir='ltr'><strong>ser-</strong></span> 
     </span>
     <span class='ocr_line' id='line_1_80' title="bbox 906 2305 1642 2348; baseline 0 -9"><span class='ocrx_word' id='word_1_424' title='bbox 906 2309 967 2340; x_wconf 86' lang='lat' dir='ltr'><strong>vat</strong></span> <span class='ocrx_word' id='word_1_425' title='bbox 993 2307 1030 2339; x_wconf 85' lang='lat' dir='ltr'><strong>F.</strong></span> <span class='ocrx_word' id='word_1_426' title='bbox 1058 2306 1106 2348; x_wconf 68' lang='lat' dir='ltr'><strong>b.)</strong></span> <span class='ocrx_word' id='word_1_427' title='bbox 1133 2306 1329 2340; x_wconf 87' lang='lat' dir='ltr'><strong>Philemon</strong></span> <span class='ocrx_word' id='word_1_428' title='bbox 1353 2305 1466 2340; x_wconf 83' lang='lat' dir='ltr'><strong>Mein.</strong></span> <span class='ocrx_word' id='word_1_429' title='bbox 1519 2307 1642 2340; x_wconf 78' lang='lat'><strong>,339:</strong></span> 
     </span>
     <span class='ocr_line' id='line_1_81' title="bbox 905 2349 1643 2400; baseline 0 -14"><span class='ocrx_word' id='word_1_430' title='bbox 905 2350 1023 2386; x_wconf 59' lang='grc' dir='ltr'><strong>ιΌταιιν</strong></span> <span class='ocrx_word' id='word_1_431' title='bbox 1057 2354 1139 2386; x_wconf 77' lang='grc' dir='ltr'><em>ποτ’</em></span> <span class='ocrx_word' id='word_1_432' title='bbox 1177 2349 1442 2400; x_wconf 77' lang='grc' dir='ltr'><strong>ἀνθρώποισιν</strong></span> <span class='ocrx_word' id='word_1_433' title='bbox 1475 2364 1500 2396; x_wconf 88' lang='grc' dir='ltr'><em>η</em></span> <span class='ocrx_word' id='word_1_434' title='bbox 1537 2349 1643 2396; x_wconf 75' lang='grc' dir='ltr'>Τύχη</span> 
     </span>
     <span class='ocr_line' id='line_1_82' title="bbox 908 2399 1644 2445; baseline -0.001 -12"><span class='ocrx_word' id='word_1_435' title='bbox 908 2400 1011 2445; x_wconf 80' lang='grc' dir='ltr'><em>γελᾷ.</em></span> <span class='ocrx_word' id='word_1_436' title='bbox 1053 2399 1159 2434; x_wconf 84' lang='lat' dir='ltr'><strong>Ovid.</strong></span> <span class='ocrx_word' id='word_1_437' title='bbox 1187 2400 1299 2434; x_wconf 86' lang='lat' dir='ltr'><strong>Trist.</strong></span> <span class='ocrx_word' id='word_1_438' title='bbox 1326 2402 1366 2442; x_wconf 96' lang='lat'>1,</span> <span class='ocrx_word' id='word_1_439' title='bbox 1391 2402 1432 2443; x_wconf 88' lang='lat'>5,</span> <span class='ocrx_word' id='word_1_440' title='bbox 1458 2401 1521 2434; x_wconf 78' lang='lat'><strong>27:</strong></span> <span class='ocrx_word' id='word_1_441' title='bbox 1547 2401 1644 2433; x_wconf 81' lang='lat' dir='ltr'><strong>Dum</strong></span> 
     </span>
     <span class='ocr_line' id='line_1_83' title="bbox 907 2448 1642 2482; baseline 0 -2"><span class='ocrx_word' id='word_1_442' title='bbox 907 2450 1012 2482; x_wconf 84' lang='lat' dir='ltr'><strong>iuvat</strong></span> <span class='ocrx_word' id='word_1_443' title='bbox 1037 2450 1069 2480; x_wconf 83' lang='lat' dir='ltr'><strong>et</strong></span> <span class='ocrx_word' id='word_1_444' title='bbox 1093 2448 1194 2481; x_wconf 84' lang='lat' dir='ltr'><strong>voltu</strong></span> <span class='ocrx_word' id='word_1_445' title='bbox 1209 2449 1304 2481; x_wconf 79' lang='lat' dir='ltr'><strong>ridet</strong></span> <span class='ocrx_word' id='word_1_446' title='bbox 1322 2449 1488 2480; x_wconf 76' lang='lat' dir='ltr'><strong>Fortuna</strong></span> <span class='ocrx_word' id='word_1_447' title='bbox 1503 2455 1642 2480; x_wconf 75' lang='lat' dir='ltr'><strong>screno.</strong></span> 
     </span>
     <span class='ocr_line' id='line_1_84' title="bbox 910 2493 1643 2537; baseline -0.003 -9"><span class='ocrx_word' id='word_1_448' title='bbox 910 2515 953 2519; x_wconf 86' lang='lat'><strong>—</strong></span> <span class='ocrx_word' id='word_1_449' title='bbox 979 2494 1130 2537; x_wconf 79' lang='lat' dir='ltr'><strong>Romae]</strong></span> <span class='ocrx_word' id='word_1_450' title='bbox 1172 2494 1292 2537; x_wconf 83' lang='lat' dir='ltr'><strong>„Dum</strong></span> <span class='ocrx_word' id='word_1_451' title='bbox 1315 2494 1457 2528; x_wconf 85' lang='lat' dir='ltr'><strong>Romae</strong></span> <span class='ocrx_word' id='word_1_452' title='bbox 1482 2493 1643 2527; x_wconf 78' lang='lat' dir='ltr'><strong>vivimus</strong></span> 
     </span>
     <span class='ocr_line' id='line_1_85' title="bbox 908 2541 1642 2583; baseline -0.003 -7"><span class='ocrx_word' id='word_1_453' title='bbox 908 2543 1058 2583; x_wconf 80' lang='lat' dir='ltr'><strong>felices,</strong></span> <span class='ocrx_word' id='word_1_454' title='bbox 1100 2541 1298 2576; x_wconf 85' lang='lat' dir='ltr'><strong>laudemus</strong></span> <span class='ocrx_word' id='word_1_455' title='bbox 1337 2551 1428 2575; x_wconf 86' lang='lat' dir='ltr'><strong>sane</strong></span> <span class='ocrx_word' id='word_1_456' title='bbox 1466 2550 1642 2575; x_wconf 82' lang='lat' dir='ltr'><strong>amoenas</strong></span> 
     </span>
     <span class='ocr_line' id='line_1_86' title="bbox 909 2588 1642 2634; baseline -0.003 -11"><span class='ocrx_word' id='word_1_457' title='bbox 909 2592 945 2624; x_wconf 90' lang='lat' dir='ltr'><strong>et</strong></span> <span class='ocrx_word' id='word_1_458' title='bbox 962 2589 1141 2634; x_wconf 82' lang='lat' dir='ltr'><strong>pulchras</strong></span> <span class='ocrx_word' id='word_1_459' title='bbox 1165 2589 1252 2623; x_wconf 86' lang='lat' dir='ltr'><strong>illas</strong></span> <span class='ocrx_word' id='word_1_460' title='bbox 1270 2588 1397 2630; x_wconf 88' lang='lat' dir='ltr'><strong>urbes,</strong></span> <span class='ocrx_word' id='word_1_461' title='bbox 1423 2597 1494 2622; x_wconf 84' lang='lat' dir='ltr'><strong>nec</strong></span> <span class='ocrx_word' id='word_1_462' title='bbox 1517 2589 1642 2622; x_wconf 87' lang='lat' dir='ltr'><strong>tamen</strong></span> 
     </span>
     <span class='ocr_line' id='line_1_87' title="bbox 909 2634 1644 2681; baseline -0.003 -10"><span class='ocrx_word' id='word_1_463' title='bbox 909 2637 1138 2681; x_wconf 86' lang='lat' dir='ltr'><strong>abripiamur</strong></span> <span class='ocrx_word' id='word_1_464' title='bbox 1172 2636 1251 2670; x_wconf 90' lang='lat' dir='ltr'><strong>uno</strong></span> <span class='ocrx_word' id='word_1_465' title='bbox 1278 2645 1340 2670; x_wconf 86' lang='lat' dir='ltr'><strong>eas</strong></span> <span class='ocrx_word' id='word_1_466' title='bbox 1367 2634 1512 2668; x_wconf 80' lang='lat' dir='ltr'><strong>visendi</strong></span> <span class='ocrx_word' id='word_1_467' title='bbox 1546 2634 1644 2669; x_wconf 75' lang='lat' dir='ltr'><strong>desi-</strong></span> 
     </span>
     <span class='ocr_line' id='line_1_88' title="bbox 909 2681 1644 2725; baseline -0.004 -7"><span class='ocrx_word' id='word_1_468' title='bbox 909 2684 1048 2719; x_wconf 82' lang='lat' dir='ltr'><strong>derio.“</strong></span> <span class='ocrx_word' id='word_1_469' title='bbox 1066 2703 1107 2707; x_wconf 87' lang='lat'><strong>--</strong></span> <span class='ocrx_word' id='word_1_470' title='bbox 1127 2683 1268 2725; x_wconf 75' lang='lat' dir='ltr'><strong>absens]</strong></span> <span class='ocrx_word' id='word_1_471' title='bbox 1296 2692 1340 2724; x_wconf 83' lang='lat' dir='ltr'><strong>„a</strong></span> <span class='ocrx_word' id='word_1_472' title='bbox 1365 2681 1488 2725; x_wconf 83' lang='lat' dir='ltr'><strong>patria</strong></span> <span class='ocrx_word' id='word_1_473' title='bbox 1513 2684 1644 2716; x_wconf 80' lang='lat' dir='ltr'><strong>nostra</strong></span> 
     </span>
     <span class='ocr_line' id='line_1_89' title="bbox 908 2731 1177 2776; baseline -0.004 -11"><span class='ocrx_word' id='word_1_474' title='bbox 908 2731 1044 2776; x_wconf 82' lang='lat' dir='ltr'><strong>procul</strong></span> <span class='ocrx_word' id='word_1_475' title='bbox 1070 2731 1177 2764; x_wconf 82' lang='lat' dir='ltr'><strong>sita.“</strong></span> 
     </span>
    </p>
   </div>
  </div>
 </body>
</html>
