1786 2912
3 2221 9 2228 *
0 2204 2 2213 “
0 2173 2 2195 ⁴*
0 2004 20 2152 ’Ῥῗᾷϋῐὴπωῖ-

710 116 804 151 ΗΒ.
827 115 858 150 1.
909 113 1010 149 sAr.
1034 113 1081 148 11.
1625 111 1652 152 9

253 221 388 263 Dives
420 219 554 275 agris,
585 217 706 264 dives
736 215 889 272 positis
922 215 967 256 in
997 214 1144 257 fenore
1174 212 1389 254 nummis:

256 291 417 340 Quinas
448 290 519 331 hic
550 287 680 344 capiti
709 285 929 329 mercedes
960 287 1134 327 exsecat
1165 287 1313 339 atque,

257 361 425 410 Quanto
456 358 662 416 perditior
694 358 875 414 quisque
906 358 990 409 est,
1022 358 1142 397 tanto
1173 354 1312 396 acrius
1344 355 1492 408 urget3
1600 352 1652 393 15

253 431 440 475 Nomina
471 433 658 472 sectatur
687 428 813 470 modo
846 430 1015 482 sumpta
1044 429 1165 468 veste
1195 423 1308 466 virili

258 501 347 544 Sub
377 501 570 558 patribus
603 499 719 540 duris
750 498 949 539 tironum.
995 495 1204 548 Maxime,
1236 494 1332 550 quis
1363 507 1469 547 non,

255 571 470 628 Iuppiter!
505 570 736 621 exclamat,
770 567 897 610 simul
930 570 1061 621 atque
1093 565 1287 607 audivit?
1331 563 1391 605 At
1421 565 1467 605 in
1498 577 1545 606 se

255 642 342 685 Pro
374 644 556 698 quaestu
587 642 804 695 sumptum
834 638 936 679 facit
971 636 1054 678 hic.
1101 635 1190 678 Vix
1220 634 1393 677 credere
1423 635 1583 690 possis,

258 712 398 761 Quam
419 712 502 753 sibi
532 724 617 752 non
647 709 703 751 sit
730 709 906 761 amicus,
936 708 998 749 ita
1027 710 1074 748 ut
1095 710 1218 762 pater
1238 706 1325 759 ille,
1358 705 1536 748 Terenti
1597 706 1655 747 20

257 782 426 825 Fabula
456 795 581 838 quem
612 781 815 822 miserum
845 782 975 834 gnato
1006 777 1168 819 vixisse
1201 776 1348 832 fugato

257 852 444 906 Inducit,
476 866 563 893 non
593 866 639 893 se
669 850 792 906 peius
824 848 1074 892 cruciaverit
1105 851 1232 903 atque
1262 846 1346 888 hic.

258 922 304 964 Si
337 923 431 978 quis
462 936 575 963 nunc
606 924 780 976 quaerat
812 919 906 968 Quo
938 933 1006 961 res
1038 918 1145 960 haec
1177 917 1422 973 pertinet?,
1455 917 1583 959 illuc:

259 993 377 1035 Dum
407 993 543 1035 vitant
575 992 694 1033 stulti
725 991 845 1043 vitia,
878 990 923 1031 in
955 989 1167 1031 contraria
1199 991 1384 1030 currunt.

258 1063 463 1106 Maltinus
494 1062 649 1104 tunicis
682 1061 879 1103 demissis
912 1060 1119 1113 ambulat3
1153 1063 1219 1100 est
1251 1059 1323 1114 qui
1598 1058 1654 1098 25

236 1176 294 1208 18.
327 1176 503 1208 exclamet
530 1174 584 1208 SC
618 1175 716 1216 (non
742 1172 906 1216 Bbcdp).
935 1190 977 1195 —
1005 1173 1063 1205 25.
1087 1171 1266 1205 Maltinus
1292 1169 1371 1214 Bp:
1404 1170 1609 1204 Malthinus

187 1221 352 1265 S‚LCtM,
376 1222 585 1257 Malchinus
610 1220 694 1262 bcd,
718 1220 748 1253 F
773 1222 811 1254 et
834 1219 1040 1253 Bentleius.

192 1311 313 1343 13-22.
354 1309 484 1351 Dives]
521 1308 624 1342 Idem
663 1308 874 1342 versiculus

142 1358 200 1390 est
214 1356 260 1390 A.
276 1356 318 1389 P.
335 1358 416 1390 421.
431 1375 474 1379 —
490 1354 873 1397 Quinas--mercedes]

142 1413 296 1436 usuram
329 1403 497 1444 solitam,
530 1402 571 1434 id
605 1404 678 1443 est,
713 1401 874 1446 singulis

143 1449 336 1483 mensibus
362 1450 602 1483 centesimam
630 1447 688 1493 (12
707 1448 873 1489 procem)

144 1496 458 1541 quintuplicatam
483 1496 550 1538 (60
574 1495 765 1536 Procent).
814 1495 875 1528 Iu-

145 1543 267 1577 1781181.
308 1544 349 1584 9,
391 1544 436 1576 6:
487 1543 697 1583 Crepereius
744 1542 872 1582 Pollio,

144 1591 207 1630 qui
231 1590 408 1631 triplicem
431 1597 584 1622 usuram
610 1589 676 1631 (36
702 1589 874 1630 Proeent)

140 1637 336 1678 praestaro
357 1638 514 1678 paratus
532 1637 666 1669 Circuit
692 1638 725 1668 et
750 1637 874 1676 fatuos

144 1692 220 1717 non
241 1684 389 1716 invenit.
416 1682 492 1716 Cfr.
519 1682 597 1716 Cic.
623 1681 730 1715 Verr.
758 1684 790 1724 3,
818 1684 874 1723 71,

146 1732 233 1764 165:
259 1731 498 1771 pensitaritne
523 1730 587 1762 tibi
611 1729 788 1772 (pecunia
804 1740 874 1772 pu-

146 1776 268 1818 blica)
308 1778 410 1809 binas
435 1776 658 1809 'centesimas
692 1776 761 1818 (24
787 1778 875 1808 Pro-

146 1823 272 1865 σαπήῃ
290 1842 333 1846 -
360 1823 484 1865 capiti]
511 1823 618 1867 sqrti,
644 1833 807 1856 summae
834 1822 875 1855 in

144 1870 277 1904 fenore
302 1870 466 1914 positae,
501 1871 737 1912 „Haupaequt,
772 1870 877 1911 Capi-

147 1916 234 1950 aaz!
252 1934 300 1941 —‹
317 1916 476 1958 exsecat]
496 1919 726 1961 „extorquet‚
744 1919 875 1949 extun-

147 1963 220 2006 dit,
257 1963 476 2008 exprimit;“
515 1975 584 1997 nos
618 1963 730 1997 simili
763 1966 877 1997 meta-

146 2010 284 2055 phora:
322 2011 481 2044 limen
514 2019 591 2043 aus
625 2012 717 2043 dem
750 2012 876 2051 Capi-

148 2058 215 2090 tat
251 2058 653 2099 herausschlaqen,
692 2059 875 2090 hera-us-

147 2104 282 2136 n'etm.
333 2123 376 2127 —
424 2106 526 2137 tamo
574 2106 696 2137 acrius
744 2103 876 2146 urqet]

151 2149 294 2191 „Tanto
328 2151 562 2195 gravioribus
593 2151 720 2184 usuris
746 2153 878 2184 onerat

150 2206 268 2229 unum
280 2206 480 2241 quemque,
493 2199 635 2240 quanto
649 2197 879 2230 intellexerit

150 2252 238 2276 oum
273 2243 526 2288 negligentius
560 2254 622 2276 res
647 2254 733 2277 suas
766 2254 877 2288 agere

151 2291 188 2323 et
196 2289 428 2324 luxuriosius
438 2291 563 2323 vivere
572 2290 604 2331 3⁴⁴
619 2292 672 2332 ut,
686 2291 717 2323 si
727 2290 878 2334 quando

151 2346 232 2370 sors
264 2338 342 2371 tota
374 2339 441 2370 aut
473 2348 519 2371 ex
549 2339 656 2381 parte
688 2336 880 2381 perdenda

152 2382 213 2425 sit,
237 2393 391 2428 magnas
416 2384 548 2418 saltem
565 2384 787 2418 centesimas
812 2394 880 2428 per

152 2431 299 2473 tempus
332 2430 379 2464 ad
413 2442 522 2464 omne
556 2431 733 2465 damnum
758 2441 880 2465 resar-

154 2475 329 2510 ciendum
354 2477 546 2512 sufficiens
570 2478 659 2512 inde
683 2478 879 2522 percipiat.

156 2541 199 2546 —
225 2524 405 2567 Nomina]
428 2526 670 2567 synmaphas,
701 2526 879 2558 schuld-

153 2572 603 2613 verschreibunqen,
652 2573 879 2612 obliqations.

156 2634 200 2639 —
240 2617 422 2660 sectatur]
473 2618 662 2660 „studiose
710 2621 880 2660 venatur,

157 2664 305 2706 quaerit
329 2663 595 2708 adolescentes,
614 2666 762 2699 circiter
778 2664 879 2698 XVI.

923 1317 1128 1346 annorum,
1163 1305 1302 1349 quibus
1336 1307 1463 1348 patres
1490 1304 1594 1347 parci
1621 1306 1659 1338 et

924 1353 1046 1387 severi
1072 1363 1150 1386 non
1169 1352 1260 1386 satis
1278 1351 1463 1395 pecuniae
1482 1351 1529 1384 ad
1557 1361 1658 1384 sum-

923 1403 1010 1444 ptus
1047 1399 1241 1433 faciendos
1279 1398 1483 1442 praebent,
1519 1398 1658 1442 hisque

923 1447 1058 1480 illicito
1084 1446 1194 1479 modo
1221 1448 1258 1479 et
1282 1455 1351 1479 suo
1377 1455 1461 1478 cum
1487 1445 1658 1488 periculo

922 1493 1122 1538 pecuniam
1154 1492 1280 1526 fenori
1313 1491 1378 1525 dat
1410 1491 1470 1525 vel
1494 1492 1535 1524 in
1561 1502 1659 1525 mor-

923 1543 997 1574 tem
1021 1541 1220 1584 parentum
1239 1539 1299 1572 vel
1316 1538 1437 1572 donec
1462 1538 1545 1583 lege
1563 1538 1658 1572 Lae·-

922 1587 1032 1628 toria,
1058 1597 1154 1631 quae
1171 1586 1322 1619 vetabat
1338 1586 1523 1619 minorem
1548 1586 1658 1619 annis

921 1633 1041 1667 XXV.
1090 1633 1285 1677 stipulari,
1335 1632 1451 1666 soluti
1494 1633 1657 1666 essent.“

924 1680 1087 1715 Tabulas
1126 1680 1311 1714 conficere
1350 1682 1387 1713 et
1423 1680 1658 1724 syngraphas

925 1738 1009 1761 oum
1043 1738 1233 1771 quoquam
1270 1727 1395 1761 facere
1420 1726 1473 1768 is,
1512 1727 1579 1770 qui
1617 1726 1659 1760 in

923 1774 1041 1819 patris
1067 1776 1249 1818 potestate
1276 1777 1367 1815 erat,
1393 1784 1472 1807 non
1497 1776 1658 1817 poterat.

925 1821 1003 1855 Cic.
1028 1832 1096 1865 pro
1124 1821 1225 1855 Cael.
1253 1823 1293 1863 7,
1321 1823 1376 1854 17.
1403 1839 1447 1843 —-—
1475 1820 1659 1864 tironum]

925 1868 1027 1913 Toga
1062 1879 1159 1912 pura
1196 1868 1315 1909 (veste
1348 1868 1448 1900 virili
1454 1868 1470 1909 )
1510 1870 1660 1911 sumpta

923 1915 1034 1959 pueri
1067 1926 1089 1948 a
1122 1918 1228 1959 patre
1261 1915 1302 1947 in
1334 1914 1458 1947 forum
1495 1914 1659 1948 deduce-

925 1963 1063 1996 bantur
1082 1962 1235 1996 tirones.
1251 1961 1353 1995 Suet.
1369 1960 1456 1995 Ner.
1472 1962 1511 1994 7:
1530 1960 1659 2003 (Nero)

924 2011 1097 2043 deductus
1122 2010 1161 2041 in
1178 2010 1300 2050 sorum
1326 2009 1397 2041 tiro
1419 2009 1557 2049 populo
1575 2017 1660 2041 con-

927 2058 1107 2097 viarium,
1143 2057 1252 2088 militi
1283 2056 1495 2089 donativum
1523 2063 1661 2096 propo-

924 2105 1008 2136 suit.
1023 2122 1067 2126 —
1081 2105 1152 2136 Pro
1171 2102 1339 2144 quaestu]
1360 2102 1528 2143 „ratione
1548 2113 1660 2145 quae-

926 2153 1006 2184 stus
1031 2149 1200 2191 habita‚“
1236 2151 1328 2182 dem
1351 2150 1558 2181 Erwerbe
1590 2158 1662 2189 qe-

925 2198 1050 2229 πιᾶεε.
1079 2214 1121 2218 -
1146 2197 1214 2228 sibi
1239 2204 1313 2228 ποπ
1336 2197 1382 2227 sit
1407 2195 1569 2238 amicus]
1596 2198 1662 2238 „ut

927 2244 993 2287 qui
1010 2244 1195 2286 perpetuo
1212 2243 1366 2287 genium
1384 2252 1494 2275 suum
1510 2242 1661 2276 defrau-

928 2290 1023 2323 det.“
1040 2309 1083 2313 —
1098 2290 1210 2331 pater
1224 2290 1300 2331 ille,
1318 2290 1463 2322 Terenti
1479 2289 1566 2332 cet.]
1583 2288 1661 2323 Me-

927 2336 1108 2370 nedemus
1125 2336 1165 2369 in
1184 2335 1353 2370 Terentii
1366 2332 1526 2368 Ἑαυτὸν
1545 2347 1662 2378 τιμω-

928 2384 1113 2430 ρουμένῳ,
1138 2383 1248 2417 cuius
1265 2383 1313 2417 ob
1331 2383 1567 2417 severitatem
1585 2382 1661 2416 Cli-

928 2431 993 2464 nia
1017 2430 1118 2464 filius
1143 2430 1185 2463 in
1201 2430 1329 2464 Asiam
1354 2429 1557 2465 militatum
1574 2440 1661 2474 pro-

929 2477 1053 2511 fectus
1079 2479 1170 2511 erat.

977 2525 1096 2557 23-26.
1123 2525 1203 2566 Quo
1227 2532 1258 2557 r.
1286 2525 1320 2557 11.
1343 2523 1542 2565 pertinen]
1570 2522 1661 2565 „His

930 2571 1104 2605 omnibus
1129 2571 1170 2604 in
1194 2570 1360 2604 medium
1385 2569 1543 2614 prolatis
1568 2569 1661 2614 quid

929 2617 1079 2652 tandem
1120 2618 1190 2652 tibi
1232 2618 1287 2651 vis
1297 2618 1334 2650 ‚⁹⁴⁴
1376 2636 1419 2640 —
1456 2616 1661 2659 Maltinus]

930 2663 990 2698 Sic
1023 2674 1108 2698 cum
1134 2663 1249 2698 Godd.
1283 2662 1525 2697 scribendum
1556 2663 1658 2697 vide-
