1774 2930
151 145 236 187 254

622 146 830 180 HORATII
852 146 1203 182 EPISTOLARUM

269 246 393 289 Nunc
423 247 548 302 agilis
579 248 635 290 fio
668 251 711 290 et
741 262 906 290 mersor
936 247 1133 290 civilibus
1163 249 1311 303 undis,

269 317 453 359 Virtutis
485 333 612 361 verae
644 322 786 360 custos
817 318 1066 375 rigidusque
1098 321 1294 376 satelles3

269 388 393 430 Nunc
424 389 469 430 in
498 389 711 445 Aristippi
742 389 891 431 furtim
920 395 1151 446 praecepta
1179 391 1348 434 relabor

269 459 327 502 Et
357 460 462 501 mihi
494 475 581 513 res,
614 474 701 502 non
731 474 801 503 me
831 461 960 503 rebus
992 461 1251 518 subiungere
1281 477 1424 505 001101.

250 591 304 622 16.
329 598 454 623 versor
472 601 572 624 unus
590 590 804 625 Hochederi
822 591 901 634 (m),
926 593 1005 625 tum
1021 591 1117 627 Edd.
1142 594 1229 626 vett.
1248 592 1305 635 (ut
1321 591 1467 627 Veneta
1493 593 1624 634 1481.)‚

199 635 319 670 Aldus
330 662 339 679 ,

372 636 415 670 Ο.
454 638 607 680 (mersor
638 638 816 672 exhibent
841 638 955 672 Codd.
990 638 1144 683 deEp,
1177 639 1357 684 Franeq.,
1390 639 1624 682 Pottieriani‚

201 686 314 728 atque
339 684 493 718 omnino
521 696 670 728 omnes,
705 696 864 730 quorum
898 686 1028 730 aliqua
1053 689 1110 720 est
1134 687 1365 730 auctoritas.)
1391 706 1437 711 -—-
1464 689 1519 721 19.
1545 689 1626 721 sub-

199 732 341 765 mittere
368 731 483 766 Oodd.
508 733 598 777 aliq.
624 735 661 766 ct
685 732 831 767 Veneta
856 735 971 776 1481„
995 735 1170 767 subiicere
1195 734 1261 768 alii
1286 745 1307 768 0
1333 734 1446 780 gloss.

152 842 176 865 a
213 832 498 877 navigantibus,
545 834 610 878 qui
652 833 761 867 modo
803 834 889 875 huc,

154 879 264 913 modo
291 879 384 914 illuc
409 881 624 925 appellunt,
651 892 727 925 quo
754 860 889 915 ventus⁷

154 926 240 960 fert.
266 927 346 961 Hoc
364 928 479 972 igitur
494 927 604 962 dicit:
627 928 819 973 „Hospitis
833 929 890 962 in-

155 977 244 1016 star,
271 975 336 1019 qui
362 977 502 1008 certam
529 975 655 1009 sedem
674 986 749 1009 non
766 976 890 1018 habet,

154 1021 223 1055 sed
273 1022 507 1056 deverticula
562 1033 709 1067 semper
759 1026 889 1065 mutat,

155 1079 258 1102 nunc
275 1070 346 1103 hac
365 1069 536 1103 doctrina
560 1073 658 1112 utor,
684 1081 786 1103 nunc
813 1071 890 1113 illa,

155 1119 269 1160 prout
314 1117 354 1150 in
391 1117 463 1151 hoc
503 1117 615 1151 illove
659 1128 727 1151 suo
770 1118 891 1162 capite

154 1164 296 1197 maiore
331 1164 598 1208 probabilitate
623 1175 682 1198 me
708 1165 830 1198 allicit
855 1167 892 1199 et

157 1211 372 1245 conducere
399 1212 491 1245 mihi
517 1211 698 1245 videtur.“

206 1260 260 1292 16.
281 1261 334 1292 17.
361 1260 466 1292 Nunc
485 1259 568 1302 cet]
597 1258 727 1301 „Modo
749 1259 891 1293 Stoico-

156 1316 240 1339 rum
265 1306 428 1340 lectione
454 1307 506 1340 ita
531 1306 716 1349 delector,
742 1309 786 1340 ut
810 1307 891 1351 ipse

157 1354 267 1397 quasi
287 1353 435 1388 Stoicus
455 1353 552 1395 fiam,
571 1365 733 1398 quorum
751 1354 789 1387 id
806 1365 892 1398 pro-

156 1401 283 1444 prium
308 1403 382 1444 est,
417 1404 459 1434 ut
494 1401 611 1446 agiles
647 1401 725 1435 sint
750 1404 787 1435 et
812 1412 892 1436 rem

157 1448 348 1492 publicam
381 1451 597 1492 capessant,
634 1449 794 1494 rigidam
820 1449 893 1482 vir-

157 1497 275 1530 tutem
293 1507 384 1540 prae
403 1507 442 1530 se
460 1496 644 1539 ferentes,
670 1496 801 1530 modo“
823 1498 892 1530 cet.

160 1562 203 1566 -
231 1543 353 1585 agilis]
380 1543 463 1577 Non
491 1545 547 1577 est
575 1543 739 1585 „facilis,
777 1543 894 1578 mobi-

159 1590 218 1631 lis,
244 1589 473 1633 versatilis3“
503 1590 585 1624 sed:
615 1591 773 1635 „agendi
791 1591 894 1635 cupi—

158 1637 242 1679 dus,
267 1639 458 1680 actuosus,
477 1636 719 1684 πρακτικός“,
745 1641 787 1672 ut
799 1638 894 1683 Epp.

162 1687 193 1727 1,
214 1687 267 1727 18,
287 1687 342 1718 90.
367 1685 492 1730 iungit
517 1686 651 1726 aqilem
675 1684 894 1726 navumque.

160 1732 307 1766 Seneca
340 1732 385 1766 de
412 1732 554 1777 Tranq.
579 1743 640 1766 an.
667 1735 705 1766 2:
748 1734 896 1766 Natura

159 1781 340 1813 humanus
368 1782 513 1813 animus
540 1781 648 1821 agilis
675 1782 725 1813 est
752 1782 784 1813 et
808 1789 894 1821 pro-

160 1836 228 1860 ‘nus
254 1828 302 1860 ad
326 1830 454 1860 motus.
503 1824 746 1873 Πρακτικοὺς
771 1829 895 1860 aute-m

159 1885 244 1908 esse
270 1876 308 1907 et
333 1872 601 1907 πολιτεύεσθαι
626 1885 715 1908 suos
732 1874 896 1918 discipu-

161 1922 218 1955 los
257 1922 433 1955 volebant
467 1921 582 1955 Stoici
621 1922 675 1964 (et
705 1921 897 1964 Peripate-

160 1969 261 2011 tici),
295 1979 378 2002 011111
405 1969 583 2013 Epicurei
616 1980 637 2003 a
670 1979 711 2002 10
745 1969 898 2012 publica

161 2016 396 2060 capessenda
421 2017 667 2058 abstinerent,
693 2017 765 2049 hoc
790 2027 898 2060 prae-

162 2066 314 2108 ceptum
339 2064 491 2097 dantes:
534 2060 642 2097 Λάθε
667 2061 825 2104 βιώσας.
853 2083 896 2087 -

162 2119 302 2144 mersor
335 2112 500 2144 civilibus
533 2110 662 2153 undis]
703 2110 779 2144 Res
806 2110 897 2144 civi-

164 2158 231 2200 les,
256 2158 440 2203 imprimis
467 2158 663 2192 contiones
682 2161 718 2191 et
737 2158 898 2201 comitia,

163 2208 317 2250 propter
343 2206 625 2239 instabilitatem
647 2216 762 2240 aurae
780 2216 898 2250 popu-

164 2253 255 2286 laris
282 2264 325 2286 ac
351 2253 582 2297 multiplices
608 2253 738 2286 turbas
765 2253 898 2286 crebro

165 2310 250 2333 cum
300 2301 477 2334 fluctibus
535 2300 898 2344 tempestatibusque

165 2350 443 2390 comparantur.
487 2348 564 2381 Cic.
589 2359 624 2391 p.
651 2347 807 2382 Plancio
836 2349 898 2380 15:

165 2395 253 2427 illae
285 2397 406 2428 undae
441 2397 687 2437 comitiorum,
722 2397 762 2428 ut
795 2403 899 2427 mare

163 2443 388 2482 profundum
414 2444 444 2474 et
469 2444 695 2485 immensum,
720 2443 770 2474 sic
797 2444 899 2482 effer-

166 2491 313 2521 vescunt
339 2491 497 2529 quodam
523 2492 629 2529 quasi
654 2492 768 2531 aestu,
794 2491 834 2521 ut
853 2490 901 2521 ad

166 2536 260 2569 alios
285 2537 474 2573 accedant,
509 2538 554 2569 ab
579 2538 664 2569 aliis
698 2539 818 2569 autem
843 2545 900 2569 re-

168 2584 312 2616 cedant.
338 2583 384 2617 de
409 2582 501 2627 Rep.
526 2587 556 2625 1,
583 2586 622 2616 4:
651 2585 713 2624 qui
737 2592 811 2616 non
835 2584 900 2616 du-

169 2631 362 2663 bitaverim
387 2639 443 2664 me
469 2631 693 2671 aravissimis
711 2633 900 2672 tempesta-

169 2679 263 2710 tibus
290 2687 332 2711 ac
353 2687 468 2719 paene
498 2679 711 2719 fulminibus
737 2679 822 2719 ipsis
841 2679 901 2710 ob-

167 2726 266 2758 vium
291 2727 398 2766 serre.
448 2724 542 2770 Epp.
570 2727 602 2767 2,
629 2727 661 2766 2,
689 2727 750 2758 84:
777 2733 903 2758 rerum

939 835 1128 867 Fluctibus
1160 835 1200 867 in
1230 835 1358 868 mediis
1388 837 1422 868 et
1455 835 1674 876 tempestati-

940 882 1005 914 bus
1030 883 1144 914 urbis.
1193 881 1362 915 Verbum
1393 890 1534 915 mersor
1559 881 1674 915 habet

939 928 1013 961 vim
1062 928 1203 963 formae
1249 928 1412 971 mediae,
1462 926 1673 972 εἰσδύομαι,

939 973 1106 1018 ἐμαυτὸν
1143 970 1343 1019 ἑμβοίλλω,
1381 977 1463 1019 (ich
1490 977 1674 1019 versenke,

938 1024 1089 1064 vertiese
1113 1025 1209 1056 mich
1218 1024 1252 1066 ,)
1286 1026 1328 1057 ut
1352 1023 1559 1058 Menander
1583 1023 1674 1058 Mei-

939 1069 1026 1104 nek.
1059 1070 1182 1125 Frgm.
1210 1071 1311 1105 Com.
1343 1070 1407 1104 IV.
1441 1082 1477 1115 p.
1509 1073 1572 1105 88:
1608 1071 1675 1112 Εἰς

941 1117 1106 1171 πέλαγος
1130 1115 1249 1151 αὑτὸν
1274 1117 1455 1161 ἐμβαλεῖς
1478 1115 1552 1165 γὰρ
1578 1127 1674 1164 πρα-

940 1161 1108 1208 γμάτεκι.
1136 1165 1272 1199 Catull.
1292 1167 1348 1208 68,
1365 1167 1426 1199 13:
1444 1166 1583 1220 Accipe,
1594 1167 1673 1206 quis

939 1221 1078 1246 merser
1109 1214 1282 1254 fortunae
1314 1214 1481 1255 fluctibus
1513 1214 1602 1254 ipse.
1629 1231 1672 1236 -—

943 1261 1094 1292 Virtutis
1128 1260 1262 1303 verae]
1305 1263 1348 1293 ut
1387 1270 1490 1294 nunc
1531 1259 1674 1302 dicunt,

940 1308 1085 1350 idealis,
1113 1307 1264 1350 qualem
1281 1307 1399 1341 Stoici
1417 1307 1674 1349 informarant,

943 1364 1039 1398 quae
1064 1356 1220 1398 propter
1251 1365 1290 1388 se
1317 1355 1516 1388 coleretur.
1543 1373 1587 1378 —
1613 1362 1675 1387 cu-

941 1405 1041 1434 stos·
1054 1401 1220 1444 satelles]
1261 1401 1449 1447 Imagines
1487 1404 1577 1436 sunt
1613 1401 1677 1435 de-

942 1451 1116 1503 sumptae
1128 1459 1150 1482 a
1165 1450 1302 1482 virtute
1319 1451 1510 1494 tamquam
1534 1449 1676 1494 regina,

942 1498 985 1529 ut
1010 1497 1118 1541 quasi
1151 1496 1197 1530 de
1222 1495 1292 1530 dea
1315 1495 1478 1541 Epp.2,
1514 1498 1552 1539 1,
1587 1497 1674 1530 230:

945 1545 1095 1577 Virtutis
1120 1544 1269 1577 aeditui.
1315 1544 1384 1578 Est
1407 1522 1526 1589 igit’ur
1543 1522 1677 1586 φύλαξ

943 1592 1010 1623 καὶ
1049 1587 1278 1638 δορυφόρος.
1311 1610 1357 1615 -
1389 1590 1552 1634 rioidus]
1594 1590 1675 1624 Liv.

944 1640 1000 1681 39,
1027 1640 1091 1671 40:
1128 1640 1179 1672 M.
1210 1639 1360 1672 Porcius
1386 1639 1499 1671 Cato·
1509 1639 1676 1679 -rwidae

942 1686 1184 1718 innocentiae.
1236 1685 1379 1719 Seneca
1407 1685 1454 1719 ad
1478 1684 1585 1718 Helv.
1613 1687 1676 1718 12:

943 1734 1145 1767 Stoicorum
1193 1733 1315 1773 rigida
1360 1741 1403 1765 ac
1450 1733 1570 1765 virilis
1618 1740 1677 1765 sa-

941 1781 1095 1821 pientia.

994 1828 1049 1859 18.
1077 1828 1132 1860 19.
1169 1826 1366 1869 Aristippi]
1402 1825 1479 1860 Cic.
1504 1825 1620 1860 Acad.
1645 1827 1679 1868 2,

945 1875 1002 1916 42,
1022 1875 1106 1906 131:
1132 1873 1206 1906 Alii
1229 1874 1457 1914 voluptatem
1473 1874 1581 1915 finem
1599 1873 1678 1915 (bo-

946 1921 1103 1962 norum)
1147 1929 1222 1954 esse
1262 1921 1477 1962 voluerunt,
1520 1929 1678 1961 quorum

943 1969 1112 2009 princeps
1137 1968 1367 2010 Aristippus,
1408 1969 1471 2008 qui
1493 1969 1680 2002 Socratem

947 2017 1141 2057 audierat,
1190 2016 1286 2048 unde
1337 2015 1538 2056 Cyrenaici.
1602 2014 1678 2048 Cic.

947 2062 1059 2096 Tusc.
1086 2064 1119 2105 2,
1146 2065 1179 2104 6,
1207 2064 1268 2095 15:
1293 2063 1499 2096 Socraticus
1523 2062 1681 2103 Aristip-

944 2119 1013 2152 pus
1038 2118 1112 2143 non
1136 2110 1314 2143 dubitavit
1336 2118 1517 2143 summum
1539 2110 1681 2142 malum

947 2159 1110 2191 dolorem
1143 2158 1272 2190 dicere.
1324 2156 1400 2190 Cfr.
1450 2156 1524 2190 Sat.
1567 2158 1608 2198 2,
1646 2157 1679 2198 3,

950 2207 1016 2239 100
1051 2215 1132 2249 sqq.
1158 2203 1250 2248 Epp.
1280 2207 1317 2246 1,
1352 2205 1416 2247 17,
1450 2205 1494 2237 13
1527 2214 1609 2248 sqq.
1635 2204 1680 2236 23

949 2263 1004 2296 sq.
1044 2271 1087 2275 —
1129 2251 1271 2294 furtim]
1312 2250 1396 2285 Non
1438 2253 1512 2284 tam
1556 2250 1682 2292 „clam

948 2299 1079 2342 alios“,
1113 2309 1245 2343 quam:
1281 2297 1356 2341 „ita
1381 2300 1423 2331 ut
1446 2308 1504 2331 me
1529 2298 1595 2331 illo
1620 2307 1683 2330 re-

948 2346 1046 2389 labi,
1088 2357 1161 2390 quo
1204 2345 1352 2379 indoles
1390 2356 1473 2379 mea
1508 2344 1680 2385 inclinat,

949 2394 1010 2427 vix
1050 2394 1132 2437 ipse
1173 2391 1506 2435 animadvertam;“
1548 2399 1681 2424 unver-

949 2442 1076 2474 merkt.
1096 2456 1146 2466 ·-
1173 2442 1219 2472 Et
1243 2441 1331 2472 mihi
1358 2438 1451 2481 cet]
1491 2437 1565 2481 „Et
1588 2438 1681 2472 mihi

951 2489 1071 2531 (meae
1088 2487 1271 2520 voluntat-i
1291 2488 1328 2520 et
1346 2485 1595 2527 constantiae)
1619 2495 1682 2519 res

950 2538 1123 2569 externas
1143 2534 1394 2578 subiungere,
1412 2528 1682 2576 ὑποζευγνύναι

951 2583 1080 2627 (gloss.
1106 2583 1163 2615 est
1187 2580 1410 2622 submittere)
1439 2590 1571 2621 conor,
1605 2589 1682 2612 non

950 2640 1008 2663 me
1033 2629 1147 2663 rebus
1182 2628 1389 2672 subiung03
1424 2627 1463 2660 in
1490 2637 1534 2660 eo
1567 2626 1682 2671 igitur

952 2677 1123 2718 elaboro,
1161 2677 1204 2709 ut
1238 2686 1358 2719 aequo
1392 2674 1515 2708 animo
1553 2683 1681 2707 omnes

952 2724 1126 2758 fortunae
1157 2721 1439 2756 vicissitudines
1474 2720 1682 2755 sustineam
