1774 2930
633 190 728 225 Lm.
751 190 782 225 Ι.
829 188 983 224 ΕΡῙΒΤ.
1006 187 1109 222 xvl.

231 294 321 336 Vos
352 307 504 349 sapere
535 295 579 335 et
609 292 723 334 solos
755 291 823 334 aio
854 291 966 333 bene
994 290 1162 343 vivere,
1194 302 1375 345 quorum

1544 186 1631 228 355

1574 288 1631 330 45

231 364 506 421 Conspicitur
534 362 681 405 nitidis
713 361 891 404 flmdsta
919 360 1103 417 pecunia
1130 359 1258 401 villis.

617 527 954 572 Ens'rom
981 494 1125 570 m

230 613 299 656 Ne
327 612 611 670 perconteris,
643 610 801 652 fundus
833 623 976 663 meus,
1007 608 1167 664 optime
1199 605 1367 658 Quinti,

233 685 351 726 Arvo
382 688 532 740 pascat
561 682 714 725 herum
744 695 801 724 an
829 680 946 722 bacis
978 679 1202 735 opulentet
1230 678 1369 720 olivae

231 754 434 796 Pomisne
465 757 508 796 et
537 753 694 810 pratis,
726 766 781 794 an
813 750 967 793 amicta
995 749 1155 792 vitibus
1186 749 1321 801 ulmo,

210 894 284 929 ΕΡ.
315 893 416 928 XVI.
453 897 485 928 1.
518 895 645 935 Quinti
676 891 851 936 bSEcdp,
883 890 979 924 MO:
1014 891 1160 932 Quincti
1191 889 1300 932 (cum
1327 888 1488 922 nummis
1514 887 1585 923 sub

160 941 337 987 Augusto
361 941 539 986 signatis)
564 939 630 974 FJ.
656 959 700 964 —
726 941 760 972 2.
786 939 884 972 bacis
909 936 1015 971 bSEc
1041 940 1079 971 et
1102 948 1159 981 pr.
1184 936 1227 971 d:
1254 937 1371 969 baccis
1395 946 1481 969 cum
1506 935 1586 980 ple-

163 989 295 1034 risque
327 989 463 1032 (etiam
496 997 593 1022 corr.
618 986 663 1028 d)
688 985 792 1020 FMJ.
820 1004 863 1009 ——
899 987 931 1018 3.
964 985 1135 1018 pomisne
1169 982 1324 1027 bSEcdp
1350 986 1389 1017 et
1411 982 1584 1016 Pottierii

163 1046 294 1070 omnes
317 1038 467 1080 praeter
491 1034 607 1075 duos,
635 1033 702 1075 Lt,
726 1032 943 1074 Bentleius,
968 1030 1020 1066 0:
1053 1032 1217 1065 Pomn'sve
1250 1029 1423 1064 Pottierii
1459 1032 1515 1064 15.
1548 1032 1586 1063 et

166 1084 243 1125 18.‚
275 1081 355 1116 CH.
378 1101 424 1106 —
450 1084 484 1115 et
508 1080 665 1125 bSEcdp
690 1083 729 1115 et
752 1079 926 1114 Pottierii
959 1089 1109 1120 omnes,
1142 1077 1265 1111 LCtJ:
1299 1086 1351 1111 an
1383 1088 1431 1111 ex
1462 1076 1585 1111 tribus

164 1128 282 1164 codd.
306 1128 484 1174 ffiuquii,
509 1128 663 1163 totidem
689 1126 901 1168 Torrentii,
924 1125 1126 1160 Pulmsnni
1152 1136 1228 1159 uno
1254 1125 1450 1169 alteroque
1474 1124 1587 1158 Bers-

162 1177 291 1211 manni
315 1179 354 1211 et
378 1187 424 1210 ex
448 1177 527 1210 suis
550 1175 696 1220 aliquot
721 1174 965 1219 (anonymis)
990 1173 1200 1214 Benfleius,
1225 1170 1337 1206 mo.

331 1250 351 1260 x

116 1293 339 1338 Bpp.1‚14‚
363 1295 420 1326 21.
448 1296 480 1334 1,
507 1295 563 1333 ιτ,
590 1295 644 1327 12.
664 1311 706 1315 —
726 1293 849 1325 m’tiass

118 1339 206 1383 oet-1
231 1351 414 1384 „quorum
440 1350 486 1374 ex
508 1340 611 1373 villis
628 1338 849 1383 splendidis,

119 1397 305 1421 memore
335 1386 602 1428 candentibus,
635 1389 750 1430 atque
774 1395 850 1418 mse

117 1433 267 1479 gniflcis
285 1432 388 1479 (non,
405 1436 448 1467 ut
464 1433 528 1466 alii
546 1433 750 1478 explicant:
769 1432 850 1476 opi-

119 1480 204 1523 mis,
224 1480 466 1523 fructuosis&
484 1480 607 1514 statim
626 1479 851 1524 colligimus,

120 1538 186 1562 vos
203 1527 339 1570 divites
364 1537 448 1562 esse
474 1529 512 1561 et
532 1527 690 1571 insuper
707 1528 850 1560 vestras

117 1574 293 1608 fortunas
316 1574 358 1608 in
390 1573 523 1608 iisdem
554 1573 656 1608 villis
685 1573 782 1607 bene
807 1583 850 1607 ac

118 1624 200 1655 tuto
217 1622 419 1656 collocatas
436 1631 531 1663 esse,
553 1621 690 1654 melius
707 1620 851 1664 utique,

118 1679 232 1713 quam
258 1668 291 1702 si
315 1669 357 1701 in
380 1668 512 1702 fenore
528 1667 672 1712 positae
689 1668 850 1701 essent.“

118 1714 184 1749 Sic
200 1714 278 1750 Cic.
294 1726 365 1760 pro
383 1714 423 1749 G.
440 1714 536 1748 Bab.
550 1715 653 1748 Post.
673 1716 705 1756 1,
726 1717 756 1748 1.
774 1715 850 1755 sor-

117 1764 232 1796 lme
254 1763 303 1804 Ῑιι
314 1764 475 1796 udatus
496 1762 717 1803 praesertim
740 1763 851 1802 alque

118 1811 253 1851 optime
277 1810 492 1843 consumtus
517 1817 602 1850 opes
626 1808 731 1842 dixit.

165 1854 269 1890 XVI.
338 1855 547 1901 Ambigunt
609 1855 850 1899 Interpretes,

120 1905 247 1937 utrum
271 1902 343 1936 hoc
366 1903 581 1947 epistolium
605 1903 785 1947 scriptum
803 1902 853 1936 sit

119 1948 169 1983 ad
185 1949 384 1989 Quintium
396 1949 598 1994 Hirpinum
616 1949 703 1991 (Od.
716 1951 750 1991 2,
767 1949 851 1991 11.)‚

121 2006 171 2029 an
196 1996 244 2030 ad
261 1996 304 2029 Τ.
321 1996 518 2035 Quintium
535 1996 749 2040 Crispinum
768 1996 853 2029 Sul-

119 2042 324 2086 picianum,
348 2043 586 2076 triumvirum
607 2043 651 2075 A.
674 2043 717 2075 A.
742 2043 787 2075 A.
811 2043 852 2075 F.

86 2105 89 2107 ·
120 2088 183 2130 R,
207 2089 371 2134 Augusti
395 2090 589 2133 aequalem
615 2089 783 2131 (Eokhel
807 2089 852 2121 D.

122 2134 167 2168 N.
192 2137 226 2169 5.
254 2146 291 2179 p.
325 2136 442 2177 2910,
475 2136 541 2179 qui
573 2135 672 2169 idem
705 2135 853 2168 videtur

123 2192 210 2215 oum
234 2182 277 2215 T.
302 2181 458 2220 Quintio
491 2182 685 2226 Crispino,
719 2192 795 2215 cos.
821 2193 854 2215 a.

125 2239 164 2262 u.
189 2238 220 2262 c.
246 2230 347 2270 745.;
372 2229 438 2262 sed
463 2239 547 2262 cum
572 2229 766 2262 hominum
790 2229 855 2262 ho-

122 2285 209 2308 rum
233 2275 416 2318 indolem,
440 2276 575 2318 vitam,
607 2275 855 2309 necessitudi-

124 2332 193 2357 nes
224 2333 309 2356 cum
332 2321 488 2356 Horatio
518 2332 677 2367 prorsus
707 2323 856 2367 ignore-

123 2379 219 2411 mus,
243 2370 314 2403 huc
338 2369 385 2403 de
402 2380 443 2403 re
461 2369 558 2403 nihil
576 2369 670 2403 certi
689 2372 855 2403 statuere

122 2426 335 2460 possumus.
385 2415 491 2450 Oonf.
528 2427 625 2461 quae
662 2415 856 2450 adnotavi-

123 2473 207 2497 mus
238 2463 286 2496 sd
319 2474 353 2497 v.
379 2465 435 2497 17.
482 2463 757 2508 Argumentum
787 2474 855 2497 au-

124 2512 200 2544 tem
235 2510 351 2544 totius
390 2511 686 2555 scriptiunculse
723 2511 855 2554 paucis

124 2556 181 2590 sic
205 2557 466 2602 exponendum
492 2561 567 2591 est:
603 2557 730 2602 „Ego,
756 2569 855 2599 esre,

124 2602 259 2638 beatus
284 2615 388 2647 sum,
413 2604 459 2638 ad
486 2615 596 2649 quem
623 2605 774 2649 quidem
801 2605 854 2638 vi-

125 2652 186 2684 tae
209 2653 347 2685 statum
372 2651 491 2686 cuivis
525 2652 731 2696 optandum
755 2652 854 2685 inter

126 2706 188 2729 res
212 2700 384 2733 externas
404 2699 632 2743 permultum
658 2709 747 2733 sane
766 2709 854 2733 con-

126 2742 201 2776 fert
217 2743 395 2778 Sabinum
412 2756 554 2779 meum:
579 2748 621 2779 tu
645 2746 732 2780 item
752 2756 853 2786 cura,

898 1295 957 1327 ut,
993 1289 1308 1334 quemadmodum
1334 1289 1512 1330 mereris,
1546 1289 1633 1322 bes-

898 1342 959 1371 tus
984 1337 1072 1379 fias,
1105 1336 1202 1370 illud
1226 1336 1349 1381 γνῶθι
1373 1333 1538 1369 σεαυτὸν
1563 1336 1632 1369 im-

898 1384 1031 1429 primis
1064 1384 1182 1428 probe
1218 1393 1398 1417 exercens
1432 1386 1548 1428 atque
1581 1383 1629 1417 ab

899 1431 1015 1467 animi
1039 1430 1392 1476 perturbationibus
1417 1430 1579 1464 liberum
1596 1433 1633 1464 te

900 1479 1090 1512 servsns.“
1141 1478 1295 1511 Praeter
1329 1481 1476 1511 ceteros
1506 1480 1631 1512 sutem

900 1525 1055 1559 consule
1091 1525 1223 1559 Iacobs
1259 1524 1378 1559 Lectt.
1415 1524 1558 1558 Venus.
1595 1535 1633 1569 p.

899 1574 977 1614 47..
1010 1573 1075 1617 qui
1109 1573 1257 1617 egregie
1292 1571 1463 1606 defendit
1491 1572 1631 1605 bonum

899 1619 1007 1653 illum
1024 1619 1220 1659 Quintium
1238 1630 1261 1653 a
1277 1619 1471 1661 conviciis,
1494 1619 1633 1663 quibus

900 1666 1061 1700 eundem
1093 1669 1234 1700 temere
1269 1666 1486 1700 lacerarunt
1510 1666 1634 1699 Inter-

899 1716 1046 1758 pretes,
1084 1716 1272 1758 tamquam
1310 1715 1480 1758 captator
1517 1713 1635 1747 fuerit

898 1771 1013 1795 aurae
1030 1761 1225 1805 popularis
1242 1764 1357 1805 atque
1376 1763 1529 1794 externa
1548 1770 1632 1804 spe·

899 1809 956 1842 cie
981 1808 1082 1852 frugi
1106 1808 1296 1842 hominem
1329 1807 1567 1852 probumque
1592 1818 1633 1842 se

899 1865 982 1889 esse
1008 1855 1205 1889 simularit.

949 1905 1036 1935 1-4.
1069 1903 1124 1936 Ne
1155 1903 1378 1944 perconteris
1403 1901 1488 1944 cet]
1526 1901 1633 1943 „Scio

899 1952 1046 1994 gratum
1070 1949 1140 1982 tibi
1165 1949 1258 1990 fore,
1285 1949 1315 1983 si
1342 1949 1499 1982 formam
1525 1948 1634 1982 fundi

902 1997 974 2030 mei
1000 1996 1101 2029 ultro
1125 1995 1195 2030 tibi
1221 1996 1478 2040 descripser03
1506 1996 1634 2040 itaque

902 2043 981 2076 noli
1006 2054 1065 2076 me
1091 2053 1135 2076 ea
1159 2043 1205 2076 de
1231 2053 1273 2076 re
1298 2042 1550 2086 percontari.“
1579 2042 1636 2076 si-

901 2089 1002 2123 milis
1035 2090 1197 2123 formula
1229 2092 1287 2123 est
1311 2089 1405 2133 Epp.
1433 2091 1472 2130 1,
1499 2091 1538 2129 1,
1566 2091 1633 2122 13:

902 2136 955 2168 Ac
991 2144 1036 2168 ne
1072 2138 1167 2176 forte
1209 2145 1315 2176 τοοκ
1354 2139 1424 2169 cet.
1457 2154 1501 2159 —
1532 2138 1633 2169 Arno

900 2186 1029 2223 pascat
1070 2184 1196 2215 herum
1231 2182 1319 2224 cet]
1356 2181 1513 2216 Omnem
1554 2193 1635 2216 rem

903 2230 1081 2263 rusticam
1100 2229 1233 2262 Cicero
1259 2228 1365 2270 (Cato
1381 2229 1467 2263 mai.
1486 2231 1542 2272 15,
1560 2231 1634 2271 54.)

903 2276 971 2309 his.
985 2276 1111 2310 verbis
1137 2276 1415 2320 complectitur:
1451 2278 1525 2310 Nec
1549 2285 1635 2310 vero

901 2325 1079 2364 noctibus
1104 2323 1225 2365 (arvo)
1255 2324 1374 2356 solum
1400 2326 1434 2356 et
1456 2325 1576 2365 pratis
1602 2327 1636 2357 et

903 2371 1017 2403 vineis
1042 2373 1075 2403 et
1108 2372 1267 2404 arbustis
1290 2379 1349 2404 res
1373 2373 1531 2404 mslicae-
1559 2372 1634 2404 lae-

903 2420 964 2451 tae
986 2419 1082 2458 sunl,
1106 2418 1168 2450 sed
1186 2419 1299 2450 hortis
1323 2419 1433 2450 eliam
1450 2421 1483 2451 el
1506 2426 1634 2459 poma·

902 2465 986 2505 riis,
1024 2467 1100 2496 lum
1131 2465 1308 2506 pecudum
1342 2468 1472 2506 pastu,
1509 2467 1634 2506 apium

903 2513 1144 2554 examinibus,
1174 2513 1306 2553 florum
1330 2514 1493 2545 omnium
1515 2514 1635 2544 varie·

903 2561 988 2591 tate.
1008 2577 1051 2582 -
1069 2559 1268 2602 opulentet]
1289 2558 1456 2593 Verbum
1483 2560 1633 2599 opulen-

903 2607 985 2638 tare
1006 2616 1076 2649 pro
1095 2606 1360 2650 „locupletare,
1385 2606 1528 2639 ditare⁴⁶
1555 2606 1634 2648 pri-

903 2662 1003 2685 mum
1038 2662 1140 2686 nunc
1171 2653 1271 2697 apud
1296 2652 1495 2686 Horatium
1528 2662 1634 2696 repe-

902 2699 1009 2732 ritur.
1057 2699 1112 2733 Eo
1150 2710 1243 2733 usus
1284 2703 1342 2732 est
1378 2699 1488 2732 etiam
1524 2698 1634 2732 Colu-

902 2746 1015 2779 mella
1033 2747 1066 2788 8,
1094 2749 1125 2779 1.
1144 2765 1186 2770 —
1206 2748 1338 2779 amicta
1361 2747 1493 2778 vitibus
1519 2746 1633 2788 ulmo]
