1774 2930
643 112 665 130 '·
682 121 775 156 nm.
799 121 848 156 11.
891 120 994 156 sm.
1018 118 1085 156 111.

1557 122 1641 163 169

240 223 352 267 Cum
379 223 532 279 laqueo
561 236 740 266 uxorem
770 222 981 266 interimis
1013 225 1278 279 matremque
1310 235 1492 275 veneno,

239 294 447 337 Incolumi
468 294 608 351 capite
630 307 691 336 es.
723 293 839 342 Quid
858 293 1004 336 enim?
1022 292 1176 349 Neque
1194 297 1244 334 tu
1268 293 1350 335 hoc
1370 292 1475 335 facis
1497 293 1641 348 Argis,

239 363 332 408 Nec
360 364 473 408 ferro
503 368 552 407 ut
582 363 758 407 demens
790 365 1044 420 genitricem
1074 363 1230 406 occidis
1262 363 1454 406 Orestes.

240 434 313 477 An
341 439 391 477 tu
418 436 527 478 reris
559 449 655 478 eum
690 435 830 478 occisa
859 435 1072 477 insanisse
1102 438 1295 491 parente,

242 505 308 548 Ac
327 519 414 548 non
434 510 536 549 ante
555 507 679 548 malis
702 506 945 549 dementem
965 509 1107 548 actum
1127 505 1284 558 Furiis,
1308 519 1435 561 quam

1561 504 1642 545 135

243 576 294 619 In
323 578 472 619 matris
504 578 650 632 iugulo
681 577 841 619 ferrum
870 575 1074 632 tepefecit
1105 576 1308 618 acutum?

242 646 371 701 Quin,
404 662 460 690 ex
490 662 574 704 quo
606 652 671 690 est
701 647 874 690 habitus
905 647 1018 689 male
1048 651 1167 689 tutae
1196 647 1353 689 mentis
1385 645 1576 698 Orestes,

240 716 313 759 Nil
343 731 448 761 sane
478 718 592 772 fecit,
625 718 739 774 quod
767 722 816 759 tu
845 717 1160 774 reprehendere
1191 718 1361 774 possis:

240 787 338 830 Non
368 788 561 844 Pyladen
590 789 703 832 ferro
734 788 894 831 violare
925 802 1109 831 aususve
1141 802 1331 831 sororem

240 857 472 913 Electram,
503 863 670 902 tantum
700 859 918 902 maledicit
947 859 1118 915 utrique
1148 859 1339 901 vocando

1559 860 1644 901 140

241 929 366 972 Hanc
385 929 574 983 Furiam,
608 930 723 972 hunc
750 930 880 982 aliud,
912 930 1040 972 iussit
1070 930 1185 986 quod
1216 929 1442 986 splendida
1470 930 1584 972 bilis.

240 999 413 1056 Pauper
444 999 641 1056 Opimius
674 1002 841 1056 argenti
872 1001 1003 1057 positi
1035 1001 1150 1043 intus
1182 1005 1226 1043 et
1257 1002 1370 1054 auri,

215 1085 222 1104 Ι

220 1118 298 1150 132.
324 1119 476 1158 quidni?
502 1128 617 1160 neque
642 1120 737 1152 enim
761 1120 827 1152 hoc
851 1120 944 1160 sacis
969 1119 1187 1161 Bentleius3
1213 1120 1342 1159 quidm·
1368 1130 1387 1153 e
1414 1122 1595 1163 quattuor

172 1163 287 1198 Codd.
310 1164 529 1208 Pulmanni,
555 1175 670 1207 neque
696 1168 793 1199 enim
815 1167 881 1199 hoc
905 1167 999 1207 sacis
1024 1176 1070 1199 ex
1095 1166 1195 1200 coni.
1219 1165 1415 1208 Lambini,
1446 1170 1599 1210 reperta

170 1221 274 1245 nunc
306 1211 347 1244 in
381 1215 510 1246 nostro
545 1213 635 1247 Cod.
661 1213 696 1247 b.
723 1233 766 1237 —
795 1215 873 1247 133.

911 1214 1039 1246 occidit
1072 1224 1108 1257 p,
1145 1213 1319 1247 Pottierii
1355 1214 1531 1258 plerique
1559 1216 1595 1248 et

170 1268 268 1292 corr.
301 1258 338 1292 S.
363 1278 408 1283 ——-
435 1262 515 1294 137.
553 1260 673 1303 tutae]
708 1263 827 1294 molae
858 1259 902 1293 N.
927 1260 1121 1294 Heinsius.
1149 1279 1191 1284 —
1221 1261 1300 1294 139.
1341 1269 1507 1294 sororem
1546 1264 1596 1293 esc

171 1304 365 1340 Bentleius
391 1317 437 1340 ex
461 1308 600 1351 optimo
625 1307 827 1341 Pulmanni
852 1310 890 1341 et
914 1307 1045 1352 Regio,
1069 1307 1118 1340 M.

128 1403 215 1438 cula
239 1413 308 1445 que
332 1405 406 1439 vid.
431 1406 478 1439 ad
504 1405 573 1440 Od.
600 1408 632 1449 2,
659 1409 714 1449 19,
740 1409 796 1441 28.
822 1409 860 1441 et

129 1451 252 1485 statim
289 1463 324 1486 v.
360 1455 453 1486 139:
490 1462 656 1487 aususve.
694 1465 727 1487 v.
767 1456 858 1488 15⁷:

122 1506 353 1539 pereamque.
380 1518 422 1523 —
450 1501 631 1534 Incolumi
654 1502 774 1542 capite
798 1501 858 1544 es]

125 1553 173 1579 ox
195 1545 375 1589 opinione
399 1547 510 1591 volgi.

174 1594 342 1627 182-134.
357 1594 606 1637 QuidenivnPJ
633 1594 858 1636 „dicendum

124 1639 230 1672 esti*
254 1639 359 1674 Idem
375 1651 494 1685 prope
511 1636 556 1675 a&
573 1643 728 1682 quidni?
753 1644 858 1684 quip-

121 1686 228 1727 ptm‘?
244 1686 356 1731 Apud
369 1687 591 1722 Ciceronem
610 1689 858 1734 subsequitur

125 1732 205 1766 fere
235 1734 354 1768 altera
385 1735 654 1781 interrogatio:
686 1747 720 1769 v,
746 1736 857 1770 Hand

125 1779 235 1814 Ture.
250 1780 300 1814 H.
316 1792 352 1826 p.
371 1783 452 1815 386.
494 1782 670 1816 Ceterum
695 1783 858 1818 ridicula

125 1829 183 1860 est
222 1830 259 1861 et
298 1828 485 1864 malitiosa
524 1830 708 1874 quaedam
748 1832 858 1875 quasi

124 1875 315 1909 excusatio
333 1876 449 1918 illius,
467 1877 534 1921 qui
552 1878 679 1911 uxoris
694 1879 856 1912 cervices

125 1920 262 1965 laqueo
286 1922 451 1968 fregerat
466 1924 653 1969 matrique
671 1935 857 1959 venenum

125 1967 340 2011 miscuerat,
358 1971 466 2014 quasi
480 1970 621 2005 diceret
634 1971 857 2006 Stertinius:

128 2013 249 2055 „Sane
272 2017 417 2059 poteris
442 2018 535 2050 mihi
560 2018 748 2052 obiicere:
778 2019 858 2064 Ego

127 2061 237 2094 solita
261 2064 298 2095 et
323 2074 425 2096 nunc
447 2064 663 2108 frequentia
686 2066 779 2099 haec
803 2067 859 2100 fa-

127 2106 258 2142 cinora
295 2119 380 2142 cum
411 2110 505 2152 feci,
541 2112 695 2146 minime
729 2113 859 2156 aequi-

126 2155 317 2198 parandus
352 2167 433 2190 sum
466 2158 609 2202 tragico
637 2158 696 2191 illi
723 2159 859 2202 Oresti,

127 2201 194 2245 qm·
217 2201 339 2244 ferro,
372 2214 470 2245 11011,
503 2208 546 2238 ut
578 2205 678 2249 apud
713 2217 782 2239 nos
807 2206 858 2249 fit,

126 2247 263 2292 laqueo
308 2252 374 2283 aut
412 2261 577 2294 veneno,
627 2252 860 2297 Clytaemne-

127 2297 241 2329 stram
266 2297 423 2339 occidit,
456 2309 581 2343 neque
606 2299 738 2344 Argis,
764 2300 859 2334 urbe

126 2352 150 2375 a
173 2343 326 2388 tragicis
350 2344 557 2379 identidem
582 2349 788 2380 memorata
812 2350 859 2390 et,

126 2388 159 2422 si
183 2389 235 2423 ita
260 2390 388 2425 dicere
413 2392 512 2434 licet,
541 2394 700 2437 poetica,
726 2394 792 2427 sed
808 2395 858 2428 ·in

126 2435 250 2470 media
275 2437 369 2472 urbe
386 2439 515 2480 Roma,
540 2440 718 2475 veneficis
743 2441 859 2475 refer-

126 2485 183 2524 ta,
212 2494 289 2517 non
315 2485 472 2520 insanus
498 2490 540 2520 ut
564 2487 649 2529 ille,
683 2488 749 2522 sed
779 2498 860 2522 cer-

126 2531 201 2563 tam
218 2535 303 2574 post
320 2531 631 2568 deliberationem
656 2538 812 2568 matrem
837 2546 858 2569 c

126 2577 248 2611 medio
266 2580 437 2613 sustuli.“
457 2600 500 2604 —
518 2581 676 2624 demens]
704 2585 768 2624 „ut
785 2585 860 2616 tra-

127 2622 223 2657 dunt
237 2627 382 2669 poetae,
408 2631 492 2671 post
518 2629 642 2662 scelus
667 2632 858 2673 perpetra-

127 2672 206 2703 tum
228 2675 352 2707 mente
376 2676 543 2718 captus.“
559 2694 602 2699 -
617 2677 674 2709 An
695 2678 734 2709 lu
752 2677 858 2719 rer-is]

908 1406 992 1448 cet.]
1009 1406 1100 1448 „Ille
1115 1417 1280 1451 quoque,
1294 1407 1419 1452 pergit
1428 1407 1643 1449 Stertinius,

906 1453 984 1487 iani
1006 1455 1094 1486 ante
1121 1453 1455 1498 Clytaemnestram
1484 1456 1645 1490 occisam

906 1501 1065 1534 insanus
1081 1500 1156 1534 fuit
1171 1512 1292 1545 aeque
1309 1512 1354 1535 ac
1371 1502 1448 1535 tu.“
1485 1502 1543 1536 De
1561 1513 1644 1537 ver-

907 1547 955 1581 bo
979 1548 1056 1581 reri
1081 1547 1149 1581 cfr.
1189 1547 1265 1582 Sat.
1293 1551 1324 1590 1,
1349 1550 1383 1591 9,
1408 1551 1467 1583 49.

939 1597 1106 1628 135-144.
1119 1595 1243 1638 malis]
1256 1596 1339 1629 den
1361 1605 1515 1639 arqen,
1529 1596 1645 1631 Voss:

906 1643 988 1675 den
1010 1643 1364 1677 schrecklichen.
1414 1643 1486 1677 Hic
1517 1647 1556 1678 et
1588 1654 1646 1678 se-

907 1699 1028 1733 quens
1065 1700 1199 1723 versus
1238 1690 1323 1724 soni
1361 1694 1451 1724 sunt
1486 1702 1645 1735 prorsus

906 1736 1061 1770 heroici.
1073 1754 1117 1760 -—-
1127 1738 1269 1777 serrum
1293 1739 1459 1779 tepefecit
1476 1739 1643 1781 acutum]

907 1782 1013 1828 Virg.
1037 1785 1131 1816 Aen.
1157 1786 1191 1826 9,
1209 1786 1302 1817 418:
1327 1786 1645 1819 hasta--lraieclo

906 1831 1046 1864 -haesit
1080 1832 1261 1872 tepefacta
1292 1834 1449 1866 cerebro.
1477 1851 1520 1856 —
1545 1834 1645 1866 male

907 1879 1008 1911 tutae
1016 1878 1159 1920 mentis]
1174 1878 1345 1913 insanus.
1366 1879 1503 1921 „Immo
1513 1882 1646 1924 postea

908 1925 1069 1959 sanioris
1094 1936 1212 1970 prope
1237 1927 1374 1960 mentis
1399 1927 1471 1961 fuit
1491 1926 1645 1962 Orestes

908 1982 1020 2015 quam
1037 1972 1078 2005 in
1096 1972 1163 2006 illo
1181 1976 1323 2016 puncto
1348 1975 1542 2018 temporis,
1568 1985 1644 2019 quo

906 2023 1061 2052 matrem
1085 2019 1300 2054 trucidavit.
1349 2019 1498 2055 Etenim
1531 2023 1572 2054 in
1599 2032 1643 2056 eo

907 2065 1099 2099 dumtaxat
1140 2066 1303 2111 deliquit
1350 2068 1644 2112 aliquantulum,

909 2113 1009 2156 quod
1033 2113 1222 2146 interdum
1246 2115 1369 2148 sorori
1393 2118 1507 2158 atque
1524 2116 1644 2150 amico

906 2159 1004 2193 male
1031 2159 1158 2192 dixit.“
1211 2160 1272 2194 Sic
1297 2162 1398 2205 apud
1422 2161 1644 2206 Euripidem

909 2205 989 2247 (Or.
1000 2207 1097 2248 264.)
1113 2217 1278 2252 sororem
1292 2208 1458 2252 appellat
1470 2209 1644 2244 Furiam:

907 2253 1043 2295 Μέθες·
1075 2254 1131 2296 μί’
1164 2253 1265 2287 οὐσα
1301 2255 1376 2288 τῶν
1413 2255 1516 2298 ἐμῶν
1547 2254 1585 2289 ’E
1610 2268 1646 2290 ι-

907 2296 1018 2340 voc-w,
1043 2301 1175 2334 Μέσον
1198 2302 1238 2344 μ’
1264 2299 1463 2346 ὀχμάζεις,
1494 2300 1547 2345 ὦς
1597 2301 1645 2337 ά-

907 2346 976 2393 λῃς
1006 2347 1046 2389 ἐς
1071 2344 1279 2395 Τάρταρον.
1327 2350 1459 2395 Pyladi
1491 2351 1644 2395 quidem

906 2394 947 2427 in
972 2395 1039 2429 illa
1063 2396 1258 2440 tragoedia
1282 2408 1358 2431 non
1379 2398 1580 2432 maledicit.
1599 2418 1642 2422 —

905 2443 1099 2483 splendida
1136 2443 1239 2486 bilis]
1288 2444 1393 2478 Pers.
1420 2444 1493 2478 Sat.
1521 2447 1559 2486 3,
1596 2447 1642 2479 8:

907 2491 1077 2530 tumescit
1117 2492 1235 2524 vitrea
1277 2492 1368 2525 bilis.
1427 2492 1502 2525 Bili
1543 2503 1643 2525 mor-

906 2536 997 2570 bose
1024 2537 1275 2572 condensatae
1298 2542 1337 2572 et
1358 2543 1558 2583 propterea
1583 2549 1643 2572 as·

906 2583 1024 2627 phalti
1051 2585 1176 2628 specie
1203 2586 1480 2629 splendescenti
1514 2596 1537 2618 a
1568 2596 1643 2619 me-

906 2630 1001 2664 dicis
1041 2631 1277 2665 tribuebatur
1318 2631 1565 2675 μελαγχολία.
1598 2651 1637 2656 -

907 2678 1056 2719 Pauper
1075 2679 1239 2719 opimius
1257 2679 1343 2721 cet]
1372 2679 1518 2721 „Homo
1538 2680 1643 2724 igno-
