1774 2930
142 117 228 160 526

801 88 1010 155 HoRATn

264 218 374 262 Cum
406 220 539 262 semel
570 220 793 274 imbuerit,
826 234 1048 277 speramus
1079 223 1269 266 carmina
1298 223 1401 280 fingi

257 290 395 333 Posse
423 290 598 333 linenda
628 291 755 334 cedro
787 295 831 334 et
860 292 946 335 levi
977 292 1187 336 servanda
1217 295 1453 351 cupresso?

258 360 348 404 Aut
377 361 582 418 prodesse
612 362 762 404 volunt
792 367 866 405 aut
898 362 1112 407 delectare
1141 368 1316 422 poetae,

256 433 346 474 Aut
378 433 506 474 simul
536 437 579 475 et
610 432 796 476 iucunda
826 438 870 477 et
900 434 1056 478 idonea
1086 435 1229 479 dicere
1259 436 1388 480 vitae.

258 503 476 560 Quidquid
506 505 769 561 praecipies,
803 509 894 547 esto
926 505 1089 560 brevis,
1121 510 1169 548 ut
1199 508 1283 550 cito
1314 507 1430 551 dicta

1574 509 1660 551 335

256 574 503 631 Percipiant
535 576 666 617 animi
698 575 857 619 dociles
888 579 1150 634 teneantque
1180 577 1353 633 fideles;

255 645 395 688 Omne
427 660 742 703 supervacuum
772 647 901 704 pleno
934 647 987 690 de
1019 651 1191 705 pectore
1222 653 1382 693 manat.

253 715 377 759 Ficta
406 717 638 774 voluptatis
671 732 801 760 causa
832 718 918 760 sint
948 719 1147 775 proxima
1176 720 1310 774 veris,

253 787 346 831 Nec
376 788 658 846 quodcunque
688 790 823 843 volet,
855 794 1006 846 poscat
1037 790 1120 833 sibi
1151 790 1297 835 fabula
1326 791 1461 846 credi,

231 927 311 958 331.
342 933 528 966 speremus
561 925 590 958 Τ
626 935 711 959 cum
745 928 827 959 octo
861 925 1065 961 Codicibus
1098 927 1274 962 Bentleii.
1307 947 1351 952 —
1386 929 1467 963 337.
1498 927 1610 963 Hunc

182 982 332 1006 versum
357 972 428 1006 sibi
454 975 672 1017 suspectum
698 973 856 1007 seclusit
880 973 1088 1009 Bentleius.
1116 994 1158 998 ——
1186 977 1266 1010 339.
1291 977 1366 1010 Nec
1388 975 1458 1019 Bd,
1482 975 1609 1010 LctF:

133 1085 319 1127 adsricuit.
345 1104 390 1108 -—
417 1085 560 1128 peculi]
598 1085 670 1119 Hic
709 1096 870 1130 usurpa—

134 1134 196 1166 tur
222 1132 268 1166 de
303 1133 406 1166 omni
438 1133 603 1177 pecunia
631 1133 787 1177 propria
812 1133 870 1166 in-

133 1179 281 1214 dustria
321 1190 365 1214 ac
412 1179 650 1224 parcimonia
696 1180 807 1214 etiam
848 1191 870 1214 a

131 1227 253 1261 libero
286 1227 438 1261 homine
471 1229 600 1272 parta;
634 1228 787 1272 proprie
822 1227 869 1261 de

133 1285 240 1309 servo
273 1274 377 1320 Virg.
410 1274 491 1309 Ecl.
519 1277 558 1318 1,
586 1276 650 1309 33:
693 1276 766 1309 Nec
789 1284 869 1317 spes

135 1323 312 1356 libertatis
347 1325 427 1356 erat
452 1331 518 1356 nec
549 1331 641 1356 cura
663 1323 796 1364 peculi.
824 1342 867 1346 —-

130 1369 343 1412 speramus]
376 1369 610 1403 Indicativus
645 1370 785 1404 clarius
820 1370 869 1403 si-

131 1416 286 1462 gnificat
303 1417 508 1452 absurdam
526 1417 606 1451 fore
632 1417 745 1451 talem
763 1428 868 1462 spem

132 1475 246 1509 quam
272 1464 433 1498 aliorum
459 1464 574 1499 lectio
599 1473 795 1506 speremus.
823 1484 866 1488 —

131 1514 238 1546 cedro
264 1531 279 1538 -
304 1530 319 1536 -
346 1512 537 1556 cupresso]
579 1511 791 1546 Dioscorid.
836 1514 867 1555 1,

133 1561 212 1593 106.
239 1559 394 1594 cedrum
420 1559 493 1593 τῶν
519 1559 664 1607 νεκρῶν
680 1557 781 1603 ζωὴν
806 1570 867 1594 vo-

131 1609 208 1649 cat,
243 1610 280 1641 et
312 1608 582 1653 κυπαριττίνας
611 1604 768 1651 μνήμας
792 1618 868 1642 me-

128 1657 250 1688 morat
282 1654 356 1688 iam
381 1654 489 1689 Plato
516 1654 630 1700 Legg.
656 1655 759 1699 5.'p.
787 1656 866 1688 741.

128 1700 290 1736 Martial.
317 1705 358 1744 5,
385 1704 424 1745 6,
454 1704 515 1735 14:
544 1703 647 1744 Quae
674 1703 781 1735 cedro
807 1704 867 1736 de-

130 1752 257 1782 corata
291 1758 534 1791 purpuraque
568 1751 694 1791 Niqris
725 1751 866 1791 pacina

129 1798 238 1830 crevit
263 1798 457 1830 umbilicis.
491 1796 637 1830 vitruv,
665 1798 707 1838 2,
733 1799 774 1838 9,
803 1799 864 1830 13:

127 1844 188 1877 Ex
214 1845 321 1877 cedro
347 1845 479 1886 oleum,
507 1846 603 1884 quod
624 1845 786 1877 cedrium
810 1844 864 1876 di-

129 1891 242 1933 citur,
280 1893 464 1933 nascitur,
504 1900 575 1932 quo
608 1891 775 1931 reliquae
807 1899 865 1923 res

128 1946 211 1970 cum
243 1940 327 1971 sunt
359 1940 513 1980 unctae,
545 1939 601 1971 uti
634 1939 743 1971 etiam
770 1938 864 1979 libri,

128 1994 152 2018 a
177 1986 282 2018 tineis
307 1987 340 2018 et
374 1994 398 2018 a
424 1986 524 2019 carie
557 1993 629 2018 non
658 1986 864 2018 laeduntur.

128 2031 204 2066 Cfr.
238 2032 336 2066 Plin.
370 2032 417 2066 H.
449 2032 493 2066 N.
530 2034 593 2074 16,
627 2034 691 2075 40,
725 2034 770 2067 78
805 2043 861 2077 sq.

129 2079 207 2122 „Ex
233 2079 458 2124 cupressino
493 2083 618 2114 autem
644 2079 747 2125 ligno
774 2090 862 2113 con-

125 2126 186 2161 fici
224 2127 397 2162 solebant
425 2127 622 2171 capsulae,
655 2127 695 2160 in
722 2127 861 2172 quibus

126 2174 408 2218 reponebantur
465 2175 607 2219 scripta
664 2177 860 2219 poetarum

127 2224 259 2256 contra
282 2222 439 2256 tineas.“
468 2222 596 2256 Comi.
623 2221 744 2261 Cimo.

174 2271 373 2303 333—337.
399 2270 473 2303 Aut
495 2271 665 2311 prodesse
683 2269 768 2312 cet.]
794 2268 860 2303 Di-

125 2316 253 2350 lucide
279 2319 463 2351 monstrat
494 2317 631 2361 triplex
657 2317 860 2350 consilium

126 2363 234 2407 sequi
275 2366 426 2408 poetas3
471 2375 579 2406 „nam
618 2366 685 2397 aut
721 2364 858 2398 docere

125 2411 269 2453 volunt,
295 2414 337 2444 ut
362 2411 552 2454 didactici,
577 2414 642 2446 aut
659 2411 858 2454 delectare,

125 2459 168 2490 ut
185 2459 494 2503 epigrammatum
513 2458 748 2493 ludicrorum
768 2459 860 2493 scri-

124 2507 272 2549 ptores,
310 2508 375 2539 aut
407 2508 632 2550 utrumque,
670 2508 713 2539 ut
750 2506 858 2551 epici,

125 2552 335 2596 dramatici,
360 2553 489 2598 lyrici;
515 2553 546 2587 si
574 2553 660 2598 quis
685 2553 757 2587 hoc
783 2556 857 2587 ter-

124 2600 220 2633 tium
239 2600 396 2643 obtinet,
419 2600 611 2645 perfectus
638 2603 695 2635 est
711 2601 856 2645 poeta.“

125 2646 246 2680 Simul
272 2650 309 2681 et
326 2647 486 2682 docendi
512 2650 549 2682 et
573 2647 787 2682 delectandi
806 2647 859 2682 le-

123 2704 189 2739 ges
215 2695 409 2740 proponit,
434 2695 474 2728 in
500 2694 669 2730 docendo
695 2695 856 2729 brevitae

919 1087 1013 1128 tem,
1039 1086 1079 1120 in
1105 1087 1351 1129 delectando,
1385 1098 1432 1122 ne
1460 1087 1656 1122 aberretur

918 1143 941 1166 a
966 1133 1123 1168 veritate
1148 1134 1315 1179 poetica,
1341 1146 1390 1169 ne
1415 1138 1656 1170 monstruosa

918 1177 1181 1224 φαντάσματα
1214 1182 1419 1227 fingantur.
1454 1182 1534 1225 (vv.
1569 1184 1655 1217 333-

919 1228 1015 1270 340.)
1042 1247 1087 1252 -
1121 1230 1192 1263 cito
1217 1249 1232 1255 -
1257 1229 1492 1273 percipiam]
1527 1229 1654 1264 Incre-

918 1274 1036 1310 dibile
1062 1278 1120 1310 est
1143 1277 1190 1311 ab
1217 1277 1424 1321 interprete
1447 1276 1528 1311 Sec.
1552 1276 1654 1311 XIX.

918 1322 1050 1357 iuncta
1075 1319 1157 1357 esse
1183 1334 1240 1357 vv.
1259 1325 1329 1357 cito
1346 1325 1457 1358 dicta.
1477 1343 1520 1348 -
1541 1326 1655 1358 Omne

917 1379 1187 1412 supervacuum
1228 1371 1314 1414 cet]
1358 1371 1438 1413 „Ut
1476 1371 1524 1406 de
1565 1382 1652 1407 vase

917 1417 991 1451 iam
1017 1418 1131 1463 pleno
1156 1429 1257 1463 aqua
1274 1418 1430 1463 insuper
1447 1418 1567 1453 affusa
1591 1419 1655 1453 de-

916 1464 1010 1508 fluit,
1037 1465 1090 1499 ita
1115 1467 1283 1500 animum
1303 1468 1505 1511 praecepto
1523 1466 1652 1511 aliquo

916 1512 990 1545 iam
1017 1513 1228 1557 impletum,
1256 1513 1394 1556 omnia,
1421 1524 1518 1558 quae
1543 1525 1652 1558 prae-

916 1562 1020 1594 terea
1037 1560 1241 1603 adduntur,
1269 1561 1408 1606 quippe
1429 1569 1652 1603 supervaca-

915 1615 1006 1650 nea,
1040 1607 1079 1641 id
1105 1610 1180 1651 est,
1211 1608 1329 1643 nimia
1353 1619 1397 1643 ac
1422 1608 1652 1652 verbosior&

917 1665 1030 1699 quam
1063 1666 1218 1689 necesse
1252 1658 1328 1699 est,
1366 1666 1444 1690 non
1477 1658 1652 1701 tangunt,

916 1702 982 1735 sed
1007 1702 1162 1736 fastidio
1188 1702 1394 1737 afficiunt.“
1426 1702 1470 1737 V.
1496 1711 1651 1736 manare

915 1749 1015 1783 idem
1057 1750 1135 1784 fere
1178 1749 1368 1795 significat
1407 1760 1451 1784 ac
1491 1751 1650 1791 defluere

914 1796 1015 1840 apud
1042 1795 1222 1830 Senecam
1256 1797 1302 1830 de
1328 1796 1458 1830 Benef.
1487 1799 1524 1839 1,
1552 1798 1583 1838 1,
1609 1798 1649 1830 8:

913 1844 969 1876 ita
995 1846 1133 1877 natura
1166 1845 1439 1886 comparatum,
1472 1846 1513 1876 ut
1537 1844 1649 1877 allius

914 1891 1076 1924 iniuriae
1115 1899 1227 1932 quam
1263 1892 1396 1924 merita
1432 1891 1648 1925 descendant

915 1939 948 1970 et
973 1938 1042 1971 illa
1067 1939 1136 1971 cito
1153 1939 1328 1981 defluant,
1353 1939 1419 1971 has
1438 1940 1552 1972 tenax
1576 1946 1650 1972 me-

913 1986 1034 2018 moria
1083 1986 1273 2019 custodiat.
1336 1984 1475 2019 Mirum
1524 1988 1649 2019 autem

910 2031 984 2066 fuit
997 2032 1159 2067 Bentleii
1174 2032 1219 2066 de
1232 2033 1303 2067 hoc
1316 2043 1428 2067 versu
1442 2032 1647 2066 iudicium:

914 2079 1091 2122 „Vereor,
1119 2090 1166 2113 ne
1184 2080 1369 2115 monacho
1386 2079 1515 2124 potius
1535 2090 1647 2124 quam

910 2127 1046 2161 Flacco
1072 2127 1285 2161 versiculus
1312 2127 1528 2161 debeatur.“
1570 2126 1647 2161 Ma-

910 2174 1048 2209 nifesto
1076 2185 1220 2208 summa
1244 2171 1402 2218 γνώμης
1425 2174 1646 2219 simplicitas

911 2221 1094 2256 Criticum
1110 2222 1358 2256 immortalem
1377 2221 1544 2266 decepit;
1561 2232 1645 2266 per-

909 2280 1021 2313 quam
1071 2279 1160 2303 sane
1208 2269 1341 2303 similis
1389 2271 1447 2303 est
1486 2280 1521 2302 v.
1563 2271 1644 2302 344.

908 2327 1025 2360 prope
1050 2315 1257 2350 Leoninus.

956 2365 1154 2397 338—340.
1184 2363 1309 2407 Ficta]
1344 2364 1426 2406 „vel
1451 2373 1473 2397 a
1498 2365 1535 2397 te
1560 2362 1644 2408 ipso

907 2411 967 2445 vel
1001 2410 1041 2444 in
1074 2411 1210 2456 mythis
1235 2410 1309 2445 iam
1341 2410 1511 2456 antiquis
1536 2420 1643 2455 repe-

908 2457 1078 2492 rienda.“
1117 2477 1159 2481 —
1194 2459 1369 2499 proxima
1405 2457 1524 2500 veris]
1565 2467 1642 2499 „ne

908 2505 1078 2539 laedatur
1111 2504 1248 2539 veritas
1282 2504 1526 2548 (Illusion)
1552 2505 1642 2548 poe-

908 2552 1016 2587 tica.“
1054 2551 1209 2586 Aristot.
1234 2552 1338 2586 Ροὲὲ.
1365 2553 1431 2594 25,
1457 2553 1502 2585 7:
1539 2550 1643 2605 Προ-

907 2600 1102 2679 {up-²:228?
1126 2598 1185 2632 δεῖ
1200 2595 1373 2679 ᾷδρνῗέα
1388 2594 1520 2632 εἰκότα
1536 2597 1643 2679 lavad-

930 2658 975 2680 Ον
1095 2657 1214 2680 valant
1243 2656 1299 2679 an*
1343 2657 1428 2678 ανα.
1460 2664 1506 2669 -·
1572 2653 1642 2678 80·

907 2659 1108 2737 neu1Zide
1136 2704 1193 2728 vv.
1214 2695 1280 2727 185
1307 2703 1414 2738 seqq.
1437 2691 1530 2726 Mihi
1556 2691 1640 2737 qui-
