<?xml version="1.0" encoding="UTF-8"?>
<!DOCTYPE html PUBLIC "-//W3C//DTD XHTML 1.0 Transitional//EN"
    "http://www.w3.org/TR/xhtml1/DTD/xhtml1-transitional.dtd">
<html xmlns="http://www.w3.org/1999/xhtml" xml:lang="en" lang="en">
 <head>
  <title>
</title>
<meta http-equiv="Content-Type" content="text/html;charset=utf-8" />
  <meta name='ocr-system' content='tesseract 3.04.00' />
  <meta name='ocr-capabilities' content='ocr_page ocr_carea ocr_par ocr_line ocrx_word'/>
</head>
<body>
  <div class='ocr_page' id='page_1' title='image "./qhoratiusflaccus00horauoft_0358.png"; bbox 0 0 1774 2930; ppageno 0'>
   <div class='ocr_carea' id='block_1_1' title="bbox 120 147 208 189">
    <p class='ocr_par' dir='ltr' id='par_1_1' title="bbox 120 147 208 189">
     <span class='ocr_line' id='line_1_1' title="bbox 120 147 208 189; baseline 0.023 -2"><span class='ocrx_word' id='word_1_1' title='bbox 120 147 208 189; x_wconf 87' lang='lat'>350</span> 
     </span>
    </p>
   </div>
   <div class='ocr_carea' id='block_1_2' title="bbox 593 148 1173 185">
    <p class='ocr_par' dir='ltr' id='par_1_2' title="bbox 593 148 1173 185">
     <span class='ocr_line' id='line_1_2' title="bbox 593 148 1173 185; baseline 0.005 -3"><span class='ocrx_word' id='word_1_2' title='bbox 593 148 802 184; x_wconf 76' lang='lat' dir='ltr'>HORATII</span> <span class='ocrx_word' id='word_1_3' title='bbox 823 148 1173 185; x_wconf 74' lang='lat' dir='ltr'>EPISTOLAmm</span> 
     </span>
    </p>
   </div>
   <div class='ocr_carea' id='block_1_3' title="bbox 237 247 1640 663">
    <p class='ocr_par' dir='ltr' id='par_1_3' title="bbox 238 247 1332 308">
     <span class='ocr_line' id='line_1_3' title="bbox 238 247 1332 308; baseline 0.005 -18"><span class='ocrx_word' id='word_1_4' title='bbox 238 247 310 291; x_wconf 88' lang='lat' dir='ltr'>Me</span> <span class='ocrx_word' id='word_1_5' title='bbox 340 248 443 292; x_wconf 84' lang='lat' dir='ltr'>facit</span> <span class='ocrx_word' id='word_1_6' title='bbox 471 250 681 304; x_wconf 82' lang='lat' dir='ltr'>invisum,</span> <span class='ocrx_word' id='word_1_7' title='bbox 711 249 859 306; x_wconf 83' lang='lat' dir='ltr'>gelida</span> <span class='ocrx_word' id='word_1_8' title='bbox 888 264 985 293; x_wconf 89' lang='lat' dir='ltr'>cum</span> <span class='ocrx_word' id='word_1_9' title='bbox 1014 252 1188 308; x_wconf 82' lang='lat' dir='ltr'>perluor</span> <span class='ocrx_word' id='word_1_10' title='bbox 1217 252 1332 295; x_wconf 89' lang='lat' dir='ltr'>unda</span> 
     </span>
    </p>

    <p class='ocr_par' dir='ltr' id='par_1_4' title="bbox 237 310 1640 447">
     <span class='ocr_line' id='line_1_4' title="bbox 238 310 1640 380; baseline 0.004 -19"><span class='ocrx_word' id='word_1_11' title='bbox 238 319 325 362; x_wconf 90' lang='lat' dir='ltr'>Per</span> <span class='ocrx_word' id='word_1_12' title='bbox 353 320 543 363; x_wconf 90' lang='lat' dir='ltr'>medium</span> <span class='ocrx_word' id='word_1_13' title='bbox 573 320 723 376; x_wconf 86' lang='lat' dir='ltr'>frigus.</span> <span class='ocrx_word' id='word_1_14' title='bbox 777 321 892 364; x_wconf 86' lang='lat' dir='ltr'>Sane</span> <span class='ocrx_word' id='word_1_15' title='bbox 922 325 1109 366; x_wconf 77' lang='lat' dir='ltr'><strong>murteta</strong></span> <span class='ocrx_word' id='word_1_16' title='bbox 1125 310 1321 380; x_wconf 17' lang='lat' dir='ltr'>‘relinqui</span> <span class='ocrx_word' id='word_1_17' title='bbox 1470 333 1474 334; x_wconf 69' lang='grc'>’</span> <span class='ocrx_word' id='word_1_18' title='bbox 1615 326 1640 366; x_wconf 88' lang='grc'>5</span> 
     </span>
     <span class='ocr_line' id='line_1_5' title="bbox 237 390 1315 447; baseline 0.005 -15"><span class='ocrx_word' id='word_1_19' title='bbox 237 390 451 447; x_wconf 84' lang='lat' dir='ltr'>Dictaque</span> <span class='ocrx_word' id='word_1_20' title='bbox 483 395 725 434; x_wconf 82' lang='lat' dir='ltr'>cessantem</span> <span class='ocrx_word' id='word_1_21' title='bbox 753 393 898 434; x_wconf 81' lang='lat' dir='ltr'>nervis</span> <span class='ocrx_word' id='word_1_22' title='bbox 929 393 1087 437; x_wconf 85' lang='lat' dir='ltr'>elidere</span> <span class='ocrx_word' id='word_1_23' title='bbox 1119 394 1315 437; x_wconf 90' lang='lat' dir='ltr'>morbum</span> 
     </span>
    </p>

    <p class='ocr_par' dir='ltr' id='par_1_5' title="bbox 239 460 1432 522">
     <span class='ocr_line' id='line_1_6' title="bbox 239 460 1432 522; baseline 0.003 -19"><span class='ocrx_word' id='word_1_24' title='bbox 239 460 456 518; x_wconf 85' lang='lat' dir='ltr'>Sulphura</span> <span class='ocrx_word' id='word_1_25' title='bbox 486 463 700 505; x_wconf 83' lang='lat' dir='ltr'>contemni</span> <span class='ocrx_word' id='word_1_26' title='bbox 729 463 850 505; x_wconf 81' lang='lat' dir='ltr'>vicus</span> <span class='ocrx_word' id='word_1_27' title='bbox 882 465 1039 520; x_wconf 82' lang='lat' dir='ltr'>gemit,</span> <span class='ocrx_word' id='word_1_28' title='bbox 1070 465 1240 507; x_wconf 83' lang='lat' dir='ltr'>invidus</span> <span class='ocrx_word' id='word_1_29' title='bbox 1270 465 1432 522; x_wconf 78' lang='lat' dir='ltr'>aegris,</span> 
     </span>
    </p>

    <p class='ocr_par' dir='ltr' id='par_1_6' title="bbox 238 531 1537 663">
     <span class='ocr_line' id='line_1_7' title="bbox 239 531 1537 592; baseline 0.005 -18"><span class='ocrx_word' id='word_1_30' title='bbox 239 531 324 581; x_wconf 83' lang='lat' dir='ltr'>Qui</span> <span class='ocrx_word' id='word_1_31' title='bbox 356 537 484 590; x_wconf 86' lang='lat' dir='ltr'>caput</span> <span class='ocrx_word' id='word_1_32' title='bbox 514 537 558 576; x_wconf 89' lang='lat' dir='ltr'>et</span> <span class='ocrx_word' id='word_1_33' title='bbox 588 534 854 577; x_wconf 88' lang='lat' dir='ltr'>stomachum</span> <span class='ocrx_word' id='word_1_34' title='bbox 885 549 1127 592; x_wconf 84' lang='lat' dir='ltr'>supponere</span> <span class='ocrx_word' id='word_1_35' title='bbox 1157 536 1346 579; x_wconf 83' lang='lat' dir='ltr'>fontibus</span> <span class='ocrx_word' id='word_1_36' title='bbox 1377 536 1537 580; x_wconf 83' lang='lat' dir='ltr'>audent</span> 
     </span>
     <span class='ocr_line' id='line_1_8' title="bbox 238 602 1292 663; baseline 0.006 -18"><span class='ocrx_word' id='word_1_37' title='bbox 238 602 427 646; x_wconf 81' lang='lat' dir='ltr'>Clusinis</span> <span class='ocrx_word' id='word_1_38' title='bbox 460 604 707 662; x_wconf 84' lang='lat' dir='ltr'>Gabiosque</span> <span class='ocrx_word' id='word_1_39' title='bbox 738 609 890 661; x_wconf 85' lang='lat' dir='ltr'>petunt</span> <span class='ocrx_word' id='word_1_40' title='bbox 922 610 965 649; x_wconf 86' lang='lat' dir='ltr'>et</span> <span class='ocrx_word' id='word_1_41' title='bbox 995 607 1151 663; x_wconf 89' lang='lat' dir='ltr'>frigida</span> <span class='ocrx_word' id='word_1_42' title='bbox 1180 622 1292 651; x_wconf 86' lang='lat' dir='ltr'>rura.</span> 
     </span>
    </p>
   </div>
   <div class='ocr_carea' id='block_1_4' title="bbox 213 727 1179 772">
    <p class='ocr_par' dir='ltr' id='par_1_7' title="bbox 213 727 1179 772">
     <span class='ocr_line' id='line_1_9' title="bbox 213 727 1179 772; baseline 0.004 -11"><span class='ocrx_word' id='word_1_43' title='bbox 213 727 287 761; x_wconf 83' lang='grc' dir='ltr'>ΕΡ.</span> <span class='ocrx_word' id='word_1_44' title='bbox 311 727 394 762; x_wconf 84' lang='lat' dir='ltr'>XV.</span> <span class='ocrx_word' id='word_1_45' title='bbox 420 730 453 762; x_wconf 80' lang='lat'>7.</span> <span class='ocrx_word' id='word_1_46' title='bbox 476 730 665 771; x_wconf 80' lang='lat' dir='ltr'>sulphura</span> <span class='ocrx_word' id='word_1_47' title='bbox 689 728 790 772; x_wconf 87' lang='lat' dir='ltr'>E,O:</span> <span class='ocrx_word' id='word_1_48' title='bbox 814 730 973 772; x_wconf 84' lang='lat' dir='ltr'>Sulsura</span> <span class='ocrx_word' id='word_1_49' title='bbox 996 730 1179 765; x_wconf 75' lang='lat' dir='ltr'>LOtFMJ.</span> 
     </span>
    </p>
   </div>
   <div class='ocr_carea' id='block_1_5' title="bbox 111 829 856 2767">
    <p class='ocr_par' dir='ltr' id='par_1_8' title="bbox 111 829 856 2152">
     <span class='ocr_line' id='line_1_10' title="bbox 118 829 854 873; baseline 0.003 -11"><span class='ocrx_word' id='word_1_50' title='bbox 118 829 354 863; x_wconf 87' lang='lat' dir='ltr'>commodum</span> <span class='ocrx_word' id='word_1_51' title='bbox 379 829 427 864; x_wconf 88' lang='lat' dir='ltr'>ad</span> <span class='ocrx_word' id='word_1_52' title='bbox 451 841 510 864; x_wconf 92' lang='lat' dir='ltr'>me</span> <span class='ocrx_word' id='word_1_53' title='bbox 542 830 854 873; x_wconf 78' lang='lat' dir='ltr'>redundaturum,</span> 
     </span>
     <span class='ocr_line' id='line_1_11' title="bbox 118 876 856 912; baseline 0.004 -3"><span class='ocrx_word' id='word_1_54' title='bbox 118 876 232 910; x_wconf 85' lang='lat' dir='ltr'>immo</span> <span class='ocrx_word' id='word_1_55' title='bbox 270 878 410 911; x_wconf 85' lang='lat' dir='ltr'>malum</span> <span class='ocrx_word' id='word_1_56' title='bbox 451 880 604 912; x_wconf 82' lang='lat' dir='ltr'>auctum</span> <span class='ocrx_word' id='word_1_57' title='bbox 645 878 736 912; x_wconf 73' lang='lat' dir='ltr'>iri-‘⁶</span> <span class='ocrx_word' id='word_1_58' title='bbox 788 878 856 912; x_wconf 83' lang='lat' dir='ltr'>Est</span> 
     </span>
     <span class='ocr_line' id='line_1_12' title="bbox 117 924 853 968; baseline 0.003 -11"><span class='ocrx_word' id='word_1_59' title='bbox 117 934 275 967; x_wconf 86' lang='lat' dir='ltr'>prorsus</span> <span class='ocrx_word' id='word_1_60' title='bbox 312 935 358 958; x_wconf 84' lang='lat' dir='ltr'>ex</span> <span class='ocrx_word' id='word_1_61' title='bbox 394 924 627 958; x_wconf 89' lang='lat' dir='ltr'>medicorum</span> <span class='ocrx_word' id='word_1_62' title='bbox 666 936 853 968; x_wconf 84' lang='lat' dir='ltr'>sermone,</span> 
     </span>
     <span class='ocr_line' id='line_1_13' title="bbox 118 971 854 1016; baseline 0.003 -12"><span class='ocrx_word' id='word_1_63' title='bbox 118 971 219 1005; x_wconf 88' lang='lat' dir='ltr'>unde</span> <span class='ocrx_word' id='word_1_64' title='bbox 236 971 459 1016; x_wconf 84' lang='lat' dir='ltr'>frequenter</span> <span class='ocrx_word' id='word_1_65' title='bbox 481 973 552 1006; x_wconf 89' lang='lat' dir='ltr'>hoc</span> <span class='ocrx_word' id='word_1_66' title='bbox 570 972 752 1006; x_wconf 86' lang='lat' dir='ltr'>vocabulo</span> <span class='ocrx_word' id='word_1_67' title='bbox 779 973 854 1006; x_wconf 82' lang='lat' dir='ltr'>uti-</span> 
     </span>
     <span class='ocr_line' id='line_1_14' title="bbox 116 1018 854 1062; baseline 0.003 -11"><span class='ocrx_word' id='word_1_68' title='bbox 116 1020 180 1052; x_wconf 78' lang='lat' dir='ltr'>tur</span> <span class='ocrx_word' id='word_1_69' title='bbox 207 1018 351 1053; x_wconf 86' lang='lat' dir='ltr'>Celsus.</span> <span class='ocrx_word' id='word_1_70' title='bbox 376 1038 424 1043; x_wconf 92' lang='lat'>—</span> <span class='ocrx_word' id='word_1_71' title='bbox 449 1022 481 1052; x_wconf 86' lang='lat' dir='ltr'>et</span> <span class='ocrx_word' id='word_1_72' title='bbox 513 1023 637 1053; x_wconf 88' lang='lat' dir='ltr'>tamen</span> <span class='ocrx_word' id='word_1_73' title='bbox 661 1021 746 1062; x_wconf 85' lang='lat' dir='ltr'>cet.]</span> <span class='ocrx_word' id='word_1_74' title='bbox 785 1020 854 1062; x_wconf 85' lang='lat' dir='ltr'>„Et</span> 
     </span>
     <span class='ocr_line' id='line_1_15' title="bbox 117 1066 854 1111; baseline 0.003 -12"><span class='ocrx_word' id='word_1_75' title='bbox 117 1068 242 1100; x_wconf 82' lang='lat' dir='ltr'>tamen</span> <span class='ocrx_word' id='word_1_76' title='bbox 261 1077 346 1100; x_wconf 91' lang='lat' dir='ltr'>cum</span> <span class='ocrx_word' id='word_1_77' title='bbox 363 1066 493 1101; x_wconf 80' lang='lat' dir='ltr'>Musae</span> <span class='ocrx_word' id='word_1_78' title='bbox 511 1067 639 1111; x_wconf 90' lang='lat' dir='ltr'>potius</span> <span class='ocrx_word' id='word_1_79' title='bbox 656 1067 770 1101; x_wconf 81' lang='lat' dir='ltr'>irasci</span> <span class='ocrx_word' id='word_1_80' title='bbox 790 1067 854 1101; x_wconf 83' lang='lat' dir='ltr'>de-</span> 
     </span>
     <span class='ocr_line' id='line_1_16' title="bbox 115 1112 852 1158; baseline 0.001 -11"><span class='ocrx_word' id='word_1_81' title='bbox 115 1112 251 1147; x_wconf 86' lang='lat' dir='ltr'>berent</span> <span class='ocrx_word' id='word_1_82' title='bbox 266 1114 420 1158; x_wconf 86' lang='lat' dir='ltr'>pristini</span> <span class='ocrx_word' id='word_1_83' title='bbox 438 1114 512 1148; x_wconf 86' lang='lat' dir='ltr'>mei</span> <span class='ocrx_word' id='word_1_84' title='bbox 527 1115 693 1158; x_wconf 75' lang='lat' dir='ltr'>hospites</span> <span class='ocrx_word' id='word_1_85' title='bbox 706 1114 852 1158; x_wconf 84' lang='lat' dir='ltr'>Baiani,</span> 
     </span>
     <span class='ocr_line' id='line_1_17' title="bbox 116 1161 851 1207; baseline 0.004 -14"><span class='ocrx_word' id='word_1_86' title='bbox 116 1170 139 1193; x_wconf 92' lang='lat' dir='ltr'>a</span> <span class='ocrx_word' id='word_1_87' title='bbox 164 1171 222 1194; x_wconf 91' lang='lat' dir='ltr'>me</span> <span class='ocrx_word' id='word_1_88' title='bbox 241 1172 343 1194; x_wconf 91' lang='lat' dir='ltr'>nunc</span> <span class='ocrx_word' id='word_1_89' title='bbox 369 1161 554 1203; x_wconf 81' lang='lat' dir='ltr'>derelicti,</span> <span class='ocrx_word' id='word_1_90' title='bbox 580 1161 764 1196; x_wconf 88' lang='lat' dir='ltr'>innocens</span> <span class='ocrx_word' id='word_1_91' title='bbox 783 1173 851 1207; x_wconf 87' lang='lat' dir='ltr'>ego</span> 
     </span>
     <span class='ocr_line' id='line_1_18' title="bbox 116 1207 852 1253; baseline 0.003 -12"><span class='ocrx_word' id='word_1_92' title='bbox 116 1207 164 1242; x_wconf 87' lang='lat' dir='ltr'>iis</span> <span class='ocrx_word' id='word_1_93' title='bbox 189 1208 335 1243; x_wconf 87' lang='lat' dir='ltr'>invisus</span> <span class='ocrx_word' id='word_1_94' title='bbox 360 1208 421 1250; x_wconf 89' lang='lat' dir='ltr'>fio,</span> <span class='ocrx_word' id='word_1_95' title='bbox 447 1209 478 1242; x_wconf 89' lang='lat' dir='ltr'>si</span> <span class='ocrx_word' id='word_1_96' title='bbox 504 1219 573 1253; x_wconf 88' lang='lat' dir='ltr'>pro</span> <span class='ocrx_word' id='word_1_97' title='bbox 593 1219 724 1243; x_wconf 88' lang='lat' dir='ltr'>eorum</span> <span class='ocrx_word' id='word_1_98' title='bbox 749 1210 852 1243; x_wconf 86' lang='lat' dir='ltr'>ther-</span> 
     </span>
     <span class='ocr_line' id='line_1_19' title="bbox 115 1255 852 1300; baseline 0.003 -12"><span class='ocrx_word' id='word_1_99' title='bbox 115 1255 186 1289; x_wconf 89' lang='lat' dir='ltr'>mis</span> <span class='ocrx_word' id='word_1_100' title='bbox 204 1256 351 1290; x_wconf 83' lang='lat' dir='ltr'>balneis</span> <span class='ocrx_word' id='word_1_101' title='bbox 364 1256 514 1300; x_wconf 87' lang='lat' dir='ltr'>frigidis</span> <span class='ocrx_word' id='word_1_102' title='bbox 534 1257 655 1290; x_wconf 85' lang='lat' dir='ltr'>utor.“</span> <span class='ocrx_word' id='word_1_103' title='bbox 676 1256 852 1291; x_wconf 85' lang='lat' dir='ltr'>Ceterum</span> 
     </span>
     <span class='ocr_line' id='line_1_20' title="bbox 118 1302 854 1348; baseline 0.004 -13"><span class='ocrx_word' id='word_1_104' title='bbox 118 1302 327 1347; x_wconf 81' lang='lat' dir='ltr'>hyperbola</span> <span class='ocrx_word' id='word_1_105' title='bbox 360 1303 506 1337; x_wconf 88' lang='lat' dir='ltr'>ironica</span> <span class='ocrx_word' id='word_1_106' title='bbox 540 1304 596 1337; x_wconf 91' lang='lat' dir='ltr'>sic</span> <span class='ocrx_word' id='word_1_107' title='bbox 629 1304 854 1348; x_wconf 80' lang='lat' dir='ltr'>explicanda</span> 
     </span>
     <span class='ocr_line' id='line_1_21' title="bbox 115 1350 852 1397; baseline 0.003 -14"><span class='ocrx_word' id='word_1_108' title='bbox 115 1353 192 1384; x_wconf 86' lang='lat' dir='ltr'>est:</span> <span class='ocrx_word' id='word_1_109' title='bbox 221 1350 298 1393; x_wconf 87' lang='lat' dir='ltr'>„De</span> <span class='ocrx_word' id='word_1_110' title='bbox 316 1351 503 1392; x_wconf 88' lang='lat' dir='ltr'>omnibus,</span> <span class='ocrx_word' id='word_1_111' title='bbox 530 1352 596 1396; x_wconf 90' lang='lat' dir='ltr'>qui</span> <span class='ocrx_word' id='word_1_112' title='bbox 623 1354 665 1384; x_wconf 86' lang='lat' dir='ltr'>ut</span> <span class='ocrx_word' id='word_1_113' title='bbox 690 1363 758 1397; x_wconf 88' lang='lat' dir='ltr'>ego</span> <span class='ocrx_word' id='word_1_114' title='bbox 785 1362 852 1386; x_wconf 92' lang='lat' dir='ltr'>no-</span> 
     </span>
     <span class='ocr_line' id='line_1_22' title="bbox 115 1398 853 1443; baseline 0.003 -12"><span class='ocrx_word' id='word_1_115' title='bbox 115 1408 198 1431; x_wconf 78' lang='lat' dir='ltr'>vam</span> <span class='ocrx_word' id='word_1_116' title='bbox 215 1398 478 1442; x_wconf 88' lang='lat' dir='ltr'>perfusionum</span> <span class='ocrx_word' id='word_1_117' title='bbox 495 1398 721 1443; x_wconf 84' lang='lat' dir='ltr'>frigidarum</span> <span class='ocrx_word' id='word_1_118' title='bbox 739 1399 853 1433; x_wconf 86' lang='lat' dir='ltr'>ratio-</span> 
     </span>
     <span class='ocr_line' id='line_1_23' title="bbox 116 1444 852 1491; baseline 0.001 -12"><span class='ocrx_word' id='word_1_119' title='bbox 116 1456 204 1479; x_wconf 86' lang='lat' dir='ltr'>nem</span> <span class='ocrx_word' id='word_1_120' title='bbox 222 1456 245 1479; x_wconf 87' lang='lat' dir='ltr'>a</span> <span class='ocrx_word' id='word_1_121' title='bbox 260 1444 369 1480; x_wconf 87' lang='lat' dir='ltr'>Musa</span> <span class='ocrx_word' id='word_1_122' title='bbox 393 1446 666 1490; x_wconf 75' lang='lat' dir='ltr'>praescriptam</span> <span class='ocrx_word' id='word_1_123' title='bbox 684 1457 852 1491; x_wconf 90' lang='lat' dir='ltr'>sequun-</span> 
     </span>
     <span class='ocr_line' id='line_1_24' title="bbox 114 1492 850 1538; baseline 0.003 -13"><span class='ocrx_word' id='word_1_124' title='bbox 114 1495 189 1534; x_wconf 78' lang='lat' dir='ltr'>tur,</span> <span class='ocrx_word' id='word_1_125' title='bbox 214 1492 348 1526; x_wconf 86' lang='lat' dir='ltr'>Baiani</span> <span class='ocrx_word' id='word_1_126' title='bbox 375 1503 478 1526; x_wconf 89' lang='lat' dir='ltr'>nunc</span> <span class='ocrx_word' id='word_1_127' title='bbox 495 1493 605 1538; x_wconf 92' lang='lat' dir='ltr'>queri</span> <span class='ocrx_word' id='word_1_128' title='bbox 632 1493 789 1527; x_wconf 84' lang='lat' dir='ltr'>solent.“</span> <span class='ocrx_word' id='word_1_129' title='bbox 807 1513 850 1519; x_wconf 90' lang='lat'><em>-</em></span> 
     </span>
     <span class='ocr_line' id='line_1_25' title="bbox 115 1540 852 1585; baseline 0.004 -12"><span class='ocrx_word' id='word_1_130' title='bbox 115 1541 235 1581; x_wconf 70' lang='lat' dir='ltr'>oelida</span> <span class='ocrx_word' id='word_1_131' title='bbox 262 1541 346 1583; x_wconf 63' lang='lat' dir='ltr'>cet]</span> <span class='ocrx_word' id='word_1_132' title='bbox 372 1540 662 1585; x_wconf 77' lang='lat' dir='ltr'>Psychrolusiae</span> <span class='ocrx_word' id='word_1_133' title='bbox 686 1540 852 1576; x_wconf 83' lang='lat' dir='ltr'>Antonio</span> 
     </span>
     <span class='ocr_line' id='line_1_26' title="bbox 114 1586 851 1623; baseline 0.003 -2"><span class='ocrx_word' id='word_1_134' title='bbox 114 1586 223 1621; x_wconf 83' lang='lat' dir='ltr'>Musa</span> <span class='ocrx_word' id='word_1_135' title='bbox 247 1589 437 1622; x_wconf 80' lang='lat' dir='ltr'>recentior</span> <span class='ocrx_word' id='word_1_136' title='bbox 462 1591 594 1622; x_wconf 82' lang='lat' dir='ltr'>auctor</span> <span class='ocrx_word' id='word_1_137' title='bbox 620 1592 851 1623; x_wconf 82' lang='lat' dir='ltr'>memoratur</span> 
     </span>
     <span class='ocr_line' id='line_1_27' title="bbox 115 1634 852 1682; baseline 0.004 -14"><span class='ocrx_word' id='word_1_138' title='bbox 115 1645 138 1668; x_wconf 89' lang='lat' dir='ltr'>a</span> <span class='ocrx_word' id='word_1_139' title='bbox 153 1634 278 1669; x_wconf 87' lang='lat' dir='ltr'>Plinio</span> <span class='ocrx_word' id='word_1_140' title='bbox 296 1635 342 1669; x_wconf 91' lang='lat' dir='ltr'>H.</span> <span class='ocrx_word' id='word_1_141' title='bbox 359 1635 404 1669; x_wconf 81' lang='lat' dir='ltr'>N.</span> <span class='ocrx_word' id='word_1_142' title='bbox 423 1637 480 1678; x_wconf 84' lang='lat'>29,</span> <span class='ocrx_word' id='word_1_143' title='bbox 509 1639 539 1678; x_wconf 87' lang='lat'>1,</span> <span class='ocrx_word' id='word_1_144' title='bbox 561 1638 602 1669; x_wconf 86' lang='lat'>5:</span> <span class='ocrx_word' id='word_1_145' title='bbox 628 1637 681 1668; x_wconf 83' lang='lat' dir='ltr'>Hi</span> <span class='ocrx_word' id='word_1_146' title='bbox 697 1636 852 1682; x_wconf 86' lang='lat' dir='ltr'>(medici</span> 
     </span>
     <span class='ocr_line' id='line_1_28' title="bbox 114 1683 852 1727; baseline 0.001 -11"><span class='ocrx_word' id='word_1_147' title='bbox 114 1683 319 1727; x_wconf 86' lang='lat' dir='ltr'>astrologi)</span> <span class='ocrx_word' id='word_1_148' title='bbox 348 1684 524 1724; x_wconf 76' lang='lat' dir='ltr'>reqebant</span> <span class='ocrx_word' id='word_1_149' title='bbox 548 1685 653 1725; x_wconf 87' lang='lat' dir='ltr'>sata,</span> <span class='ocrx_word' id='word_1_150' title='bbox 688 1693 769 1716; x_wconf 90' lang='lat' dir='ltr'>cum</span> <span class='ocrx_word' id='word_1_151' title='bbox 792 1693 852 1718; x_wconf 82' lang='lat' dir='ltr'>re-</span> 
     </span>
     <span class='ocr_line' id='line_1_29' title="bbox 111 1730 852 1773; baseline 0.003 -10"><span class='ocrx_word' id='word_1_152' title='bbox 111 1733 221 1771; x_wconf 80' lang='lat' dir='ltr'>pente</span> <span class='ocrx_word' id='word_1_153' title='bbox 244 1732 425 1764; x_wconf 82' lang='lat' dir='ltr'>civitatem</span> <span class='ocrx_word' id='word_1_154' title='bbox 444 1732 606 1764; x_wconf 77' lang='lat' dir='ltr'>Charmis</span> <span class='ocrx_word' id='word_1_155' title='bbox 626 1730 852 1773; x_wconf 84' lang='lat' dir='ltr'>(Massilien-</span> 
     </span>
     <span class='ocr_line' id='line_1_30' title="bbox 116 1777 851 1819; baseline 0.001 -9"><span class='ocrx_word' id='word_1_156' title='bbox 116 1777 192 1819; x_wconf 85' lang='lat' dir='ltr'>sis)</span> <span class='ocrx_word' id='word_1_157' title='bbox 226 1779 380 1819; x_wconf 86' lang='lat' dir='ltr'>invasit,</span> <span class='ocrx_word' id='word_1_158' title='bbox 414 1779 596 1811; x_wconf 86' lang='lat' dir='ltr'>damnatis</span> <span class='ocrx_word' id='word_1_159' title='bbox 628 1787 702 1811; x_wconf 89' lang='lat' dir='ltr'>non</span> <span class='ocrx_word' id='word_1_160' title='bbox 733 1780 851 1811; x_wconf 87' lang='lat' dir='ltr'>solum</span> 
     </span>
     <span class='ocr_line' id='line_1_31' title="bbox 111 1825 850 1867; baseline 0.001 -10"><span class='ocrx_word' id='word_1_161' title='bbox 111 1825 298 1865; x_wconf 75' lang='lat' dir='ltr'>prioribus</span> <span class='ocrx_word' id='word_1_162' title='bbox 311 1826 471 1867; x_wconf 82' lang='lat' dir='ltr'>medicis,</span> <span class='ocrx_word' id='word_1_163' title='bbox 488 1833 615 1858; x_wconf 85' lang='lat' dir='ltr'>verum</span> <span class='ocrx_word' id='word_1_164' title='bbox 630 1827 663 1858; x_wconf 82' lang='lat' dir='ltr'>et</span> <span class='ocrx_word' id='word_1_165' title='bbox 678 1826 850 1866; x_wconf 81' lang='lat' dir='ltr'>balineis,-</span> 
     </span>
     <span class='ocr_line' id='line_1_32' title="bbox 113 1872 849 1913; baseline 0.001 -9"><span class='ocrx_word' id='word_1_166' title='bbox 113 1872 324 1912; x_wconf 76' lang='lat' dir='ltr'>[riqidaque</span> <span class='ocrx_word' id='word_1_167' title='bbox 350 1873 459 1905; x_wconf 88' lang='lat' dir='ltr'>etiam</span> <span class='ocrx_word' id='word_1_168' title='bbox 476 1873 635 1904; x_wconf 82' lang='lat' dir='ltr'>hibernis</span> <span class='ocrx_word' id='word_1_169' title='bbox 661 1873 849 1913; x_wconf 76' lang='lat' dir='ltr'>alqoribus</span> 
     </span>
     <span class='ocr_line' id='line_1_33' title="bbox 116 1919 851 1960; baseline 0.001 -9"><span class='ocrx_word' id='word_1_170' title='bbox 116 1919 239 1952; x_wconf 88' lang='lat' dir='ltr'>lavari</span> <span class='ocrx_word' id='word_1_171' title='bbox 258 1920 455 1960; x_wconf 78' lang='lat' dir='ltr'>persuasit.</span> <span class='ocrx_word' id='word_1_172' title='bbox 503 1920 631 1954; x_wconf 79' lang='lat' dir='ltr'>Mersit</span> <span class='ocrx_word' id='word_1_173' title='bbox 657 1928 787 1960; x_wconf 75' lang='lat' dir='ltr'>aeqros</span> <span class='ocrx_word' id='word_1_174' title='bbox 811 1921 851 1952; x_wconf 85' lang='lat' dir='ltr'>in</span> 
     </span>
     <span class='ocr_line' id='line_1_34' title="bbox 116 1966 850 2000; baseline 0.001 -2"><span class='ocrx_word' id='word_1_175' title='bbox 116 1966 228 1999; x_wconf 86' lang='lat' dir='ltr'>lacus.</span> <span class='ocrx_word' id='word_1_176' title='bbox 275 1967 485 2000; x_wconf 79' lang='lat' dir='ltr'>Videbamus</span> <span class='ocrx_word' id='word_1_177' title='bbox 510 1975 613 1999; x_wconf 87' lang='lat' dir='ltr'>senes</span> <span class='ocrx_word' id='word_1_178' title='bbox 639 1968 850 1999; x_wconf 84' lang='lat' dir='ltr'>consulares</span> 
     </span>
     <span class='ocr_line' id='line_1_35' title="bbox 114 2015 848 2055; baseline 0.001 -9"><span class='ocrx_word' id='word_1_179' title='bbox 114 2022 229 2054; x_wconf 81' lang='lat' dir='ltr'>usque</span> <span class='ocrx_word' id='word_1_180' title='bbox 275 2015 316 2046; x_wconf 87' lang='lat' dir='ltr'>in</span> <span class='ocrx_word' id='word_1_181' title='bbox 361 2015 638 2047; x_wconf 81' lang='lat' dir='ltr'>ostentationem</span> <span class='ocrx_word' id='word_1_182' title='bbox 677 2015 848 2055; x_wconf 74' lang='lat' dir='ltr'>riqentes.</span> 
     </span>
     <span class='ocr_line' id='line_1_36' title="bbox 116 2062 850 2102; baseline 0.001 -9"><span class='ocrx_word' id='word_1_183' title='bbox 116 2062 200 2102; x_wconf 83' lang='lat' dir='ltr'>Qua</span> <span class='ocrx_word' id='word_1_184' title='bbox 225 2062 268 2094; x_wconf 88' lang='lat' dir='ltr'>de</span> <span class='ocrx_word' id='word_1_185' title='bbox 292 2070 334 2094; x_wconf 85' lang='lat' dir='ltr'>re</span> <span class='ocrx_word' id='word_1_186' title='bbox 351 2064 469 2095; x_wconf 74' lang='lat' dir='ltr'>eoestat</span> <span class='ocrx_word' id='word_1_187' title='bbox 495 2062 604 2094; x_wconf 88' lang='lat' dir='ltr'>etiam</span> <span class='ocrx_word' id='word_1_188' title='bbox 629 2062 774 2094; x_wconf 79' lang='lat' dir='ltr'>Annaei</span> <span class='ocrx_word' id='word_1_189' title='bbox 788 2063 850 2095; x_wconf 88' lang='lat' dir='ltr'>Se-</span> 
     </span>
     <span class='ocr_line' id='line_1_37' title="bbox 114 2108 850 2152; baseline 0.001 -11"><span class='ocrx_word' id='word_1_190' title='bbox 114 2117 226 2141; x_wconf 88' lang='lat' dir='ltr'>necae</span> <span class='ocrx_word' id='word_1_191' title='bbox 255 2109 506 2150; x_wconf 77' lang='lat' dir='ltr'>adstipulatio.</span> <span class='ocrx_word' id='word_1_192' title='bbox 558 2108 699 2152; x_wconf 85' lang='lat' dir='ltr'>(Epist.</span> <span class='ocrx_word' id='word_1_193' title='bbox 725 2110 790 2151; x_wconf 84' lang='lat'>53,</span> <span class='ocrx_word' id='word_1_194' title='bbox 818 2111 850 2142; x_wconf 88' lang='lat'>3.</span> 
     </span>
    </p>

    <p class='ocr_par' dir='ltr' id='par_1_9' title="bbox 114 2202 850 2767">
     <span class='ocr_line' id='line_1_38' title="bbox 163 2202 849 2247; baseline 0 -11"><span class='ocrx_word' id='word_1_195' title='bbox 163 2205 202 2236; x_wconf 83' lang='lat'>5-</span> <span class='ocrx_word' id='word_1_196' title='bbox 205 2206 238 2237; x_wconf 81' lang='lat'>9.</span> <span class='ocrx_word' id='word_1_197' title='bbox 263 2205 360 2237; x_wconf 83' lang='lat' dir='ltr'>Sane</span> <span class='ocrx_word' id='word_1_198' title='bbox 377 2203 463 2246; x_wconf 89' lang='lat' dir='ltr'>cet.]</span> <span class='ocrx_word' id='word_1_199' title='bbox 491 2202 654 2247; x_wconf 81' lang='lat' dir='ltr'>„Utique</span> <span class='ocrx_word' id='word_1_200' title='bbox 672 2214 749 2236; x_wconf 91' lang='lat' dir='ltr'>non</span> <span class='ocrx_word' id='word_1_201' title='bbox 768 2204 849 2237; x_wconf 91' lang='lat' dir='ltr'>sine</span> 
     </span>
     <span class='ocr_line' id='line_1_39' title="bbox 114 2250 850 2295; baseline 0 -11"><span class='ocrx_word' id='word_1_202' title='bbox 114 2250 273 2292; x_wconf 83' lang='lat' dir='ltr'>ratione,</span> <span class='ocrx_word' id='word_1_203' title='bbox 291 2253 332 2284; x_wconf 82' lang='lat' dir='ltr'>ut</span> <span class='ocrx_word' id='word_1_204' title='bbox 350 2252 512 2295; x_wconf 91' lang='lat' dir='ltr'>quisque</span> <span class='ocrx_word' id='word_1_205' title='bbox 530 2250 641 2284; x_wconf 86' lang='lat' dir='ltr'>facile</span> <span class='ocrx_word' id='word_1_206' title='bbox 658 2250 850 2295; x_wconf 85' lang='lat' dir='ltr'>intelligit,</span> 
     </span>
     <span class='ocr_line' id='line_1_40' title="bbox 115 2298 848 2342; baseline 0.001 -12"><span class='ocrx_word' id='word_1_207' title='bbox 115 2300 235 2330; x_wconf 84' lang='lat' dir='ltr'>totum</span> <span class='ocrx_word' id='word_1_208' title='bbox 261 2298 358 2331; x_wconf 87' lang='lat' dir='ltr'>illud</span> <span class='ocrx_word' id='word_1_209' title='bbox 385 2298 564 2342; x_wconf 90' lang='lat' dir='ltr'>oppidum</span> <span class='ocrx_word' id='word_1_210' title='bbox 594 2298 848 2342; x_wconf 82' lang='lat' dir='ltr'>voluptarium</span> 
     </span>
     <span class='ocr_line' id='line_1_41' title="bbox 115 2342 849 2389; baseline 0.001 -11"><span class='ocrx_word' id='word_1_211' title='bbox 115 2344 387 2386; x_wconf 82' lang='lat' dir='ltr'>(deversorium</span> <span class='ocrx_word' id='word_1_212' title='bbox 417 2347 592 2378; x_wconf 86' lang='lat' dir='ltr'>vitiorum</span> <span class='ocrx_word' id='word_1_213' title='bbox 619 2342 704 2378; x_wconf 80' lang='lat' dir='ltr'>Seu.</span> <span class='ocrx_word' id='word_1_214' title='bbox 730 2344 849 2389; x_wconf 84' lang='lat' dir='ltr'>Epist.</span> 
     </span>
     <span class='ocr_line' id='line_1_42' title="bbox 114 2393 848 2437; baseline 0 -11"><span class='ocrx_word' id='word_1_215' title='bbox 114 2395 172 2433; x_wconf 85' lang='lat'>51,</span> <span class='ocrx_word' id='word_1_216' title='bbox 190 2393 239 2434; x_wconf 89' lang='lat'>3.)</span> <span class='ocrx_word' id='word_1_217' title='bbox 258 2393 403 2437; x_wconf 84' lang='lat' dir='ltr'>negligi</span> <span class='ocrx_word' id='word_1_218' title='bbox 421 2403 524 2426; x_wconf 88' lang='lat' dir='ltr'>nunc</span> <span class='ocrx_word' id='word_1_219' title='bbox 542 2393 714 2436; x_wconf 85' lang='lat' dir='ltr'>queritur</span> <span class='ocrx_word' id='word_1_220' title='bbox 732 2403 848 2436; x_wconf 84' lang='lat' dir='ltr'>aquas</span> 
     </span>
     <span class='ocr_line' id='line_1_43' title="bbox 115 2440 847 2484; baseline 0.001 -12"><span class='ocrx_word' id='word_1_221' title='bbox 115 2449 203 2473; x_wconf 83' lang='lat' dir='ltr'>suas</span> <span class='ocrx_word' id='word_1_222' title='bbox 266 2440 581 2474; x_wconf 72' lang='lat' dir='ltr'>celebratissimus</span> <span class='ocrx_word' id='word_1_223' title='bbox 638 2443 847 2484; x_wconf 84' lang='lat' dir='ltr'>propterea,</span> 
     </span>
     <span class='ocr_line' id='line_1_44' title="bbox 115 2486 848 2531; baseline 0 -11"><span class='ocrx_word' id='word_1_224' title='bbox 115 2486 217 2531; x_wconf 92' lang='lat' dir='ltr'>quod</span> <span class='ocrx_word' id='word_1_225' title='bbox 255 2487 413 2520; x_wconf 88' lang='lat' dir='ltr'>sulfuris</span> <span class='ocrx_word' id='word_1_226' title='bbox 454 2487 491 2520; x_wconf 88' lang='lat' dir='ltr'>vi</span> <span class='ocrx_word' id='word_1_227' title='bbox 531 2487 700 2521; x_wconf 85' lang='lat' dir='ltr'>benefica</span> <span class='ocrx_word' id='word_1_228' title='bbox 737 2487 848 2521; x_wconf 84' lang='lat' dir='ltr'>etiam</span> 
     </span>
     <span class='ocr_line' id='line_1_45' title="bbox 114 2534 848 2579; baseline 0.001 -12"><span class='ocrx_word' id='word_1_229' title='bbox 114 2534 248 2579; x_wconf 86' lang='lat' dir='ltr'>longos</span> <span class='ocrx_word' id='word_1_230' title='bbox 286 2537 399 2578; x_wconf 85' lang='lat' dir='ltr'>atque</span> <span class='ocrx_word' id='word_1_231' title='bbox 436 2534 664 2568; x_wconf 86' lang='lat' dir='ltr'>inveteratos</span> <span class='ocrx_word' id='word_1_232' title='bbox 698 2534 848 2568; x_wconf 88' lang='lat' dir='ltr'>morbos</span> 
     </span>
     <span class='ocr_line' id='line_1_46' title="bbox 115 2581 847 2625; baseline 0 -11"><span class='ocrx_word' id='word_1_233' title='bbox 115 2581 306 2625; x_wconf 84' lang='lat' dir='ltr'>expellere</span> <span class='ocrx_word' id='word_1_234' title='bbox 332 2592 352 2614; x_wconf 88' lang='lat' dir='ltr'>e</span> <span class='ocrx_word' id='word_1_235' title='bbox 378 2592 536 2625; x_wconf 88' lang='lat' dir='ltr'>corpore</span> <span class='ocrx_word' id='word_1_236' title='bbox 562 2581 775 2615; x_wconf 81' lang='lat' dir='ltr'>dicuntur.“</span> <span class='ocrx_word' id='word_1_237' title='bbox 804 2601 847 2605; x_wconf 88' lang='lat'>—</span> 
     </span>
     <span class='ocr_line' id='line_1_47' title="bbox 114 2628 848 2672; baseline 0 -10"><span class='ocrx_word' id='word_1_238' title='bbox 114 2628 288 2672; x_wconf 78' lang='lat' dir='ltr'>murteta]</span> <span class='ocrx_word' id='word_1_239' title='bbox 307 2628 440 2662; x_wconf 84' lang='lat' dir='ltr'>Celsus</span> <span class='ocrx_word' id='word_1_240' title='bbox 459 2630 492 2670; x_wconf 85' lang='lat'>2,</span> <span class='ocrx_word' id='word_1_241' title='bbox 521 2631 581 2662; x_wconf 78' lang='lat'>17:</span> <span class='ocrx_word' id='word_1_242' title='bbox 606 2630 728 2662; x_wconf 85' lang='lat' dir='ltr'>Siccus</span> <span class='ocrx_word' id='word_1_243' title='bbox 745 2630 848 2662; x_wconf 89' lang='lat' dir='ltr'>calor</span> 
     </span>
     <span class='ocr_line' id='line_1_48' title="bbox 116 2677 849 2716; baseline 0.001 -7"><span class='ocrx_word' id='word_1_244' title='bbox 116 2679 189 2709; x_wconf 85' lang='lat' dir='ltr'>est·</span> <span class='ocrx_word' id='word_1_245' title='bbox 199 2677 459 2716; x_wconf 87' lang='lat' dir='ltr'>-quarundam</span> <span class='ocrx_word' id='word_1_246' title='bbox 482 2677 716 2709; x_wconf 75' lang='lat' dir='ltr'>naturalium</span> <span class='ocrx_word' id='word_1_247' title='bbox 739 2678 849 2710; x_wconf 86' lang='lat' dir='ltr'>suda-</span> 
     </span>
     <span class='ocr_line' id='line_1_49' title="bbox 114 2724 849 2767; baseline 0.003 -12"><span class='ocrx_word' id='word_1_248' title='bbox 114 2724 272 2767; x_wconf 80' lang='lat' dir='ltr'>tionum,</span> <span class='ocrx_word' id='word_1_249' title='bbox 297 2725 362 2757; x_wconf 86' lang='lat' dir='ltr'>ubi</span> <span class='ocrx_word' id='word_1_250' title='bbox 385 2733 409 2757; x_wconf 87' lang='lat' dir='ltr'>a</span> <span class='ocrx_word' id='word_1_251' title='bbox 434 2726 535 2757; x_wconf 84' lang='lat' dir='ltr'>terra</span> <span class='ocrx_word' id='word_1_252' title='bbox 556 2725 732 2765; x_wconf 77' lang='lat' dir='ltr'>profusus</span> <span class='ocrx_word' id='word_1_253' title='bbox 758 2724 849 2757; x_wconf 85' lang='lat' dir='ltr'>cali-</span> 
     </span>
    </p>
   </div>
   <div class='ocr_carea' id='block_1_6' title="bbox 896 833 1638 2765">
    <p class='ocr_par' dir='ltr' id='par_1_10' title="bbox 896 833 1638 2765">
     <span class='ocr_line' id='line_1_50' title="bbox 904 833 1638 875; baseline 0.004 -11"><span class='ocrx_word' id='word_1_254' title='bbox 904 833 970 864; x_wconf 84' lang='lat' dir='ltr'>dus</span> <span class='ocrx_word' id='word_1_255' title='bbox 994 841 1111 874; x_wconf 84' lang='lat' dir='ltr'>vapor</span> <span class='ocrx_word' id='word_1_256' title='bbox 1136 833 1304 875; x_wconf 72' lang='lat' dir='ltr'>aedilicio</span> <span class='ocrx_word' id='word_1_257' title='bbox 1337 834 1557 874; x_wconf 74' lang='lat' dir='ltr'>includitur,</span> <span class='ocrx_word' id='word_1_258' title='bbox 1589 834 1638 867; x_wconf 78' lang='lat' dir='ltr'>si-</span> 
     </span>
     <span class='ocr_line' id='line_1_51' title="bbox 903 880 1637 921; baseline 0.004 -10"><span class='ocrx_word' id='word_1_259' title='bbox 903 880 963 911; x_wconf 86' lang='lat' dir='ltr'>cut</span> <span class='ocrx_word' id='word_1_260' title='bbox 986 888 1097 921; x_wconf 86' lang='lat' dir='ltr'>super</span> <span class='ocrx_word' id='word_1_261' title='bbox 1121 881 1238 914; x_wconf 87' lang='lat' dir='ltr'>Baias</span> <span class='ocrx_word' id='word_1_262' title='bbox 1270 881 1311 913; x_wconf 87' lang='lat' dir='ltr'>in</span> <span class='ocrx_word' id='word_1_263' title='bbox 1340 881 1504 921; x_wconf 77' lang='lat' dir='ltr'>myrtetis</span> <span class='ocrx_word' id='word_1_264' title='bbox 1529 882 1637 914; x_wconf 75' lang='lat' dir='ltr'>habe-</span> 
     </span>
     <span class='ocr_line' id='line_1_52' title="bbox 901 926 1638 969; baseline 0.004 -11"><span class='ocrx_word' id='word_1_265' title='bbox 901 934 992 959; x_wconf 88' lang='lat' dir='ltr'>mus.</span> <span class='ocrx_word' id='word_1_266' title='bbox 1037 926 1113 960; x_wconf 85' lang='lat' dir='ltr'>Cfr.</span> <span class='ocrx_word' id='word_1_267' title='bbox 1140 929 1173 968; x_wconf 88' lang='lat'>3,</span> <span class='ocrx_word' id='word_1_268' title='bbox 1199 929 1255 960; x_wconf 89' lang='lat'>21.</span> <span class='ocrx_word' id='word_1_269' title='bbox 1297 926 1446 961; x_wconf 83' lang='lat' dir='ltr'>Vitruv.</span> <span class='ocrx_word' id='word_1_270' title='bbox 1473 930 1507 969; x_wconf 83' lang='lat'>2,</span> <span class='ocrx_word' id='word_1_271' title='bbox 1533 929 1573 961; x_wconf 82' lang='lat'>6:</span> <span class='ocrx_word' id='word_1_272' title='bbox 1597 930 1638 961; x_wconf 82' lang='lat' dir='ltr'>in</span> 
     </span>
     <span class='ocr_line' id='line_1_53' title="bbox 903 974 1638 1009; baseline 0.004 -4"><span class='ocrx_word' id='word_1_273' title='bbox 903 974 1083 1007; x_wconf 84' lang='lat' dir='ltr'>montibus</span> <span class='ocrx_word' id='word_1_274' title='bbox 1122 975 1370 1008; x_wconf 79' lang='lat' dir='ltr'>Cumanorum</span> <span class='ocrx_word' id='word_1_275' title='bbox 1412 977 1446 1008; x_wconf 84' lang='lat' dir='ltr'>et</span> <span class='ocrx_word' id='word_1_276' title='bbox 1482 976 1638 1009; x_wconf 86' lang='lat' dir='ltr'>Baianis</span> 
     </span>
     <span class='ocr_line' id='line_1_54' title="bbox 901 1022 1637 1065; baseline 0.005 -12"><span class='ocrx_word' id='word_1_277' title='bbox 901 1023 987 1054; x_wconf 85' lang='lat' dir='ltr'>sunt</span> <span class='ocrx_word' id='word_1_278' title='bbox 1030 1022 1109 1054; x_wconf 90' lang='lat' dir='ltr'>loca</span> <span class='ocrx_word' id='word_1_279' title='bbox 1148 1023 1402 1056; x_wconf 74' lang='lat' dir='ltr'>sudationibus</span> <span class='ocrx_word' id='word_1_280' title='bbox 1445 1025 1637 1065; x_wconf 73' lang='lat' dir='ltr'>excavata,</span> 
     </span>
     <span class='ocr_line' id='line_1_55' title="bbox 901 1069 1638 1111; baseline 0.004 -11"><span class='ocrx_word' id='word_1_281' title='bbox 901 1069 940 1100; x_wconf 86' lang='lat' dir='ltr'>in</span> <span class='ocrx_word' id='word_1_282' title='bbox 975 1069 1106 1108; x_wconf 86' lang='lat' dir='ltr'>quibus</span> <span class='ocrx_word' id='word_1_283' title='bbox 1138 1077 1258 1111; x_wconf 85' lang='lat' dir='ltr'>vapor</span> <span class='ocrx_word' id='word_1_284' title='bbox 1288 1070 1452 1111; x_wconf 78' lang='lat' dir='ltr'>fervidus</span> <span class='ocrx_word' id='word_1_285' title='bbox 1486 1071 1532 1103; x_wconf 91' lang='lat' dir='ltr'>ab</span> <span class='ocrx_word' id='word_1_286' title='bbox 1565 1071 1638 1104; x_wconf 89' lang='lat' dir='ltr'>imo</span> 
     </span>
     <span class='ocr_line' id='line_1_56' title="bbox 901 1117 1638 1159; baseline 0.003 -11"><span class='ocrx_word' id='word_1_287' title='bbox 901 1124 1052 1148; x_wconf 86' lang='lat' dir='ltr'>nascens</span> <span class='ocrx_word' id='word_1_288' title='bbox 1084 1117 1180 1157; x_wconf 74' lang='lat' dir='ltr'>iqnis</span> <span class='ocrx_word' id='word_1_289' title='bbox 1212 1117 1439 1150; x_wconf 79' lang='lat' dir='ltr'>vehementia</span> <span class='ocrx_word' id='word_1_290' title='bbox 1468 1118 1638 1159; x_wconf 74' lang='lat' dir='ltr'>perforat</span> 
     </span>
     <span class='ocr_line' id='line_1_57' title="bbox 903 1165 1637 1205; baseline 0.004 -10"><span class='ocrx_word' id='word_1_291' title='bbox 903 1171 983 1196; x_wconf 89' lang='lat' dir='ltr'>eam</span> <span class='ocrx_word' id='word_1_292' title='bbox 1009 1165 1147 1196; x_wconf 87' lang='lat' dir='ltr'>terram</span> <span class='ocrx_word' id='word_1_293' title='bbox 1176 1172 1244 1205; x_wconf 85' lang='lat' dir='ltr'>per</span> <span class='ocrx_word' id='word_1_294' title='bbox 1274 1172 1426 1205; x_wconf 83' lang='lat' dir='ltr'>eamque</span> <span class='ocrx_word' id='word_1_295' title='bbox 1451 1166 1637 1198; x_wconf 84' lang='lat' dir='ltr'>manando</span> 
     </span>
     <span class='ocr_line' id='line_1_58' title="bbox 901 1211 1636 1245; baseline 0.003 -3"><span class='ocrx_word' id='word_1_296' title='bbox 901 1211 941 1242; x_wconf 84' lang='lat' dir='ltr'>in</span> <span class='ocrx_word' id='word_1_297' title='bbox 965 1211 1019 1243; x_wconf 76' lang='lat' dir='ltr'>his</span> <span class='ocrx_word' id='word_1_298' title='bbox 1038 1211 1124 1243; x_wconf 86' lang='lat' dir='ltr'>locis</span> <span class='ocrx_word' id='word_1_299' title='bbox 1141 1212 1262 1244; x_wconf 86' lang='lat' dir='ltr'>oritur</span> <span class='ocrx_word' id='word_1_300' title='bbox 1278 1213 1311 1244; x_wconf 84' lang='lat' dir='ltr'>et</span> <span class='ocrx_word' id='word_1_301' title='bbox 1327 1212 1380 1244; x_wconf 87' lang='lat' dir='ltr'>ita</span> <span class='ocrx_word' id='word_1_302' title='bbox 1401 1212 1636 1245; x_wconf 76' lang='lat' dir='ltr'>sudationum</span> 
     </span>
     <span class='ocr_line' id='line_1_59' title="bbox 903 1258 1636 1299; baseline 0.005 -10"><span class='ocrx_word' id='word_1_303' title='bbox 903 1258 1068 1298; x_wconf 74' lang='lat' dir='ltr'>eqreqias</span> <span class='ocrx_word' id='word_1_304' title='bbox 1087 1259 1196 1299; x_wconf 76' lang='lat' dir='ltr'>efficit</span> <span class='ocrx_word' id='word_1_305' title='bbox 1208 1259 1401 1292; x_wconf 83' lang='lat' dir='ltr'>utilitates.</span> <span class='ocrx_word' id='word_1_306' title='bbox 1426 1258 1507 1293; x_wconf 80' lang='lat' dir='ltr'>Hae</span> <span class='ocrx_word' id='word_1_307' title='bbox 1524 1258 1636 1293; x_wconf 83' lang='lat' dir='ltr'>suda-</span> 
     </span>
     <span class='ocr_line' id='line_1_60' title="bbox 902 1304 1637 1349; baseline 0.003 -12"><span class='ocrx_word' id='word_1_308' title='bbox 902 1304 1024 1338; x_wconf 84' lang='lat' dir='ltr'>tiones</span> <span class='ocrx_word' id='word_1_309' title='bbox 1058 1315 1161 1338; x_wconf 91' lang='lat' dir='ltr'>nunc</span> <span class='ocrx_word' id='word_1_310' title='bbox 1194 1305 1435 1349; x_wconf 78' lang='lat' dir='ltr'>appellantur</span> <span class='ocrx_word' id='word_1_311' title='bbox 1474 1306 1507 1339; x_wconf 83' lang='lat' dir='ltr'>le</span> <span class='ocrx_word' id='word_1_312' title='bbox 1540 1307 1637 1348; x_wconf 78' lang='lat' dir='ltr'>stuse</span> 
     </span>
     <span class='ocr_line' id='line_1_61' title="bbox 901 1352 1634 1395; baseline 0.003 -11"><span class='ocrx_word' id='word_1_313' title='bbox 901 1352 940 1384; x_wconf 88' lang='lat' dir='ltr'>di</span> <span class='ocrx_word' id='word_1_314' title='bbox 965 1353 1106 1385; x_wconf 83' lang='lat' dir='ltr'>Tritoli.</span> <span class='ocrx_word' id='word_1_315' title='bbox 1134 1371 1178 1376; x_wconf 82' lang='lat'>—-</span> <span class='ocrx_word' id='word_1_316' title='bbox 1202 1352 1348 1395; x_wconf 83' lang='lat' dir='ltr'>nervis]</span> <span class='ocrx_word' id='word_1_317' title='bbox 1373 1353 1562 1387; x_wconf 79' lang='lat' dir='ltr'>Sehnen.</span> <span class='ocrx_word' id='word_1_318' title='bbox 1589 1372 1634 1377; x_wconf 82' lang='lat'>—-—</span> 
     </span>
     <span class='ocr_line' id='line_1_62' title="bbox 901 1399 1634 1446; baseline 0.003 -14"><span class='ocrx_word' id='word_1_319' title='bbox 901 1399 1112 1442; x_wconf 73' lang='lat' dir='ltr'>cessantem]</span> <span class='ocrx_word' id='word_1_320' title='bbox 1127 1400 1365 1446; x_wconf 74' lang='grc' dir='ltr'>χρονίζοντα,</span> <span class='ocrx_word' id='word_1_321' title='bbox 1380 1401 1467 1442; x_wconf 71' lang='lat' dir='ltr'>lana</span> <span class='ocrx_word' id='word_1_322' title='bbox 1474 1401 1634 1434; x_wconf 78' lang='lat' dir='ltr'>stocken·</span> 
     </span>
     <span class='ocr_line' id='line_1_63' title="bbox 900 1446 1634 1488; baseline 0.004 -9"><span class='ocrx_word' id='word_1_323' title='bbox 900 1447 944 1479; x_wconf 89' lang='lat' dir='ltr'>de</span> <span class='ocrx_word' id='word_1_324' title='bbox 979 1447 1084 1480; x_wconf 82' lang='lat' dir='ltr'>Gicht</span> <span class='ocrx_word' id='word_1_325' title='bbox 1111 1446 1269 1481; x_wconf 84' lang='lat' dir='ltr'>Merkel.</span> <span class='ocrx_word' id='word_1_326' title='bbox 1310 1449 1452 1488; x_wconf 71' lang='lat' dir='ltr'>Lonoos</span> <span class='ocrx_word' id='word_1_327' title='bbox 1484 1447 1634 1482; x_wconf 84' lang='lat' dir='ltr'>morbos</span> 
     </span>
     <span class='ocr_line' id='line_1_64' title="bbox 901 1493 1635 1538; baseline 0.003 -12"><span class='ocrx_word' id='word_1_328' title='bbox 901 1495 1019 1527; x_wconf 79' lang='lat' dir='ltr'>acutis</span> <span class='ocrx_word' id='word_1_329' title='bbox 1044 1495 1203 1538; x_wconf 78' lang='lat' dir='ltr'>opponit</span> <span class='ocrx_word' id='word_1_330' title='bbox 1228 1493 1363 1528; x_wconf 87' lang='lat' dir='ltr'>Celsus</span> <span class='ocrx_word' id='word_1_331' title='bbox 1389 1497 1423 1537; x_wconf 91' lang='lat'>3,</span> <span class='ocrx_word' id='word_1_332' title='bbox 1451 1497 1482 1528; x_wconf 87' lang='lat'>1.</span> <span class='ocrx_word' id='word_1_333' title='bbox 1502 1514 1546 1518; x_wconf 97' lang='lat'><strong>—</strong></span> <span class='ocrx_word' id='word_1_334' title='bbox 1571 1496 1635 1528; x_wconf 86' lang='lat' dir='ltr'>eli·</span> 
     </span>
     <span class='ocr_line' id='line_1_65' title="bbox 901 1540 1635 1584; baseline 0.004 -11"><span class='ocrx_word' id='word_1_335' title='bbox 901 1540 1008 1584; x_wconf 84' lang='lat' dir='ltr'>dere]</span> <span class='ocrx_word' id='word_1_336' title='bbox 1037 1540 1170 1576; x_wconf 87' lang='lat' dir='ltr'>Celsus</span> <span class='ocrx_word' id='word_1_337' title='bbox 1197 1543 1238 1584; x_wconf 87' lang='lat'>2,</span> <span class='ocrx_word' id='word_1_338' title='bbox 1274 1543 1336 1575; x_wconf 84' lang='lat'>15:</span> <span class='ocrx_word' id='word_1_339' title='bbox 1369 1542 1533 1576; x_wconf 84' lang='lat' dir='ltr'>Gestatio</span> <span class='ocrx_word' id='word_1_340' title='bbox 1563 1543 1635 1576; x_wconf 85' lang='lat' dir='ltr'>uti-</span> 
     </span>
     <span class='ocr_line' id='line_1_66' title="bbox 903 1589 1631 1631; baseline 0.003 -10"><span class='ocrx_word' id='word_1_341' title='bbox 903 1589 1040 1622; x_wconf 84' lang='lat' dir='ltr'>lissima</span> <span class='ocrx_word' id='word_1_342' title='bbox 1059 1590 1224 1631; x_wconf 82' lang='lat' dir='ltr'>esl--iis,</span> <span class='ocrx_word' id='word_1_343' title='bbox 1251 1590 1380 1630; x_wconf 83' lang='lat' dir='ltr'>quibus</span> <span class='ocrx_word' id='word_1_344' title='bbox 1400 1590 1519 1623; x_wconf 86' lang='lat' dir='ltr'>lentae</span> <span class='ocrx_word' id='word_1_345' title='bbox 1535 1598 1631 1623; x_wconf 87' lang='lat' dir='ltr'>mor—</span> 
     </span>
     <span class='ocr_line' id='line_1_67' title="bbox 901 1637 1634 1678; baseline 0.003 -10"><span class='ocrx_word' id='word_1_346' title='bbox 901 1637 1029 1669; x_wconf 86' lang='lat' dir='ltr'>borum</span> <span class='ocrx_word' id='word_1_347' title='bbox 1067 1637 1249 1678; x_wconf 82' lang='lat' dir='ltr'>reliquiae</span> <span class='ocrx_word' id='word_1_348' title='bbox 1287 1640 1478 1670; x_wconf 81' lang='lat' dir='ltr'>remanent</span> <span class='ocrx_word' id='word_1_349' title='bbox 1518 1645 1634 1677; x_wconf 84' lang='lat' dir='ltr'>neque</span> 
     </span>
     <span class='ocr_line' id='line_1_68' title="bbox 901 1683 1632 1727; baseline 0.001 -12"><span class='ocrx_word' id='word_1_350' title='bbox 901 1684 1013 1716; x_wconf 81' lang='lat' dir='ltr'>aliter</span> <span class='ocrx_word' id='word_1_351' title='bbox 1059 1685 1318 1718; x_wconf 86' lang='lat' dir='ltr'>eliduntur.</span> <span class='ocrx_word' id='word_1_352' title='bbox 1358 1703 1406 1708; x_wconf 96' lang='lat'>—-</span> <span class='ocrx_word' id='word_1_353' title='bbox 1443 1683 1632 1727; x_wconf 84' lang='lat' dir='ltr'>morbum]</span> 
     </span>
     <span class='ocr_line' id='line_1_69' title="bbox 900 1730 1634 1773; baseline 0.001 -10"><span class='ocrx_word' id='word_1_354' title='bbox 900 1730 1060 1764; x_wconf 84' lang='lat' dir='ltr'>maxime</span> <span class='ocrx_word' id='word_1_355' title='bbox 1077 1731 1325 1765; x_wconf 82' lang='lat' dir='ltr'>arthritidem.</span> <span class='ocrx_word' id='word_1_356' title='bbox 1345 1749 1388 1754; x_wconf 92' lang='lat'>—-</span> <span class='ocrx_word' id='word_1_357' title='bbox 1406 1730 1531 1773; x_wconf 83' lang='lat' dir='ltr'>caput]</span> <span class='ocrx_word' id='word_1_358' title='bbox 1550 1730 1634 1765; x_wconf 84' lang='lat' dir='ltr'>Cel·</span> 
     </span>
     <span class='ocr_line' id='line_1_70' title="bbox 900 1778 1631 1820; baseline 0.003 -10"><span class='ocrx_word' id='word_1_359' title='bbox 900 1788 966 1811; x_wconf 89' lang='lat' dir='ltr'>sus</span> <span class='ocrx_word' id='word_1_360' title='bbox 994 1780 1033 1819; x_wconf 84' lang='lat'>1,</span> <span class='ocrx_word' id='word_1_361' title='bbox 1058 1780 1098 1810; x_wconf 85' lang='lat'>4:</span> <span class='ocrx_word' id='word_1_362' title='bbox 1135 1779 1254 1819; x_wconf 85' lang='lat' dir='ltr'>Capiti</span> <span class='ocrx_word' id='word_1_363' title='bbox 1285 1778 1377 1810; x_wconf 79' lang='lat' dir='ltr'>nihil</span> <span class='ocrx_word' id='word_1_364' title='bbox 1408 1786 1524 1818; x_wconf 85' lang='lat' dir='ltr'>aeque</span> <span class='ocrx_word' id='word_1_365' title='bbox 1546 1786 1631 1820; x_wconf 77' lang='lat' dir='ltr'>pro-</span> 
     </span>
     <span class='ocr_line' id='line_1_71' title="bbox 899 1825 1631 1869; baseline 0.005 -14"><span class='ocrx_word' id='word_1_366' title='bbox 899 1825 976 1856; x_wconf 85' lang='lat' dir='ltr'>dest</span> <span class='ocrx_word' id='word_1_367' title='bbox 1002 1827 1112 1865; x_wconf 86' lang='lat' dir='ltr'>atque</span> <span class='ocrx_word' id='word_1_368' title='bbox 1139 1833 1239 1865; x_wconf 89' lang='lat' dir='ltr'>aqua</span> <span class='ocrx_word' id='word_1_369' title='bbox 1264 1826 1421 1866; x_wconf 68' lang='lat' dir='ltr'>rriaida3</span> <span class='ocrx_word' id='word_1_370' title='bbox 1445 1826 1573 1866; x_wconf 83' lang='lat' dir='ltr'>itaque</span> <span class='ocrx_word' id='word_1_371' title='bbox 1588 1827 1631 1869; x_wconf 87' lang='lat' dir='ltr'>is,</span> 
     </span>
     <span class='ocr_line' id='line_1_72' title="bbox 900 1872 1633 1914; baseline 0.004 -11"><span class='ocrx_word' id='word_1_372' title='bbox 900 1872 959 1904; x_wconf 89' lang='lat' dir='ltr'>cui</span> <span class='ocrx_word' id='word_1_373' title='bbox 985 1873 1050 1905; x_wconf 77' lang='lat' dir='ltr'>hoc</span> <span class='ocrx_word' id='word_1_374' title='bbox 1066 1873 1253 1914; x_wconf 75' lang='lat' dir='ltr'>infirmum</span> <span class='ocrx_word' id='word_1_375' title='bbox 1279 1875 1340 1914; x_wconf 87' lang='lat' dir='ltr'>est,</span> <span class='ocrx_word' id='word_1_376' title='bbox 1363 1880 1433 1913; x_wconf 82' lang='lat' dir='ltr'>per</span> <span class='ocrx_word' id='word_1_377' title='bbox 1457 1875 1633 1906; x_wconf 82' lang='lat' dir='ltr'>aestatem</span> 
     </span>
     <span class='ocr_line' id='line_1_73' title="bbox 898 1919 1632 1961; baseline 0.003 -10"><span class='ocrx_word' id='word_1_378' title='bbox 898 1919 938 1952; x_wconf 89' lang='lat' dir='ltr'>id</span> <span class='ocrx_word' id='word_1_379' title='bbox 962 1919 1050 1952; x_wconf 89' lang='lat' dir='ltr'>bene</span> <span class='ocrx_word' id='word_1_380' title='bbox 1078 1920 1181 1961; x_wconf 77' lang='lat' dir='ltr'>larao</span> <span class='ocrx_word' id='word_1_381' title='bbox 1198 1920 1323 1953; x_wconf 87' lang='lat' dir='ltr'>canati</span> <span class='ocrx_word' id='word_1_382' title='bbox 1345 1920 1504 1960; x_wconf 78' lang='lat' dir='ltr'>quotidie</span> <span class='ocrx_word' id='word_1_383' title='bbox 1528 1921 1632 1954; x_wconf 80' lang='lat' dir='ltr'>debet</span> 
     </span>
     <span class='ocr_line' id='line_1_74' title="bbox 900 1966 1633 2009; baseline 0.003 -11"><span class='ocrx_word' id='word_1_384' title='bbox 900 1966 1132 2006; x_wconf 82' lang='lat' dir='ltr'>aliquamdiu</span> <span class='ocrx_word' id='word_1_385' title='bbox 1171 1967 1347 2000; x_wconf 85' lang='lat' dir='ltr'>subiicere</span> <span class='ocrx_word' id='word_1_386' title='bbox 1386 1966 1556 2009; x_wconf 83' lang='lat' dir='ltr'>(prendre</span> <span class='ocrx_word' id='word_1_387' title='bbox 1595 1967 1633 2001; x_wconf 84' lang='lat' dir='ltr'>la</span> 
     </span>
     <span class='ocr_line' id='line_1_75' title="bbox 900 2014 1630 2058; baseline 0.003 -13"><span class='ocrx_word' id='word_1_388' title='bbox 900 2014 1056 2056; x_wconf 78' lang='lat' dir='ltr'>douche,</span> <span class='ocrx_word' id='word_1_389' title='bbox 1083 2014 1296 2057; x_wconf 86' lang='lat' dir='ltr'>docciarsi).</span> <span class='ocrx_word' id='word_1_390' title='bbox 1323 2032 1367 2037; x_wconf 93' lang='lat'>—</span> <span class='ocrx_word' id='word_1_391' title='bbox 1391 2014 1630 2058; x_wconf 78' lang='lat' dir='ltr'>stomachum]</span> 
     </span>
     <span class='ocr_line' id='line_1_76' title="bbox 901 2059 1633 2103; baseline 0.001 -10"><span class='ocrx_word' id='word_1_392' title='bbox 901 2059 1034 2095; x_wconf 82' lang='lat' dir='ltr'>Celsus</span> <span class='ocrx_word' id='word_1_393' title='bbox 1061 2063 1100 2102; x_wconf 88' lang='lat'>4,</span> <span class='ocrx_word' id='word_1_394' title='bbox 1126 2063 1167 2095; x_wconf 88' lang='lat'>5:</span> <span class='ocrx_word' id='word_1_395' title='bbox 1198 2062 1270 2103; x_wconf 81' lang='lat' dir='ltr'>Qui</span> <span class='ocrx_word' id='word_1_396' title='bbox 1292 2062 1470 2094; x_wconf 74' lang='lat' dir='ltr'>stomachi</span> <span class='ocrx_word' id='word_1_397' title='bbox 1492 2062 1633 2095; x_wconf 82' lang='lat' dir='ltr'>resolu-</span> 
     </span>
     <span class='ocr_line' id='line_1_77' title="bbox 900 2109 1632 2151; baseline 0.003 -11"><span class='ocrx_word' id='word_1_398' title='bbox 900 2109 997 2141; x_wconf 81' lang='lat' dir='ltr'>tione</span> <span class='ocrx_word' id='word_1_399' title='bbox 1037 2109 1226 2151; x_wconf 88' lang='lat' dir='ltr'>laborant,</span> <span class='ocrx_word' id='word_1_400' title='bbox 1266 2109 1320 2141; x_wconf 84' lang='lat' dir='ltr'>his</span> <span class='ocrx_word' id='word_1_401' title='bbox 1354 2109 1530 2151; x_wconf 73' lang='lat' dir='ltr'>perfundi</span> <span class='ocrx_word' id='word_1_402' title='bbox 1564 2109 1632 2150; x_wconf 80' lang='lat' dir='ltr'>sri-</span> 
     </span>
     <span class='ocr_line' id='line_1_78' title="bbox 899 2156 1632 2198; baseline 0.003 -10"><span class='ocrx_word' id='word_1_403' title='bbox 899 2156 986 2196; x_wconf 74' lang='lat' dir='ltr'>qida</span> <span class='ocrx_word' id='word_1_404' title='bbox 1010 2158 1121 2197; x_wconf 87' lang='lat' dir='ltr'>atque</span> <span class='ocrx_word' id='word_1_405' title='bbox 1145 2157 1188 2189; x_wconf 89' lang='lat' dir='ltr'>in</span> <span class='ocrx_word' id='word_1_406' title='bbox 1211 2157 1337 2190; x_wconf 85' lang='lat' dir='ltr'>eadem</span> <span class='ocrx_word' id='word_1_407' title='bbox 1353 2158 1494 2198; x_wconf 80' lang='lat' dir='ltr'>natare,</span> <span class='ocrx_word' id='word_1_408' title='bbox 1521 2164 1632 2190; x_wconf 86' lang='lat' dir='ltr'>cana-</span> 
     </span>
     <span class='ocr_line' id='line_1_79' title="bbox 902 2203 1631 2237; baseline 0.003 -3"><span class='ocrx_word' id='word_1_409' title='bbox 902 2203 994 2236; x_wconf 83' lang='lat' dir='ltr'>libus</span> <span class='ocrx_word' id='word_1_410' title='bbox 1028 2204 1186 2237; x_wconf 82' lang='lat' dir='ltr'>eiusdem</span> <span class='ocrx_word' id='word_1_411' title='bbox 1217 2204 1394 2237; x_wconf 84' lang='lat' dir='ltr'>subiicere</span> <span class='ocrx_word' id='word_1_412' title='bbox 1424 2204 1536 2237; x_wconf 82' lang='lat' dir='ltr'>eliam</span> <span class='ocrx_word' id='word_1_413' title='bbox 1558 2205 1631 2237; x_wconf 89' lang='lat' dir='ltr'>sto-</span> 
     </span>
     <span class='ocr_line' id='line_1_80' title="bbox 898 2251 1631 2292; baseline 0 -9"><span class='ocrx_word' id='word_1_414' title='bbox 898 2251 1068 2283; x_wconf 82' lang='lat' dir='ltr'>machum</span> <span class='ocrx_word' id='word_1_415' title='bbox 1092 2251 1475 2292; x_wconf 80' lang='lat' dir='ltr'>ipsum,--consistere</span> <span class='ocrx_word' id='word_1_416' title='bbox 1499 2252 1540 2283; x_wconf 86' lang='lat' dir='ltr'>in</span> <span class='ocrx_word' id='word_1_417' title='bbox 1563 2251 1631 2292; x_wconf 83' lang='lat' dir='ltr'>sri-</span> 
     </span>
     <span class='ocr_line' id='line_1_81' title="bbox 899 2298 1630 2339; baseline 0.001 -9"><span class='ocrx_word' id='word_1_418' title='bbox 899 2298 991 2338; x_wconf 74' lang='lat' dir='ltr'>qidis</span> <span class='ocrx_word' id='word_1_419' title='bbox 1016 2299 1272 2338; x_wconf 84' lang='lat' dir='ltr'>medicatisque</span> <span class='ocrx_word' id='word_1_420' title='bbox 1297 2299 1466 2339; x_wconf 80' lang='lat' dir='ltr'>sontibus,</span> <span class='ocrx_word' id='word_1_421' title='bbox 1477 2316 1493 2324; x_wconf 90' lang='lat'>-</span> <span class='ocrx_word' id='word_1_422' title='bbox 1505 2298 1630 2331; x_wconf 81' lang='lat' dir='ltr'>-salu-</span> 
     </span>
     <span class='ocr_line' id='line_1_82' title="bbox 899 2344 1630 2388; baseline 0.001 -11"><span class='ocrx_word' id='word_1_423' title='bbox 899 2348 980 2378; x_wconf 85' lang='lat' dir='ltr'>tare</span> <span class='ocrx_word' id='word_1_424' title='bbox 1007 2348 1068 2378; x_wconf 86' lang='lat' dir='ltr'>est.</span> <span class='ocrx_word' id='word_1_425' title='bbox 1096 2363 1139 2368; x_wconf 92' lang='lat'>—-</span> <span class='ocrx_word' id='word_1_426' title='bbox 1164 2344 1540 2388; x_wconf 63' lang='lat' dir='ltr'>sontibus-Clusinis]</span> <span class='ocrx_word' id='word_1_427' title='bbox 1565 2345 1630 2378; x_wconf 88' lang='lat' dir='ltr'>fri-</span> 
     </span>
     <span class='ocr_line' id='line_1_83' title="bbox 898 2391 1630 2436; baseline 0.001 -12"><span class='ocrx_word' id='word_1_428' title='bbox 898 2392 998 2436; x_wconf 83' lang='lat' dir='ltr'>gidis</span> <span class='ocrx_word' id='word_1_429' title='bbox 1024 2403 1070 2426; x_wconf 82' lang='lat' dir='ltr'>ex</span> <span class='ocrx_word' id='word_1_430' title='bbox 1094 2391 1224 2426; x_wconf 86' lang='lat' dir='ltr'>Musae</span> <span class='ocrx_word' id='word_1_431' title='bbox 1250 2392 1422 2426; x_wconf 90' lang='lat' dir='ltr'>consilio.</span> <span class='ocrx_word' id='word_1_432' title='bbox 1459 2391 1630 2426; x_wconf 87' lang='lat' dir='ltr'>Clusium</span> 
     </span>
     <span class='ocr_line' id='line_1_84' title="bbox 899 2439 1630 2484; baseline 0 -12"><span class='ocrx_word' id='word_1_433' title='bbox 899 2440 1063 2483; x_wconf 82' lang='lat' dir='ltr'>(Chiusi),</span> <span class='ocrx_word' id='word_1_434' title='bbox 1088 2439 1263 2473; x_wconf 83' lang='lat' dir='ltr'>Etruriae</span> <span class='ocrx_word' id='word_1_435' title='bbox 1282 2439 1472 2484; x_wconf 89' lang='lat' dir='ltr'>oppidum,</span> <span class='ocrx_word' id='word_1_436' title='bbox 1498 2442 1630 2473; x_wconf 82' lang='lat' dir='ltr'>notum</span> 
     </span>
     <span class='ocr_line' id='line_1_85' title="bbox 897 2486 1628 2531; baseline -0.001 -11"><span class='ocrx_word' id='word_1_437' title='bbox 897 2490 1052 2531; x_wconf 84' lang='lat' dir='ltr'>proptor</span> <span class='ocrx_word' id='word_1_438' title='bbox 1079 2486 1310 2520; x_wconf 85' lang='lat' dir='ltr'>Porsennam</span> <span class='ocrx_word' id='word_1_439' title='bbox 1335 2497 1473 2531; x_wconf 86' lang='lat' dir='ltr'>regem.</span> <span class='ocrx_word' id='word_1_440' title='bbox 1491 2505 1537 2510; x_wconf 89' lang='lat'>--</span> <span class='ocrx_word' id='word_1_441' title='bbox 1556 2486 1628 2520; x_wconf 80' lang='lat' dir='ltr'>Ga-</span> 
     </span>
     <span class='ocr_line' id='line_1_86' title="bbox 899 2532 1628 2578; baseline 0.001 -12"><span class='ocrx_word' id='word_1_442' title='bbox 899 2534 995 2576; x_wconf 89' lang='lat' dir='ltr'>bios]</span> <span class='ocrx_word' id='word_1_443' title='bbox 1023 2533 1128 2567; x_wconf 83' lang='lat' dir='ltr'>Conf.</span> <span class='ocrx_word' id='word_1_444' title='bbox 1155 2534 1248 2578; x_wconf 86' lang='lat' dir='ltr'>Epp.</span> <span class='ocrx_word' id='word_1_445' title='bbox 1277 2537 1315 2576; x_wconf 93' lang='lat'>1,</span> <span class='ocrx_word' id='word_1_446' title='bbox 1352 2537 1414 2574; x_wconf 90' lang='lat'>11,</span> <span class='ocrx_word' id='word_1_447' title='bbox 1439 2535 1473 2567; x_wconf 84' lang='grc'>7.</span> <span class='ocrx_word' id='word_1_448' title='bbox 1520 2532 1628 2567; x_wconf 79' lang='lat' dir='ltr'>Iuve-</span> 
     </span>
     <span class='ocr_line' id='line_1_87' title="bbox 898 2581 1629 2623; baseline -0.001 -9"><span class='ocrx_word' id='word_1_449' title='bbox 898 2581 973 2614; x_wconf 85' lang='lat' dir='ltr'>nal.</span> <span class='ocrx_word' id='word_1_450' title='bbox 1000 2583 1033 2623; x_wconf 82' lang='lat'>7,</span> <span class='ocrx_word' id='word_1_451' title='bbox 1059 2583 1099 2614; x_wconf 90' lang='lat'>4:</span> <span class='ocrx_word' id='word_1_452' title='bbox 1133 2582 1356 2614; x_wconf 87' lang='lat' dir='ltr'>Balneolum</span> <span class='ocrx_word' id='word_1_453' title='bbox 1381 2581 1524 2619; x_wconf 78' lang='lat' dir='ltr'>Gabiis,</span> <span class='ocrx_word' id='word_1_454' title='bbox 1554 2581 1629 2613; x_wconf 80' lang='lat' dir='ltr'>Ro-</span> 
     </span>
     <span class='ocr_line' id='line_1_88' title="bbox 896 2626 1629 2669; baseline -0.001 -8"><span class='ocrx_word' id='word_1_455' title='bbox 896 2637 979 2662; x_wconf 86' lang='lat' dir='ltr'>mae</span> <span class='ocrx_word' id='word_1_456' title='bbox 1012 2630 1211 2662; x_wconf 82' lang='lat' dir='ltr'>conducere</span> <span class='ocrx_word' id='word_1_457' title='bbox 1243 2629 1384 2669; x_wconf 79' lang='lat' dir='ltr'>furnos.</span> <span class='ocrx_word' id='word_1_458' title='bbox 1435 2626 1568 2661; x_wconf 82' lang='lat' dir='ltr'>Strabo</span> <span class='ocrx_word' id='word_1_459' title='bbox 1594 2629 1629 2669; x_wconf 87' lang='lat'>5,</span> 
     </span>
     <span class='ocr_line' id='line_1_89' title="bbox 898 2670 1629 2720; baseline -0.003 -11"><span class='ocrx_word' id='word_1_460' title='bbox 898 2678 937 2709; x_wconf 86' lang='lat'>3:</span> <span class='ocrx_word' id='word_1_461' title='bbox 959 2672 1021 2708; x_wconf 70' lang='lat' dir='ltr'>&#39;Eu</span> <span class='ocrx_word' id='word_1_462' title='bbox 1045 2674 1085 2708; x_wconf 78' lang='grc' dir='ltr'>δὲ</span> <span class='ocrx_word' id='word_1_463' title='bbox 1106 2675 1154 2708; x_wconf 83' lang='grc' dir='ltr'>τῶ</span> <span class='ocrx_word' id='word_1_464' title='bbox 1179 2674 1294 2708; x_wconf 69' lang='lat' dir='ltr'>asoto&gt;</span> <span class='ocrx_word' id='word_1_465' title='bbox 1319 2670 1441 2720; x_wconf 82' lang='grc' dir='ltr'><em>τούτῳ</em></span> <span class='ocrx_word' id='word_1_466' title='bbox 1457 2670 1480 2708; x_wconf 86' lang='grc' dir='ltr'>ὁ</span> <span class='ocrx_word' id='word_1_467' title='bbox 1502 2672 1629 2708; x_wconf 72' lang='grc' dir='ltr'><em>Ἀνίων</em></span> 
     </span>
     <span class='ocr_line' id='line_1_90' title="bbox 896 2713 1630 2765; baseline -0.003 -9"><span class='ocrx_word' id='word_1_468' title='bbox 896 2721 1052 2765; x_wconf 78' lang='grc' dir='ltr'><em>διέξεισι</em></span> <span class='ocrx_word' id='word_1_469' title='bbox 1085 2713 1150 2756; x_wconf 70' lang='grc' dir='ltr'>καὶ</span> <span class='ocrx_word' id='word_1_470' title='bbox 1183 2719 1230 2756; x_wconf 79' lang='grc' dir='ltr'>τὰ</span> <span class='ocrx_word' id='word_1_471' title='bbox 1266 2713 1452 2762; x_wconf 66' lang='grc' dir='ltr'><strong><em>Ἄλβουλα</em></strong></span> <span class='ocrx_word' id='word_1_472' title='bbox 1487 2718 1630 2755; x_wconf 80' lang='grc' dir='ltr'><strong><em>καλού-</em></strong></span> 
     </span>
    </p>
   </div>
  </div>
 </body>
</html>
