1786 2912
696 144 791 180 m.
814 143 845 179 1.
894 143 998 179 SAT.
1020 142 1071 178 11.

1585 142 1642 183 25

183 246 260 290 Nil
288 246 448 290 referre
478 245 636 302 putas?
682 243 843 297 Quare,
875 257 931 286 ne
961 243 1181 299 paeniteat
1210 246 1273 295 te,

187 316 350 360 Desine
380 320 594 359 matronas
625 315 847 367 sectarier,
879 313 992 356 unde
1021 313 1181 356 laboris

186 387 292 430 Plus
322 387 494 430 haurire
522 386 625 428 mali
657 389 723 428 est
754 399 882 441 quam
911 398 968 427 ex
996 398 1044 426 re
1074 383 1305 439 decerpere
1335 382 1511 424 fructus.

187 456 279 500 Nec
308 458 444 513 magis
474 457 575 499 huic
603 457 718 498 inter
747 456 895 498 niveos
926 454 1171 510 viridesque
1201 453 1371 510 lapillos
1405 476 1458 482 —

1586 452 1643 493 80

188 527 256 570 Sit
274 528 376 570 licet
394 527 493 581 hoc,
526 527 749 579 Cerinthe,
780 530 903 567 tuum
918 549 974 555 —
990 528 1185 567 tenerum
1206 528 1272 567 est
1293 523 1432 565 femur
1452 526 1527 565 aut
1547 537 1642 563 crus

187 597 383 651 Rectius,
414 602 542 653 atque
572 598 703 639 etiam
731 596 884 639 melius
915 609 1123 652 persaepe
1154 597 1324 650 togatae
1357 596 1436 636 est.

189 668 313 712 Adde
342 669 445 722 huc,
477 668 590 724 quod
621 681 806 710 mercem
836 666 929 708 sine
960 665 1068 708 fucis
1100 669 1260 720 gestat,
1293 668 1441 720 aperte
1489 669 1491 672 ’

190 739 316 787 Quod
346 739 496 782 venale
527 738 657 781 habet
687 737 893 789 ostendit,
925 750 1024 789 nec,
1057 737 1094 778 si
1126 735 1228 792 quid
1259 735 1429 777 honesti
1460 738 1544 787 est,

189 809 325 852 Iactat
354 809 568 865 habetque
598 808 760 864 palam,
793 807 958 864 quaerit
990 821 1074 862 quo
1105 807 1247 862 turpia
1277 806 1400 848 celet.
1588 804 1644 844 85

189 879 383 935 Regibus
412 879 482 921 hic
512 893 604 921 mos
636 882 725 920 est:
756 878 831 920 ubi
863 891 996 933 equos
1026 881 1288 930 mercantur,
1320 879 1491 932 opertos

226 998 284 1030 78.
307 998 442 1030 seclari
473 998 660 1029 matronas
684 995 752 1039 Bp.
791 1013 834 1019 -—
873 997 930 1028 81.
955 995 1007 1028 Sit
1044 995 1123 1027 licet
1158 995 1241 1035 hoc,
1269 994 1457 1034 ceritum,
1496 995 1600 1025 tuum

177 1042 336 1088 BbScdp
362 1046 399 1077 et
422 1043 596 1087 plerique
622 1042 813 1083 Pottierii,
838 1041 935 1075 LCt:
966 1043 1018 1076 Sit
1046 1042 1145 1083 licet,
1170 1050 1191 1074 ο
1218 1041 1403 1081 cer-inme,
1430 1042 1534 1072 tuum
1558 1038 1599 1079 F,

177 1091 231 1125 sie
258 1091 356 1131 licet,
383 1099 404 1123 ο
431 1091 615 1130 cer-imae,
648 1092 711 1122 tuo
737 1099 757 1122 e
783 1088 900 1122 Codd.
925 1088 1122 1122 Bentleius
1149 1090 1186 1122 et
1210 1087 1257 1120 M.
1290 1105 1336 1111 -—
1367 1088 1424 1120 82.
1450 1089 1500 1120 est
1526 1096 1599 1119 om.

178 1136 394 1182 de‚LctF.
420 1136 592 1179 (Addidit
616 1136 811 1170 Bentleius
837 1146 883 1169 ex
908 1134 1121 1169 Blandiniis
1147 1134 1403 1179 Cruquianis.)

132 1242 246 1287 culpa
277 1242 444 1284 labores,
477 1253 524 1276 an
558 1245 711 1286 propter
745 1244 864 1275 exter-

132 1300 219 1324 nam
259 1290 424 1334 aliquam
473 1289 752 1330 necessitatem,
802 1288 863 1322 cui

133 1335 254 1371 obniti
294 1347 371 1370 non
419 1339 546 1381 potes3
595 1335 691 1368 illud
740 1338 864 1369 autem

133 1383 246 1427 longe
286 1383 396 1426 peius
431 1383 626 1427 magisque
664 1382 866 1426 reprehen-

135 1428 333 1463 dendum.“

183 1477 240 1510 80.
266 1478 323 1510 81.
370 1476 415 1508 In
440 1478 569 1509 nostra
601 1474 763 1508 lectione
790 1475 867 1518 pri-

134 1533 236 1557 mum
259 1522 430 1557 absolute
462 1525 657 1566 ponuntur
682 1532 739 1555 vv,
770 1523 867 1555 inter

133 1571 256 1603 niveos
279 1570 484 1610 viridesque
511 1569 675 1611 lapillos,
710 1579 866 1613 prorsus

134 1618 179 1651 ut
202 1616 302 1661 apud
326 1616 407 1649 Liv.
433 1619 474 1657 9,
502 1617 563 1649 1ῖ;
596 1617 867 1655 ᾳιισιη--ἱηιετ

131 1671 340 1706 purpuram
363 1665 472 1704 alque
498 1671 648 1704 aurum,
674 1665 868 1696 oneratum

132 1711 308 1752 fortunae
349 1711 589 1751 apparatibus
628 1718 729 1751 suae,
747 1727 762 1733 -
779 1727 794 1733 -
811 1710 867 1742 in-

135 1759 307 1791 cruentus
331 1758 479 1796 deviem
504 1757 716 1801 iunguntur
743 1759 867 1790 autem

136 1814 195 1837 w.
229 1805 282 1838 su
309 1804 390 1838 licet
416 1804 499 1845 hoc,
526 1804 711 1844 camme,
745 1806 868 1843 tuum,-

138 1849 239 1896 quod
256 1850 323 1894 qui
347 1850 472 1884 adhuc
496 1849 748 1883 defenderunt
764 1850 868 1883 varie

137 1897 375 1941 interpretati
401 1900 500 1931 sunt.
530 1896 756 1930 Lambinus:
784 1896 868 1939 „Li-

138 1946 199 1979 cet
229 1954 332 1978 ames
367 1946 556 1978 matronas
593 1943 801 1978 unionibus
835 1946 872 1977 et

137 1990 293 2036 gemmis
318 1991 551 2024 collucentes
562 1991 592 2032 ;“
631 1991 690 2024 vel
716 2001 871 2024 accura-

137 2038 235 2072 tius:
277 2037 391 2079 „licet
418 2038 512 2071 haec
536 2040 602 2071 tua
626 2037 786 2071 stultitia
811 2038 871 2079 sit,

139 2087 184 2119 ut
205 2094 308 2118 ames
339 2084 473 2118 divites
502 2085 726 2118 matronas.“
778 2084 871 2118 Tor-

139 2131 304 2164 rentius:
340 2130 443 2171 „Hoc
467 2131 536 2164 tibi
560 2131 785 2175 permissum
812 2131 872 2172 sit,

139 2177 212 2211 hoo
227 2177 432 2220 peculiare,
457 2180 502 2218 ut
523 2177 623 2210 inter
641 2188 871 2221 gemmarum

140 2226 255 2268 atque
281 2223 465 2257 unionum
493 2223 660 2268 fulgores
686 2234 771 2256 cum
795 2235 873 2257 ma·

139 2269 261 2311 tronis
310 2269 466 2303 delicias
514 2270 666 2303 facias.“
724 2269 873 2315 Reisig:

143 2318 255 2361 „naa
291 2318 360 2351 das
401 2318 494 2350 auch
534 2318 618 2350 dein
655 2317 876 2351 Geschmack

135 2365 232 2406 sein,
255 2365 322 2397 aas
346 2365 464 2405 αόππε
487 2364 544 2397 ich
568 2364 659 2397 dir.“
694 2363 875 2397 Similiter

142 2409 331 2444 Di‘mtzer:
356 2412 479 2444 Dieses
496 2419 581 2452 maa
606 2410 675 2452 (ich
689 2411 875 2444 uberlasse

145 2466 182 2491 ec
204 2458 277 2500 dir)
302 2459 406 2491 deine
430 2458 545 2491 sache
578 2459 674 2498 sein,
713 2458 875 2490 mimlich

144 2504 203 2542 die
237 2505 406 2545 praemia
445 2505 690 2545 aeschmuckle
719 2505 875 2543 Βσὴόηες

143 2548 320 2584 videlicet
337 2554 379 2584 ut
396 2550 596 2585 Cerinthus
621 2552 732 2584 homo
757 2561 876 2585 vanus

140 2595 282 2639 fuerit,
315 2598 381 2642 qui
415 2597 613 2641 splendido
651 2600 787 2632 ornatu
822 2598 875 2631 la-

144 2643 325 2688 pillisque
354 2645 531 2688 pretiosis
557 2644 640 2688 capi
666 2655 706 2678 se
731 2646 877 2689 patere-

146 2691 218 2723 tur.
248 2690 295 2724 In
319 2702 396 2735 qua
420 2691 670 2735 explicatione
696 2701 799 2725 nuno
816 2701 877 2741 ac·-

913 1241 1158 1286 quiescimus.
1201 1239 1404 1274 Cerinthus
1430 1241 1555 1273 autem
1571 1237 1649 1272 Ho-

913 1288 999 1322 ratii
1024 1288 1126 1322 idem
1150 1287 1270 1321 fuisse
1295 1290 1408 1330 atque
1434 1286 1511 1327 ille,
1538 1285 1650 1318 cuius

913 1345 1060 1369 amores
1086 1334 1290 1368 celebravit
1315 1333 1491 1367 Tibullus
1515 1331 1598 1364 Lib.
1616 1333 1650 1373 2,

915 1384 948 1414 2.
974 1385 1012 1415 et
1035 1381 1118 1414 Lib.
1143 1384 1185 1422 4,
1211 1382 1244 1414 2.
1271 1391 1375 1424 sqq.‚
1412 1390 1488 1413 non
1514 1380 1651 1422 potest.

913 1427 1006 1462 Nam
1023 1428 1273 1461 Horatianum
1296 1426 1471 1460 floruisse
1498 1425 1651 1459 circiter

915 1486 948 1509 a.
975 1486 1012 1508 u.
1037 1485 1069 1508 c.
1094 1476 1174 1508 715.
1200 1484 1356 1508 necesse
1389 1476 1465 1514 est,
1503 1471 1650 1506 Tibulli

916 1522 1137 1555 Cerinthum
1171 1532 1203 1555 a.
1236 1532 1272 1554 u.
1308 1531 1339 1554 c.
1374 1522 1474 1561 730„
1512 1518 1652 1563 quibus

913 1568 996 1602 XV.
1022 1568 1133 1602 annis
1164 1567 1233 1602 flos
1259 1567 1394 1601 aetatis
1427 1567 1559 1610 utique
1594 1566 1651 1599 illi

914 1615 1130 1650 transierat.

964 1687 1020 1719 84.
1047 1687 1103 1719 85.
1154 1683 1252 1726 „Nec
1288 1684 1380 1718 facit
1412 1686 1455 1717 ut
1490 1683 1653 1717 feminae

915 1733 1076 1774 nobiles,
1102 1742 1211 1776 quae,
1237 1732 1268 1765 si
1295 1731 1387 1775 quid
1412 1730 1562 1775 pulchri
1587 1730 1654 1764 ha-

916 1779 1025 1820 bent,
1062 1780 1135 1813 hoc
1174 1781 1384 1818 ostentant,
1422 1778 1532 1811 anxie
1566 1787 1655 1810 con-

917 1829 976 1860 tra
1009 1829 1108 1860 artes
1142 1825 1475 1869 circumspiciunt,
1513 1824 1655 1868 quibus

916 1884 1055 1907 naevos
1103 1873 1434 1916 membrorumque
1480 1870 1680 1905 deformi·.

919 1923 1033 1954 tatem
1059 1920 1283 1954 occultent.“
1334 1919 1528 1952 Particula
1553 1918 1655 1952 enim

919 1976 984 2001 nec
1018 1977 1102 2000 cum
1136 1967 1183 2000 ad
1214 1977 1272 1999 vv.
1315 1968 1438 1999 Iactat
1476 1967 1657 2005 habetque

919 2014 1095 2058 pertinet,
1121 2017 1201 2047 tum
1218 2013 1266 2047 ad
1283 2024 1315 2046 V.
1334 2014 1492 2053 quaem.
1536 2011 1657 2053 „Con-

919 2061 1065 2094 iunctio
1102 2064 1229 2094 autem
1266 2060 1467 2103 utriusque
1506 2061 1657 2092 senten-

920 2108 1022 2141 tiae⁴⁴
1066 2111 1109 2141 ut
1150 2107 1289 2140 Handii
1330 2106 1457 2139 verbis
1506 2108 1656 2138 utamur

921 2154 1029 2188 Turs.
1054 2154 1083 2187 Ι.
1110 2166 1145 2198 p.
1165 2156 1245 2187 350.
1273 2164 1339 2194 „ea
1365 2156 1433 2193 est,
1460 2163 1536 2196 qua
1559 2152 1658 2185 duae

920 2212 982 2234 res
1009 2211 1161 2234 caussae
1187 2200 1247 2234 vel
1279 2199 1439 2233 rationis
1472 2210 1573 2232 nexu
1604 2199 1659 2232 ita

922 2250 1187 2288 cohaerentes,
1222 2250 1265 2280 ut
1296 2247 1336 2279 in
1362 2257 1407 2279 eo
1433 2245 1659 2290 explicando

921 2294 1094 2328 adhiberi
1131 2294 1252 2338 possit
1287 2293 1348 2327 vel
1385 2302 1498 2333 quum
1534 2293 1594 2326 vel
1626 2293 1659 2326 si

923 2341 997 2383 [vel
1029 2341 1151 2383 dum]‚
1189 2351 1311 2385 aequo
1345 2340 1428 2374 loco
1454 2342 1492 2374 et
1515 2339 1560 2372 ἐκ
1585 2349 1659 2372 πα-

923 2384 1114 2433 ραλλήλου
1140 2388 1453 2432 componuntur.“
1487 2406 1533 2411 —
1564 2395 1660 2419 mer-

923 2443 1001 2468 cem
1016 2436 1093 2468 sine
1118 2435 1225 2478 sucis]
1245 2445 1406 2478 „corpus
1423 2434 1556 2467 venale
1575 2434 1658 2467 sine

924 2481 1114 2515 lenocinio
1141 2485 1179 2516 et
1202 2481 1367 2516 externis
1392 2479 1658 2515 ornamentis.“

926 2547 968 2551 —
987 2528 1141 2571 honesti}
1168 2529 1376 2573 „pulchri“‚
1402 2531 1444 2561 ut
1468 2528 1571 2572 Virg.
1591 2525 1658 2560 Ge.

925 2576 958 2615 2,
985 2576 1071 2608 392:
1096 2577 1144 2608 Et
1169 2584 1383 2616 quocunque
1409 2576 1498 2608 deus
1523 2575 1660 2607 circum

925 2624 1035 2663 capul
1062 2623 1134 2663 evit
1160 2623 1357 2656 honestum.

973 2693 1095 2726 86-95.
1127 2691 1300 2734 Reqibus]
1325 2701 1394 2735 pro
1421 2690 1656 2733 „divitibus.“
