1786 2912
153 119 236 160 136

269 218 471 273 Cederet,
503 220 735 262 introrsum
766 221 922 277 turpis,
953 235 1056 263 num
1085 222 1259 266 Laelius
1292 228 1366 267 aut
1397 225 1470 281 qui

654 119 863 154 HORATH
886 120 1172 156 SATOEARUM

1610 226 1666 268 65

266 289 404 332 Duxit
435 290 488 333 ab
521 305 728 347 oppressa
758 292 958 334 meritum
988 292 1254 350 Karthagine
1286 309 1461 349 nomen,

266 360 445 416 Ingenio
478 361 631 404 offensi
661 365 735 404 aut
764 362 883 405 laeso
915 362 1088 406 doluere
1117 364 1291 407 Metello

265 430 549 488 Famosisque
579 433 705 489 Lupo
738 437 939 489 cooperto
970 435 1198 477 versibus?
1227 436 1362 492 Atqui

265 501 482 545 Primores
514 504 663 560 populi
695 505 874 561 arripuit
904 506 1197 562 populumque
1229 507 1442 560 tributim,

267 572 441 616 Scilicet
471 575 548 616 uni
579 589 740 631 aequus
771 577 921 618 virtuti
953 581 1082 632 atque
1113 578 1206 619 eius
1237 578 1399 620 amicis.

1609 579 1664 619 70

266 642 381 692 Quin
411 645 486 687 ubi
517 660 564 688 se
596 660 622 688 a
651 647 777 702 volgo
809 652 852 689 et
883 662 1012 690 scena
1041 648 1087 689 in
1118 652 1282 691 secreta
1311 653 1525 692 remorant

226 770 235 774 -
263 714 412 757 Virtus
445 715 670 773 Scipiadae
703 721 745 760 et
775 719 891 760 mitis
923 719 1136 774 sapientia
1164 718 1306 773 Laeli,

240 863 296 896 65.
323 866 387 896 aut
413 865 476 904 qui
500 863 683 906 bSc,LOt:
710 867 743 898 et
769 866 833 905 qui
857 876 902 899 ex
927 865 1048 900 tribus
1074 865 1190 900 Oodd.
1216 866 1426 909 Bentleius,
1449 866 1528 900 FM.

144 986 376 1020 simillimum
394 987 487 1031 Epp.
516 990 548 1030 1,
569 990 623 1030 16,
647 990 711 1022 45:
738 991 880 1022 Intror-

142 1042 224 1067 sum
258 1036 422 1076 turpem,
457 1037 659 1076 speciosum
689 1037 786 1076 pelle
821 1037 880 1069 de-

143 1089 242 1114 cora.
261 1099 308 1104 ——
331 1082 482 1125 nitidus]
509 1084 743 1123 aleissend.
770 1082 878 1117 Voss.

144 1147 188 1151 —
203 1136 273 1169 per
290 1129 371 1172 ora]
398 1129 537 1163 civium
564 1141 592 1164 s.
616 1130 764 1174 populi;
792 1139 879 1173 „zur

141 1176 297 1209 Schau.“
341 1176 476 1211 Salust.
502 1176 583 1222 Iug.
610 1180 672 1211 31:
708 1178 880 1211 incedunt

137 1231 209 1264 per
246 1231 314 1257 ora
349 1226 471 1258 vestra
507 1226 694 1266 maqnifici
731 1227 801 1258 cet.
834 1244 877 1249 —

144 1270 311 1313 Cederet]
339 1271 462 1305 Plaut.
490 1271 573 1306 Cas.
601 1274 639 1314 2,
666 1274 699 1314 8,
727 1275 792 1306 1οι
834 1273 878 1306 At

143 1319 362 1351 candidatus
397 1320 488 1352 cedit
524 1320 580 1352 hic
613 1321 797 1360 mastigia.
833 1339 876 1343 —

141 1365 311 1408 Laelius]
341 1365 381 1400 O.
406 1365 561 1404 Laelius
589 1365 766 1411 Sapiens,
802 1377 877 1401 cos.

139 1422 173 1446 a.
195 1423 231 1445 u.
252 1422 284 1446 c.
311 1414 391 1446 614.
418 1413 499 1447 Hoc
526 1413 635 1448 dicit:
663 1413 759 1456 „Sed
785 1414 876 1448 satis

140 1469 226 1492 eum
246 1459 372 1504 Scipio
400 1463 437 1494 et
454 1460 608 1495 Laelius
636 1464 725 1495 sunt
750 1461 876 1505 tutati,

141 1507 196 1539 uti
223 1507 315 1540 mihi
342 1518 445 1541 nunc
479 1508 668 1552 praesidio
695 1508 876 1543 adversus

139 1552 293 1597 iniquos
311 1565 414 1588 meos
434 1558 548 1589 erunt
566 1555 704 1590 Caesar
723 1559 759 1589 et
776 1555 875 1590 Mae-

141 1602 290 1634 cenasf‘
319 1621 362 1625 —-
389 1604 452 1642 qui
475 1604 593 1636 Dua-it
627 1602 712 1645 cet]
745 1601 813 1636 Od.
841 1605 873 1645 4,

140 1649 173 1689 8,
195 1650 256 1682 18:
284 1650 347 1689 qui
372 1650 510 1683 domita
527 1658 658 1683 nomen
684 1651 729 1683 ab
746 1651 874 1691 Africa

138 1696 318 1730 Lucratus
343 1698 462 1730 rediit.

187 1744 248 1777 67-
250 1746 305 1778 70.
332 1744 472 1786 offensi]
497 1744 635 1778 omisso
653 1745 767 1779 verbo
787 1744 874 1778 sub·

138 1791 321 1833 stantivo,
356 1793 399 1825 ut
432 1803 464 1824 v.
499 1793 555 1825 74.
589 1792 698 1824 soliti.
726 1811 769 1814 -—
797 1793 874 1825 Me-

139 1838 248 1880 tello]
282 1837 349 1872 Est
381 1838 423 1877 Q.
477 1838 664 1872 Caecilius
698 1838 873 1873 Metellus

137 1883 424 1928 Macedonicus,
463 1896 537 1920 cos.
576 1896 608 1919 a.
643 1897 679 1919 u.
715 1896 745 1919 c.
781 1888 873 1928 611,

139 1931 206 1975 qui
241 1932 286 1966 de
312 1932 634 1977 Pseudophilippo
667 1933 873 1977 triumpha-

137 1978 202 2012 vit.
252 1980 350 2013 Plin.
383 1980 430 2013 H.
456 1980 499 2013 N.
526 1982 565 2022 7,
592 1983 656 2013 44:
694 1982 874 2021 Equidem

138 2028 171 2059 et
207 2027 374 2081 Africani
410 2029 590 2068 sequentis
633 2028 758 2070 (hune
795 2027 873 2061 Me-

137 2073 270 2107 tellum
304 2075 428 2108 virum
465 2076 659 2119 ceteroqui
697 2075 873 2109 felicissi-

137 2122 262 2163 mum)
296 2123 483 2155 inimicum
515 2124 626 2164 fuisse
651 2124 747 2155 inter
773 2123 873 2156 cata-

136 2169 280 2202 mitates
306 2171 495 2212 dua-erim,
528 2171 607 2211 ipso
638 2172 725 2203 teste
750 2171 873 2205 Mace-

137 2215 277 2249 donico.
343 2218 528 2257 Siquidem
586 2218 706 2250 liberis
756 2218 874 2251 dimit.-

137 2264 194 2295 Ite
219 2264 296 2305 filii,
324 2265 503 2298 celebrate
532 2266 745 2305 exsequia&
779 2273 872 2297 nun-

137 2317 248 2349 quam
286 2313 371 2343 civis
405 2313 557 2344 maioris
590 2313 702 2353 sunus
738 2312 872 2345 videbi-

136 2357 191 2389 tis.
212 2376 254 2380 ——
273 2358 388 2400 Lupo]
414 2358 627 2394 Mordacem
654 2359 694 2391 in
713 2359 755 2392 L.
783 2358 872 2392 Cor-

135 2403 279 2437 nelium
304 2404 506 2438 Lentulum
532 2406 701 2450 Lupum,
735 2416 810 2440 cos.
836 2417 868 2439 a.

135 2460 172 2484 u.
199 2461 230 2484 c.
257 2453 356 2493 598„
391 2452 529 2486 Lucilii
556 2453 680 2486 iocum
707 2453 871 2487 servavit

136 2496 268 2533 Cicero
295 2499 340 2532 de
366 2499 409 2532 N.
436 2499 481 2532 D.
511 2503 541 2540 1,
569 2502 624 2542 23,
652 2503 716 2534 63:
752 2502 870 2534 Tubu-

137 2545 193 2578 lus
224 2547 255 2578 si
286 2547 418 2579 Lucius
455 2556 637 2588 unquam,
676 2549 714 2581 Si
746 2549 869 2589 Lupus

135 2595 200 2625 aut
240 2594 375 2636 Carbo,
417 2595 579 2635 Neptuni
615 2596 870 2637 fitius,--pu-

135 2640 244 2673 lasset
272 2650 345 2674 esse
370 2642 473 2683 deos,
506 2644 582 2674 tam
604 2643 777 2683 periurus
803 2644 868 2675 aut

134 2688 210 2719 tam
233 2689 399 2729 impurus
424 2690 575 2730 suisset?
594 2707 636 2712 —
656 2690 868 2722 Famosis--

928 990 1105 1033 versibus]
1133 990 1476 1031 „contumeliosis.“
1509 989 1602 1035 Epp.
1632 993 1662 1033 1,

931 1038 986 1078 19,
1025 1038 1089 1070 31:
1126 1039 1267 1079 famoso
1305 1038 1477 1071 carmine.
1504 1056 1547 1061 -—
1581 1046 1662 1071 coo-

925 1084 1053 1127 perto]
1080 1087 1269 1128 tamquam
1294 1085 1484 1129 lapidibus
1509 1085 1550 1118 in
1577 1095 1663 1118 eum

927 1130 1047 1164 iactis.
1099 1131 1236 1166 Salust.
1263 1131 1372 1166 Catil.
1407 1133 1471 1166 23:
1514 1133 1662 1174 flaqitiis

928 1180 1038 1218 atque
1063 1179 1290 1219 facinoribus
1317 1181 1517 1221 coopertus.
1540 1198 1581 1203 -
1598 1180 1661 1212 At-

929 1226 992 1265 qui
1017 1225 1102 1268 cet]
1139 1225 1208 1268 „Et
1239 1229 1383 1268 tamen,
1418 1226 1490 1260 etsi
1524 1226 1660 1261 acerbe

927 1271 1135 1306 insectatus
1174 1275 1255 1307 erat
1294 1283 1472 1318 proceres
1514 1273 1661 1318 aliquot

928 1319 1101 1362 civitatis,
1126 1323 1250 1354 tamen
1267 1321 1523 1365 potentiorum
1549 1321 1661 1354 etiam

926 1367 1134 1400 amicorum
1170 1367 1296 1402 favore
1333 1370 1526 1412 protectus
1564 1367 1662 1401 nihil

926 1414 1015 1447 mali
1039 1418 1174 1458 passus
1201 1415 1290 1449 est!
1311 1434 1354 1438 —
1374 1415 1564 1469 arripuit]
1578 1426 1662 1460 „ag-

925 1472 1079 1506 gressus
1106 1464 1173 1503 est,
1198 1462 1238 1495 in
1265 1473 1329 1496 eos
1348 1461 1528 1497 acerrime
1553 1462 1658 1496 inve-

925 1510 1042 1542 ctusf‘
1084 1529 1127 1532 —
1165 1487 1354 1552 tributim]
1399 1520 1487 1554 „per
1529 1519 1660 1544 omnes

923 1554 1078 1590 XXXV.
1104 1556 1244 1599 tribus,
1269 1557 1377 1590 nullo
1402 1557 1501 1591 facto
1527 1556 1661 1590 discri-

923 1603 1059 1645 mine“,
1098 1604 1207 1647 quasi
1240 1603 1413 1638 dixisset:
1454 1604 1659 1648 „populum

923 1651 1136 1683 cunctum.“
1187 1650 1295 1684 Pers.
1335 1653 1374 1693 1,
1415 1653 1504 1684 114:
1541 1652 1660 1684 secuit

923 1697 1084 1730 Lucilius
1126 1699 1264 1731 urbem.
1304 1716 1347 1721 —
1386 1697 1540 1740 aequus]
1584 1697 1659 1740 „fa-

923 1746 1050 1777 vens.“
1103 1744 1163 1778 Sic
1189 1744 1257 1778 od.
1284 1747 1324 1787 3,
1357 1747 1421 1787 18,
1446 1747 1480 1778 4.
1505 1745 1659 1779 Faunus

922 1791 1139 1834 invocatur,
1165 1794 1208 1826 ut
1233 1791 1343 1826 abeat
1364 1793 1491 1834 parvis
1515 1794 1659 1833 Aequus

924 1839 1095 1872 alumnis.

971 1887 1091 1919 71-·74.
1117 1895 1141 1919 a
1166 1887 1273 1928 volqo
1301 1889 1334 1920 et
1357 1886 1485 1929 scena]
1514 1897 1558 1928 „a
1583 1886 1660 1921 vita

922 1933 1095 1987 publica,
1136 1933 1223 1975 ubi,
1266 1933 1375 1978 quasi
1416 1934 1456 1966 in
1498 1933 1656 1976 theatro,

921 1981 962 2013 in
988 1981 1155 2014 omnium
1181 1980 1319 2013 civium
1343 1982 1551 2024 conspectu
1575 1991 1658 2014 ver-

923 2027 1138 2061 sabantur.“
1189 2027 1412 2061 Pseudocic.
1461 2027 1510 2061 ad
1550 2027 1656 2061 Brut.

922 2074 991 2118 Ep.
1020 2077 1059 2117 1,
1085 2078 1125 2116 9,
1152 2076 1192 2108 2:
1235 2075 1300 2107 tibi
1332 2082 1429 2108 nunc
1457 2075 1596 2116 populo
1623 2076 1657 2108 et

920 2131 1068 2164 scenae,
1095 2124 1134 2155 ut
1159 2122 1312 2164 dicitur,
1336 2122 1568 2155 serviendum
1593 2124 1656 2155 est.

923 2171 1024 2202 —in
1047 2169 1202 2212 secreta]
1231 2170 1353 2211 „intra
1378 2179 1466 2202 suos
1490 2168 1655 2213 parietes

922 2219 959 2250 et
983 2217 1022 2250 in
1048 2226 1224 2250 amoenos
1247 2216 1424 2250 villarum
1450 2216 1654 2250 secessus.“

922 2264 1010 2298 Tac.
1043 2263 1142 2297 Ann.
1180 2265 1242 2305 14,
1277 2265 1345 2296 53:
1386 2264 1571 2304 Auouslus
1603 2263 1654 2297 M.

920 2312 1109 2352 Aqrippae
1141 2311 1381 2351 Mytilenense
1412 2311 1591 2343 secretum
1607 2325 1623 2333 ·-
1639 2326 1655 2333 -

918 2359 1094 2400 permisit.
1114 2377 1157 2381 —
1180 2358 1298 2390 Virtus
1315 2356 1521 2399 Scipiadae]
1548 2355 1653 2390 Conf.

920 2405 989 2439 Od.
1016 2408 1057 2448 3,
1083 2407 1147 2447 21,
1180 2406 1221 2437 11
1250 2415 1304 2448 sq.
1355 2403 1430 2437 Sat.
1467 2406 1505 2446 1,
1531 2405 1572 2445 2,
1598 2405 1654 2437 32.

920 2456 956 2486 et
989 2463 1104 2496 supra
1136 2463 1168 2485 v.
1206 2453 1260 2485 17.
1288 2470 1331 2474 —
1359 2450 1478 2493 mitis]
1511 2450 1656 2484 Seneca

918 2500 986 2544 Ep.
1015 2502 1075 2533 11:
1106 2500 1212 2540 Etiqe
1239 2500 1428 2532 Catonem.-
1451 2499 1483 2531 si
1507 2499 1564 2530 hic
1590 2498 1654 2530 tibi

917 2549 1064 2581 videtur
1088 2548 1193 2579 nimis
1219 2547 1377 2587 rigidus,
1412 2546 1504 2586 eliae
1528 2545 1654 2577 remis-

917 2596 1023 2627 sioris
1062 2595 1177 2627 animi
1213 2594 1354 2634 virum,
1391 2593 1568 2625 Laelium.
1608 2609 1651 2614 —

916 2640 1123 2684 sapientia]
1155 2640 1325 2684 Populus
1358 2649 1435 2672 uno
1462 2647 1650 2673 consensu

919 2688 1107 2733 Sapientis
1122 2688 1157 2722 ei
1171 2697 1379 2732 cognomen
1393 2685 1591 2720 tribuerat.
1607 2703 1651 2708 —
