1774 2930
611 168 705 203 hm.
727 168 760 202 1.
808 165 959 202 EPIS'I'.
982 165 1030 200 X.

1489 164 1574 206 323

178 271 358 314 Multum
387 269 637 322 dissimiles,
670 272 714 311 at
743 272 887 311 cetera
916 279 1055 323 paene
1085 265 1259 323 gemelli

178 341 398 384 Frater-nis
428 340 581 383 animis
613 338 820 395 quidquid
849 342 979 394 negat
1003 338 1118 380 alter
1146 341 1191 380 et
1220 336 1329 380 alter

179 412 421 454 Annuimus
451 411 613 468 pariter
642 409 775 452 vetuli
806 409 981 464 notique
1012 407 1211 450 columbi.
1550 407 1575 447 5

182 483 251 524 Tu
280 482 428 524 nidum
458 494 629 534 servas3
661 494 742 536 ego
771 478 899 522 laudo
929 479 1040 520 ruris
1070 478 1239 521 amoeni

180 553 314 596 Rivos
345 557 388 595 et
418 565 565 594 musco
597 550 834 593 circumlita
862 563 970 592 saxa
998 562 1249 605 nemusque.

181 623 294 672 Quid
323 622 525 680 quaeris?
554 621 666 663 Vivo
697 626 742 663 et
770 634 925 676 regno,
957 620 1085 661 simul
1116 619 1201 661 ista
1228 618 1403 674 reliqui,

182 694 303 742 Quae
331 707 409 736 vos
439 692 493 735 ad
524 692 689 735 caelum
718 690 841 734 fertis
871 703 1040 733 rumore
1073 688 1278 742 secundo,

159 827 232 862 ΕΡ.
263 827 310 862 X..
335 830 368 862 3.
394 827 456 870 al]
487 829 537 861 ad
559 826 677 868 hSod,
708 825 881 860 Poffierii
915 836 1044 859 omnes
1078 829 1116 859 et
1139 824 1229 858 LtF.
1255 823 1298 848 ’—
1326 825 1360 857 9.
1395 824 1528 864 effertis

113 875 201 910 eod.
227 875 360 910 Bland.
384 874 583 919 antiquiss.
609 876 647 907 et
669 873 751 906 Div.
778 872 955 917 Cruquii,
985 872 1104 914 bScd,
1130 883 1196 906 sex
1221 871 1415 911 Pottierii,
1439 869 1528 903 Lct.

68 990 108 1029 l,
136 989 198 1029 10,
224 989 303 1020 120.
330 1005 374 1010 -
399 987 559 1020 nauum
582 983 794 1026 dissimiles]

66 1033 152 1068 vid.
185 1033 233 1068 ad
258 1033 333 1067 Sat.
370 1036 409 1075 1,
443 1035 484 1073 3,
511 1034 566 1066 57.
617 1031 691 1065 Cfr.
718 1030 793 1064 Sat.

66 1082 99 1123 2,
123 1083 159 1123 s,
181 1082 271 1114 313:
295 1082 440 1114 tantum
455 1080 674 1112 dissimilem.
694 1097 737 1102 —
755 1080 794 1110 αι

62 1127 205 1170 celera]
230 1126 294 1161 sio
319 1126 409 1161 eod.
434 1126 567 1160 Bland.
593 1124 793 1170 antiquiss.

66 1178 104 1209 et
126 1174 206 1214 alii,
229 1177 272 1208 ut
288 1172 395 1219 Virg.
419 1173 512 1207 Aen.
531 1175 564 1215 3,
590 1175 678 1205 594:
706 1173 795 1205 con-

63 1224 203 1255 seram
234 1223 403 1262 leuamen
431 1222 564 1262 spinis,
602 1222 642 1253 at
675 1222 796 1252 celera

65 1269 222 1309 Graius,
261 1267 327 1302 ubi
369 1271 412 1300 ut
451 1268 487 1300 h.
526 1268 551 1300 1.
593 1270 678 1310 apte
720 1265 794 1299 duo

67 1315 232 1349 membra
275 1314 395 1359 magis
436 1313 511 1347 sibi
552 1316 795 1358 opponuntur

68 1371 181 1405 qnam
206 1361 247 1394 in
271 1361 392 1394 altera
408 1360 570 1394 lectione
595 1362 645 1393 aa
662 1363 795 1400 cetera,

68 1418 166 1452 quae
189 1418 258 1452 per
282 1418 322 1441 se
356 1410 521 1451 spectata
545 1417 666 1450 aeque
691 1408 797 1440 recta

67 1457 136 1488 est.
161 1453 241 1488 Liv.
266 1456 330 1496 37,
363 1455 404 1487 7:
440 1456 561 1487 virum
593 1455 642 1486 aa
674 1456 798 1486 celera

68 1502 264 1542 eareaium.
289 1500 392 1534 Idem
410 1502 443 1542 4,
467 1502 533 1534 26:
557 1501 606 1533 ad
630 1501 710 1533 alia
726 1501 798 1533 dis-

67 1550 204 1581 cordes.
251 1547 376 1589 Adde,
410 1547 510 1591 quod
535 1547 714 1581 Horatius
739 1546 798 1581 bis

66 1597 265 1639 praeterea
305 1595 589 1629 constructione
630 1605 653 1628 a
688 1594 798 1628 nobis

66 1641 236 1686 praelata
261 1642 392 1684 utitur,
417 1641 530 1675 huius
547 1640 665 1685 Epist.
689 1652 721 1674 v.
740 1642 797 1674 50.

11 1729 14 1732 ⁴
66 1691 105 1723 et
136 1687 205 1722 od.
237 1691 280 1731 4,
316 1690 358 1731 2,
390 1690 446 1722 60.
495 1688 539 1721 In
577 1699 682 1732 seqq.
718 1690 793 1721 tam

64 1738 146 1770 arte
164 1735 369 1770 cohaerent
385 1735 608 1777 sententiae,
624 1735 695 1768 hac
711 1735 795 1779 ipsa

65 1782 300 1817 connexione
333 1793 410 1817 non
444 1782 527 1816 sine
552 1785 632 1816 arte
658 1782 795 1815 frater-

66 1839 158 1863 num
174 1840 339 1863 amorem
356 1829 620 1874 exprimentes,
645 1833 687 1862 ut
702 1828 793 1862 Mei-

67 1875 221 1910 nekium
239 1879 389 1911 secutus
412 1876 559 1910 nullam
584 1875 795 1910 distinctio-

68 1933 154 1957 nem
189 1924 393 1968 posuerim.
431 1942 474 1947 —
513 1922 681 1966 aemelli]
721 1923 795 1957 Cfr.

71 1968 147 2003 Sat.
172 1971 205 2011 2,
231 1972 265 2012 3,
289 1971 371 2003 244.

116 2018 193 2050 4-9.
219 2018 252 2049 el
268 2015 380 2058 aller]
406 2015 541 2058 „etiam
557 2016 653 2050 alter
671 2019 796 2060 negat,

69 2062 288 2106 pariterque
313 2062 443 2096 eadem
467 2063 703 2106 probamus.“
732 2062 797 2096 Sa-

0 2122 1 2135 1
70 2107 159 2142 lust.
200 2107 309 2142 Catil.
340 2110 405 2142 2οε
438 2110 541 2142 Idem
573 2110 664 2142 velle
690 2112 798 2149 atque

14 2169 27 2182 .
69 2155 165 2188 iam
189 2155 305 2197 nolle,
338 2164 382 2188 ea
406 2155 549 2188 demum
577 2156 683 2196 firma
708 2156 800 2188 ami—

71 2202 159 2235 cuia
184 2204 246 2235 ecl.
265 2221 307 2226 —
330 2201 545 2245 Annaeum]
571 2204 690 2243 „nutu
713 2212 799 2245 pro·

69 2247 244 2291 δώως’
278 2248 344 2282 sed
377 2248 490 2282 simul
518 2248 635 2282 refert
659 2248 800 2282 colum-

69 2294 140 2329 bos
162 2295 267 2340 ipsos
290 2298 413 2330 rostra
436 2295 688 2330 amantissime
712 2306 800 2329 con·

70 2346 262 2385 serentes,
290 2341 412 2387 ·quod
460 2343 663 2376 columbari
708 2342 801 2376 dicit

69 2387 267 2423 Maecenas
302 2388 343 2422 in
381 2389 478 2423 libro
514 2390 558 2422 de
593 2391 699 2423 Cultu
734 2398 800 2422 suo

69 2435 172 2480 apud
205 2435 384 2470 Senecam
408 2435 502 2480 Epp.
530 2439 616 2478 114,
642 2438 675 2470 5.
723 2435 800 2470 Ma·

70 2481 148 2516 tius
171 2482 272 2527 apud
297 2482 393 2517 Gell.
418 2485 480 2525 20,
505 2485 544 2516 9;
571 2484 800 2517 Columbula-

71 2529 139 2562 εἰη
168 2529 277 2563 labra
307 2538 496 2563 conserens
523 2531 646 2563 labi-is.
672 2549 718 2554 —
742 2539 801 2564 ve-

72 2575 158 2618 tau]
181 2575 232 2610 Ut
253 2587 447 2621 persaepe,
473 2577 528 2611 sic
552 2577 624 2611 hoc
648 2587 799 2622 quoque

73 2619 157 2656 loco
181 2623 468 2667 comparationis
484 2623 690 2668 particulas
707 2624 799 2657 omi-

73 2667 138 2702 nit.
183 2667 259 2704 cfr.
281 2670 399 2714 Epod.
428 2673 466 2712 l,
499 2672 556 2704 34.
580 2689 628 2695 —-
651 2671 799 2714 Mum]

73 2711 114 2747 id
130 2716 199 2756 est,
215 2715 467 2757 „domicilium
484 2717 671 2752 urbanum
681 2719 713 2761 ς’*
732 2718 798 2752 sed

843 987 986 1028 gratam
1004 983 1264 1018 columborum
1278 981 1480 1026 imaginem
1498 991 1576 1015 ser-

844 1031 953 1064 vavit.
981 1049 1023 1054 -
1050 1029 1277 1072 circumlita]
1306 1028 1576 1070 „circumdata

844 1077 1047 1118 obducta“,
1085 1080 1128 1111 ut
1165 1076 1270 1122 Virg.
1308 1075 1389 1109 Ecl.
1426 1077 1469 1116 6,
1506 1077 1576 1108 62;

843 1125 1157 1158 Phaethontiadas
1201 1131 1324 1156 musco
1373 1123 1575 1156 circumdat

844 1181 999 1205 amarae
1024 1173 1183 1205 corticis.
1203 1189 1245 1194 —
1266 1171 1362 1212 Quid
1387 1169 1576 1212 quaer-in]

843 1219 1005 1252 formula
1030 1218 1215 1252 sermonis
1240 1217 1450 1265 quotidiani
1476 1216 1576 1250 haud

843 1266 1066 1310 infrequens
1091 1265 1203 1298 etiam
1229 1263 1329 1308 apud
1356 1263 1576 1297 Ciceronem

845 1312 906 1354 (ad
932 1313 1007 1346 Att.
1025 1315 1058 1354 2,
1083 1314 1115 1353 1,
1141 1312 1203 1353 2.),
1229 1321 1325 1355 quae
1350 1311 1501 1355 proprie
1526 1310 1577 1344 si-

845 1359 1012 1404 gnificat:
1043 1369 1141 1401 „non
1168 1368 1262 1402 opus
1288 1360 1356 1397 est,
1381 1360 1423 1391 ut
1448 1368 1495 1391 ex
1517 1367 1576 1391 me

846 1416 1026 1450 quaera83
1051 1406 1152 1439 ultro
1178 1404 1246 1438 tibi
1265 1405 1391 1438 omnia
1416 1404 1575 1438 dicam.“

846 1453 998 1487 Eodem·
1009 1453 1120 1486 modo
1138 1452 1335 1486 dicebant:
1360 1452 1448 1485 Noli
1462 1460 1575 1492 quae·

845 1509 947 1542 νοτες
972 1509 1043 1533 nec
1065 1509 1293 1544 magnopere
1310 1498 1454 1532 differt:
1482 1499 1578 1540 Quid

846 1548 989 1580 multa?
1008 1566 1051 1570 -
1073 1548 1159 1579 Vivo
1177 1549 1210 1579 et
1226 1546 1355 1589 reqno]
1375 1545 1474 1587 „vita
1490 1556 1578 1579 vere

846 1594 951 1627 vitali
985 1594 1091 1627 fruor
1124 1596 1162 1627 et
1193 1603 1261 1626 rex
1291 1593 1383 1626 mihi
1417 1603 1499 1626 esse
1524 1593 1578 1626 vi-

846 1640 973 1675 deor.“
1023 1640 1084 1674 Sic
1116 1636 1346 1680 βασιλεύειν.
1387 1639 1577 1673 Plutarch.

842 1688 889 1721 de
922 1689 1005 1723 virt.
1039 1691 1076 1721 et
1108 1688 1172 1721 vit.
1207 1690 1249 1720 4:
1290 1683 1502 1733 τρυφήσεις
1536 1686 1578 1719 ἐν

843 1736 954 1778 πενίᾳ
988 1736 1056 1767 καὶ
1091 1730 1345 1775 βασιλεύσεις.
1371 1753 1414 1757 —-
1448 1733 1576 1776 [erlis]

843 1781 1020 1821 Quamvis
1046 1781 1174 1816 Codex
1196 1781 1330 1814 Bland.
1355 1780 1577 1825 antiquissi-

842 1840 946 1869 mus,
978 1832 1055 1863 tres
1081 1829 1154 1862 mei
1180 1829 1269 1862 item
1303 1827 1573 1872 antiquissimi,

845 1887 911 1910 sex
934 1876 1106 1910 Pottierii
1139 1875 1303 1909 habeant
1335 1876 1488 1916 effertis,
1522 1876 1578 1907 ni-

844 1923 1051 1956 hilominus
1087 1923 1275 1968 glossema
1307 1922 1380 1955 hoc
1413 1921 1574 1955 videtur.

846 1969 981 2004 Salust.
1025 1969 1135 2003 Catil.
1162 1972 1224 2004 53:
1257 1971 1430 2002 virtulem
1463 1970 1580 2001 unioni

845 2018 894 2050 ad
918 2018 1062 2050 caelum
1086 2018 1221 2058 serunt.
1263 2016 1499 2060 Quamquam
1524 2015 1577 2049 al-

846 2067 970 2096 terum
995 2073 1116 2107 aeque
1147 2066 1291 2096 rectum
1318 2066 1386 2096 est.
1427 2062 1506 2096 Cic.
1531 2062 1578 2095 ad

846 2109 946 2142 Fam.
970 2112 1003 2150 9,
1031 2112 1086 2151 14,
1114 2112 1152 2142 1:
1178 2113 1212 2142 te
1235 2111 1383 2142 summis
1410 2110 1579 2142 laudibus

848 2157 897 2188 aa
928 2157 1071 2189 caelum
1104 2157 1327 2189 extulerunt.
1351 2174 1400 2179 ——
1430 2164 1579 2188 rumore

846 2202 1023 2244 secundo]
1059 2202 1209 2243 „Simul
1242 2205 1356 2246 atque
1390 2213 1491 2236 unus
1516 2213 1579 2236 ve-

848 2252 986 2291 strum,
1028 2249 1093 2294 qui
1134 2250 1248 2283 huius
1289 2249 1499 2283 sententiae
1541 2253 1579 2283 et

849 2296 1039 2340 opinionis
1074 2296 1278 2340 participes
1316 2296 1427 2338 estis,
1464 2296 1578 2330 Urbis

848 2343 962 2377 vitam
991 2343 1138 2385 laudat,
1171 2347 1383 2377 ceterorum
1409 2343 1576 2377 omnium

848 2391 1005 2434 plausus
1029 2393 1068 2424 et
1093 2391 1276 2424 clamores
1302 2391 1458 2424 movetf
1493 2390 1574 2424 Hoc

849 2437 949 2470 enim
964 2437 1065 2471 inest
1080 2438 1120 2471 in
1138 2438 1296 2481 antiqua
1311 2437 1489 2471 formula:
1512 2446 1577 2479 po-

845 2485 927 2525 puli
949 2492 1097 2517 rmore
1118 2486 1287 2526 secundo,
1312 2495 1388 2528 qua
1411 2484 1471 2518 usi
1491 2487 1579 2518 sunt

847 2530 995 2565 Ennius
1021 2533 1060 2565 et
1074 2531 1290 2566 Fenestella
1311 2531 1411 2575 apud
1427 2531 1523 2564 Non.
1541 2542 1577 2574 p.

849 2579 929 2611 385.
977 2577 1139 2612 Suevius
1175 2578 1276 2622 apud
1313 2578 1476 2611 Macrob.
1514 2577 1578 2610 Sa-

848 2627 949 2658 turn.
974 2626 1016 2665 6,
1044 2628 1082 2658 1:
1113 2626 1354 2667 referantque
1377 2626 1491 2666 petila
1515 2632 1580 2656 ra-

847 2679 948 2705 more
963 2671 1132 2705 secundo.
1157 2671 1290 2706 Cicero
1309 2671 1421 2704 Tusc.
1439 2672 1472 2712 2,
1492 2673 1523 2712 1,
1540 2673 1579 2703 4:

846 2720 1003 2752 secando
1017 2719 1164 2760 populo.
1188 2718 1295 2752 Idem
1319 2717 1366 2751 de
1391 2717 1474 2762 lege
1499 2728 1579 2763 agr.
