1774 2930
630 163 722 197 LIB.
746 162 776 196 Ι.
824 160 976 196 ΕΡῙΒΤ.
999 159 1101 194 XIX.
1220 170 1234 194 1

1534 160 1614 201 391

234 265 359 319 Quid,
392 265 429 307 si
460 265 555 321 quis
586 264 704 306 voltu
733 268 854 305 torvo
884 262 998 304 ferus
1030 265 1073 304 et
1102 259 1211 317 pede
1239 260 1355 303 nudo

233 335 514 392 Exiguaeque
545 339 671 391 togae
703 334 873 376 simulet
901 336 1068 375 textore
1100 331 1324 384 Catonem,

233 406 504 450 Virtutemne
533 408 826 462 repraesentet
855 417 1079 459 moresque
1111 401 1318 445 Catonis?

234 477 368 534 Rupit
398 477 599 519 Iarbitam
632 475 879 531 Timagenis
911 474 1078 517 aemula
1107 473 1267 529 lingua,

1570 472 1621 513 15

234 547 349 590 Dum
380 547 522 590 studet
552 547 740 589 urbanus
771 545 991 601 tenditque
1023 544 1206 587 disertus
1238 544 1400 586 haberi.

234 618 405 674 Decipit
436 618 655 674 exemplar
684 617 800 658 vitiis
831 615 1060 668 imitabile3
1094 614 1244 671 quodsi

233 688 446 731 Pallerem
477 703 599 741 casu,
630 688 825 730 biberent
856 700 1072 741 exsangue
1104 686 1328 727 cuminum.

117 829 161 851 εκ
197 817 347 851 παιδίου
386 818 430 863 τῇ
468 828 506 851 τε
543 817 655 860 φωνῇ
692 818 756 849 καὶ
794 815 844 861 τῷ

118 861 319 920 προσώ
310 875 378 911 τῳ
403 885 422 890 -
446 884 466 889 -
490 857 588 908 ἦθος
617 862 846 904 ὑποφαίνειν

117 907 301 968 ἄτρεπτον
325 913 391 944 καὶ
414 909 561 952 ἀπαθὲς
590 913 654 944 καὶ
686 909 847 950 βέβαιον

120 959 158 992 ἐν
183 959 309 992 πᾶσιν.
329 978 370 982 —-
387 960 478 1000 pede
502 958 613 1001 nudo]
638 957 738 991 Plut.
755 957 845 991 ibid.

121 1009 167 1040 G:
207 1002 398 1064 Πολλάκις
436 1004 466 1037 δ’
503 1002 742 1048 ἀνυπόδητος
781 1005 845 1037 καὶ

120 1050 260 1109 ἀχίτων
305 1054 359 1094 εἰς
398 1050 442 1086 τὸ
482 1049 671 1095 δηιιόσιον
712 1048 847 1098 προῄει

117 1098 197 1142 μετ’
221 1095 390 1147 ἄριστον.
409 1118 451 1123 —
471 1099 623 1142 textore]
656 1100 847 1133 vermit-

119 1146 230 1180 telst
259 1147 336 1180 des
365 1146 564 1189 Webers‚
595 1147 674 1179 mit
700 1146 847 1186 ΗᾱιῙε

118 1194 364 1236 desselben3
396 1203 504 1236 „cum
531 1196 651 1227 textor
678 1193 846 1238 exiguam

119 1242 240 1285 togam
265 1241 487 1283 confecerit3
519 1240 559 1274 in
592 1240 699 1274 cuius
732 1240 848 1284 igitur

121 1286 262 1331 opificis
287 1290 471 1331 potestate
496 1288 607 1321 situm
630 1290 697 1329 est,
722 1289 848 1320 utrum

121 1336 162 1366 tu
193 1334 287 1367 alter
314 1333 403 1368 Cato
437 1334 597 1368 videaris
633 1333 849 1367 hominibus

122 1389 252 1414 necne.
269 1381 286 1398 ‘⁴
343 1381 541 1415 Ablativus
583 1381 849 1414 instrumenta-

121 1426 168 1460 lis
191 1437 374 1471 personae
398 1438 513 1472 prope
550 1431 593 1461 ut
637 1428 730 1472 Epp.
760 1430 790 1468 1,
820 1430 850 1469 1,

123 1475 187 1507 94:
212 1476 354 1508 tonsore
379 1477 545 1516 curatus,
570 1475 645 1517 nisi
672 1474 771 1518 quod
796 1474 850 1508 ibi

122 1521 360 1565 participium
385 1521 612 1566 adiungitur,
642 1524 684 1554 ut
709 1521 740 1555 si
764 1521 800 1554 11.
826 1521 850 1554 l.

123 1566 296 1601 dixisset:
316 1571 454 1602 temtore
470 1570 628 1602 vestitus.
643 1587 685 1592 -
703 1577 851 1610 reprae-

122 1615 292 1658 sentetJ„
301 1615 349 1649 ad
373 1615 499 1649 vivum
524 1615 715 1660 exprimat.
721 1619 737 1632 ⁹*
783 1617 852 1648 Re-

118 1664 356 1702 praesentare
389 1662 487 1696 enim
523 1666 579 1696 est
614 1673 720 1704 „rem
756 1657 851 1706 quae

121 1706 229 1742 abest
251 1711 485 1761 praesentem
518 1710 779 1743 constituere.“
807 1729 850 1733 —

120 1754 235 1789 PoEta
271 1752 459 1801 significat
495 1756 682 1799 homines,
721 1756 851 1800 quales

122 1801 211 1836 olim
242 1801 398 1836 fuerunt
429 1802 651 1838 Laconistae
680 1804 851 1846 Athenis,

122 1849 188 1894 qui
221 1846 503 1892 ἐλακωμάνουν,
537 1851 704 1889 ἐπείνων
742 1847 853 1905 ἑῤῥύ-

123 1906 213 1934 πων,
251 1893 504 1944 ἐσωκράτουν
543 1894 711 1931 σκυτάλι’
755 1894 852 1939 ἐφό-

123 1953 214 1990 ρουν
256 1942 467 1988 (Aristoph.
504 1944 570 1978 Av.
611 1947 696 1978 1281
742 1946 852 1989 sqq.)

122 1989 394 2042 posterioribus
441 1992 672 2036 temporibus
713 1992 853 2036 Neocy·

126 2035 211 2068 nici.

173 2106 227 2138 15.
267 2108 321 2139 16.
369 2108 481 2148 Rupit
514 2107 598 2150 eet]
640 2108 852 2142 Construe:

127 2150 298 2196 „Lingua
320 2152 481 2187 Iarbitae
512 2154 659 2188 aemula
684 2155 852 2199 Timage-

125 2198 185 2232 nis
221 2199 322 2243 rupit
356 2199 551 2242 Iarbitam,
595 2201 683 2234 dum
721 2202 853 2235 stolide

125 2244 251 2279 studet
286 2245 326 2279 in
359 2246 589 2280 deelamandi
623 2250 702 2282 arte
735 2259 853 2292 aeque

125 2291 287 2326 disertus
312 2294 557 2338 urbanusque
574 2294 718 2337 haberi,
743 2298 854 2339 atque

125 2338 252 2373 rhetor
285 2339 389 2374 ille.“
438 2341 496 2374 Ad
529 2352 562 2374 v.
587 2349 756 2383 rumpere
789 2342 854 2376 cfr.

126 2383 199 2419 Sat.
230 2388 318 2429 1,3‚
347 2390 424 2421 136.
451 2407 494 2411 -
520 2389 785 2431 Timaqenisl„
791 2389 855 2422 Ti-

122 2442 309 2515 magnes,
319 2434 482 2515 rhetort
486 2434 796 2516 111011111.ξ1(11·1111111,ίς
810 2436 856 2470 ab

227 2491 248 2514 a
275 2480 354 2515 mio
388 2491 455 2526 cap
473 2493 555 2516 ivus
623 2493 743 2516 omam
798 2493 855 2516 ra·

123 2525 257 2561 ductus
282 2531 320 2561 et
343 2539 365 2562 a
381 2528 519 2563 Fausto
538 2529 663 2563 Sullae
690 2529 768 2563 filio
795 2540 855 2563 re-

123 2571 295 2618 demptus
327 2575 475 2609 tandem
507 2575 547 2609 111
581 2576 754 2611 Caesaris
779 2576 855 2610 Au-

126 2621 227 2663 gusti
261 2623 418 2666 gratiam
449 2623 552 2656 venit
584 2623 860 2665 (8011000011-

125 2668 220 2700 trov.
253 2668 353 2711 34.);
394 2669 460 2703 sed
500 2673 653 2714 propter
693 2671 859 2725 linguam

126 2722 329 2755 procacem
370 2719 407 2750 et
446 2717 596 2751 nimiam
634 2715 861 2765 παῤῥησίαν,

892 815 991 849 1111ᾱο
1010 816 1279 848 Parrhesiastes
1296 813 1420 848 dictus
1444 816 1501 848 est
1525 813 1624 856 (Sui-

894 862 960 896 das
996 863 1036 896 in
1070 873 1102 895 ν.
1137 862 1390 906 Τιμαγένης),
1426 872 1512 895 mox
1551 861 1624 905 ipsi

893 909 1055 954 Augusti
1104 908 1212 943 domo
1267 908 1509 943 interdictum
1558 911 1626 942 est.

893 956 986 990 Inde
1006 959 1158 1000 propter
1176 956 1329 990 facetias
1348 956 1494 998 (Senec.
1508 954 1625 999 Epist.

894 1004 968 1046 91.)
1001 1003 1046 1038 ab
1077 1003 1210 1037 Asinio
1242 1003 1414 1037 Pollione
1449 1005 1626 1046 exceptus

895 1054 951 1084 est
976 1053 1012 1084 et
1047 1051 1086 1084 in
1121 1061 1209 1095 agro
1237 1049 1452 1084 Tusculano
1477 1051 1516 1083 in
1542 1049 1628 1083 Pol·

894 1098 1009 1131 lionis
1035 1097 1124 1131 villa
1152 1097 1255 1131 obiit.
1306 1097 1377 1136 Qui
1404 1097 1627 1141 Timagenes

896 1155 979 1179 cum
1005 1144 1210 1189 aliquando
1234 1144 1272 1177 in
1291 1144 1485 1178 hominum
1502 1144 1629 1178 docto·

896 1203 980 1226 rum
1026 1191 1288 1226 conventiculo
1329 1203 1413 1226 cum
1461 1191 1628 1226 omnium

897 1239 1080 1283 applausu
1098 1239 1342 1273 declamasset
1364 1239 1422 1273 vel
1447 1239 1628 1282 scriptum

898 1285 1085 1330 quoddam
1110 1286 1374 1330 praelegisset,
1406 1285 1562 1327 accidit,
1588 1288 1630 1319 ut

899 1334 1008 1375 (teste
1025 1333 1284 1378 Porphyrione
1302 1332 1480 1366 Chisiano
1500 1336 1536 1366 et
1553 1333 1630 1366 Au-

899 1382 988 1414 ctar.
1008 1379 1146 1413 Comm.
1161 1382 1232 1414 vet.
1251 1379 1364 1424 Cruq.
1378 1391 1414 1424 p.
1429 1380 1525 1422 694.)
1546 1381 1630 1413 Cor-

899 1427 1056 1469 dus.(vel
1075 1428 1219 1469 codrus,
1241 1426 1428 1471 siquidem
1445 1427 1543 1461 idem
1561 1429 1630 1468 est,

900 1474 945 1507 de
971 1485 1046 1518 quo
1070 1474 1256 1519 Virgilius
1288 1474 1327 1507 in
1354 1474 1504 1520 Eclogis
1531 1484 1630 1508 oom-

900 1523 1079 1555 memorat
1104 1523 1136 1562 7,
1158 1524 1222 1555 26;
1247 1522 1387 1554 invidia
1411 1524 1630 1563 rumpantur

898 1571 939 1601 ut
963 1569 1031 1601 ilia
1057 1569 1217 1611 Cadra),
1247 1569 1358 1602 homo
1384 1568 1535 1608 doctus,
1566 1579 1631 1602 na-

900 1615 1000 1649 tione
1038 1614 1212 1657 Maurus,
1250 1616 1314 1657 (ac
1346 1618 1548 1660 propterea
1583 1615 1629 1649 ab

899 1662 1027 1705 Iarba,
1052 1662 1262 1707 virgiliano
1288 1662 1354 1699 illo
1380 1663 1509 1707 rege,)
1546 1665 1630 1696 Iar-

901 1711 974 1742 Μία
1000 1709 1294 1755 cognominatus,
1327 1710 1430 1743 illius
1455 1710 1631 1743 virtutem

900 1767 1062 1801 aequare
1099 1757 1282 1790 niteretur
1315 1760 1353 1790 et
1389 1756 1505 1791 11111110
1544 1757 1631 1790 nisu

900 1806 938 1837 et
962 1805 1107 1849 ingenti
1124 1804 1224 1837 vocis
1249 1805 1483 1848 laterumque
1508 1804 1632 1838 inten-

900 1852 1002 1885 tione
1044 1851 1284 1896 diaphragma
1323 1851 1554 1895 dirumperet
1594 1852 1632 1885 et

901 1898 1025 1932 subita
1065 1901 1184 1932 morte
1225 1898 1407 1943 periret.“
1469 1898 1569 1932 IAHX
1611 1908 1631 1931 0

899 1945 1105 1979 Weicherti
1139 1945 1387 1979 Commentar.
1413 1946 1458 1980 de
1491 1946 1633 1979 Iarbita

901 1991 1114 2037 Timagenis
1140 1993 1380 2027 aemulatore.
1396 2012 1439 2016 —
1451 1992 1629 2034 urbanus]

901 2039 936 2071 h.
963 2039 986 2072 l.
1013 2050 1088 2073 non
1123 2042 1195 2073 tam
1230 2040 1276 2073 ad
1308 2039 1543 2073 dicacitatem
1576 2050 1633 2072 re-

902 2085 1020 2119 fertur
1046 2097 1159 2129 quam
1182 2086 1227 2120 ad
1255 2087 1476 2130 elegantiam
1495 2096 1633 2119 sermo-

902 2132 979 2173 nis,
1006 2143 1080 2176 quo
1107 2133 1294 2174 utebatur,
1326 2136 1363 2166 et
1387 2133 1433 2166 ad
1459 2133 1633 2177 peritiam

903 2178 1149 2212 declamandi.

953 2251 1006 2282 17.
1051 2251 1105 2283 18.
1146 2249 1304 2292 Decipit]
1358 2250 1551 2292 absolute,
1593 2254 1634 2284 ut

903 2297 1045 2337 saltere.
1073 2315 1115 2320 ——
1141 2298 1236 2330 vitiis
1260 2298 1452 2340 imitabile]
1482 2298 1634 2339 „Exem—

903 2343 997 2387 plar‚
1025 2343 1136 2388 quod,
1162 2346 1279 2377 totum
1305 2345 1336 2378 si
1362 2347 1517 2388 spectes,
1543 2355 1633 2378 sane

903 2390 1201 2433 pulcherrimum
1227 2394 1300 2432 est,
1335 2391 1399 2425 sed
1429 2394 1553 2425 tamen
1579 2392 1634 2424 vi-

906 2437 958 2471 tia
983 2438 1165 2482 quaedam
1189 2438 1301 2472 habet
1324 2439 1471 2472 imitatu
1496 2438 1635 2480 facilia,

906 2494 949 2518 eo
975 2495 1085 2529 saepe
1111 2485 1150 2518 in
1185 2495 1350 2519 errorem
1383 2486 1482 2530 rapit
1515 2486 1635 2518 imita-

905 2533 1026 2573 tores,
1064 2531 1166 2576 quod
1198 2536 1347 2576 praeter
1386 2536 1510 2566 cetera
1542 2533 1634 2565 haec

906 2577 988 2622 ipsa
1019 2578 1109 2613 vitia
1141 2579 1213 2612 sibi
1246 2579 1467 2613 aemulanda
1499 2589 1635 2623 propo-

906 2627 1003 2658 nunt
1027 2635 1070 2659 ac
1093 2626 1316 2670 plerumque
1342 2626 1453 2660 etiam
1485 2628 1635 2670 augent,

907 2671 1006 2706 veris
1031 2672 1237 2706 luminibus
1269 2672 1504 2716 eloquentiae
1536 2675 1637 2716 post-

906 2718 1079 2753 1111111110.ιι
1130 2719 1174 2753 V.
1200 2721 1296 2752 vitiis
1329 2719 1427 2753 refer
1460 2722 1496 2754 et
1527 2720 1573 2753 ad
1602 2730 1634 2752 v.
