1774 2930
122 133 216 174 360

601 134 810 169 HORATH
833 134 1182 171 EPISTOLARUM

248 233 328 275 Vir
359 234 497 276 bonus
532 238 574 277 et
605 235 793 291 prudens
826 236 911 278 dici
942 235 1131 280 delector
1163 253 1244 294 ego
1276 253 1326 281 ac
1356 244 1417 282 tu.

250 304 334 353 Qui
367 305 486 348 dedit
517 305 598 347 hoc
629 306 779 360 hodie,
813 321 926 360 cras,
961 308 997 349 si
1028 309 1162 362 volet,
1195 309 1380 364 auferet,
1412 314 1462 352 ut·
1491 311 1528 352 si

246 375 463 419 Detulerit
494 376 632 419 fasces
664 377 857 433 indigno,
891 378 1087 421 detrahet
1117 380 1244 423 idem.

247 446 383 500 Pone,
418 462 562 490 meum
588 452 677 490 est:
713 449 866 505 inquit.
913 449 1033 492 Pono
1055 451 1277 507 tristisque
1298 451 1465 495 recedo.

1600 453 1658 494 35

246 517 366 560 Idem
398 519 435 559 si
467 519 622 561 clamet
653 519 813 573 furem,
846 524 978 576 neget
1011 535 1107 564 esse
1138 522 1359 578 pudicum,

247 588 490 631 Contendat
522 591 680 646 laqueo
715 591 872 633 collum
904 592 1116 647 pressisse
1146 597 1399 649 paternum:

247 659 446 702 Mordear
478 661 722 717 opprobriis
759 662 880 704 falsis
913 666 1160 719 mutemque
1193 665 1388 707 colores?

246 730 402 773 Falsus
434 731 573 774 honor
606 733 725 774 iuvat
758 737 801 775 et
831 734 1019 776 mendax
1050 735 1227 777 infamia
1257 739 1390 778 terret

248 801 387 850 Quem
420 803 503 844 nisi
535 803 788 845 mendosum
821 808 864 846 et
895 805 1226 848 medicandum?
1256 806 1335 848 Vir
1365 806 1502 848 bonus
1533 810 1596 849 est

222 993 279 1024 40.
314 994 347 1024 el
379 993 589 1025 mendacem
622 991 733 1036 bScp7
768 992 885 1034 LtOs‚

174 1038 375 1082 antiquiss.
402 1039 615 1074 Hocheder.

131 1144 191 1178 Vir
209 1145 322 1179 bonus
351 1145 435 1188 cet]
465 1145 598 1187 „Dices
624 1149 665 1179 tu
690 1145 869 1180 fortasse:

127 1191 237 1234 Quid,
257 1203 410 1236 quaeso,
435 1193 554 1238 magis
573 1195 871 1227 consentaneum

127 1240 186 1273 est
202 1242 361 1276 naturae
378 1241 564 1274 humanae
582 1251 694 1285 quam
713 1244 755 1274 ut
770 1241 872 1286 quis-

127 1297 201 1330 que
217 1287 274 1320 vir
289 1288 412 1323 bonus
427 1287 503 1322 dici
518 1288 668 1332 cupiat?
687 1288 872 1328 Quocirca

127 1344 196 1379 ego
216 1345 368 1381 quoque
386 1336 458 1369 hoc
477 1346 568 1369 aveo
588 1338 625 1369 et
643 1338 769 1370 certus
788 1346 872 1370 sum

126 1383 163 1415 te
182 1381 281 1415 idem
301 1394 425 1418 avere.
432 1384 448 1401 “
468 1383 669 1417 Horatius:
692 1382 871 1426 „Verum-

125 1430 251 1462 tamen
288 1431 379 1466 talia
415 1430 512 1476 volgi
547 1409 707 1465 iudicia„
723 1441 871 1475 semper

125 1475 276 1511 fallacia.
303 1481 392 1513 sunt
414 1480 528 1522 atque
547 1479 702 1520 incerta,
730 1478 794 1521 ita,
820 1481 872 1520 ut,

125 1523 201 1557 nisi
219 1524 342 1560 virtus
371 1529 437 1559 tua
462 1525 606 1559 nitatur
624 1504 872 1560 fun⁷dament0

125 1572 247 1605 multo
274 1573 460 1614 firmiore,
486 1572 525 1606 id
553 1576 628 1614 est,
655 1576 758 1607 recta
784 1584 872 1607 con-

127 1619 308 1663 scientia,
357 1620 528 1666 quotidie
572 1620 744 1654 excidere
787 1631 870 1654 cum

125 1666 250 1710 possis
269 1668 370 1702 bona
386 1668 455 1702 illa
472 1667 572 1712 apud
590 1668 871 1702 multitudinem

125 1714 236 1756 fama,
263 1726 340 1749 non
367 1718 505 1757 tamen,
532 1718 574 1748 ut
591 1715 682 1749 facit
699 1726 787 1750 vere
814 1726 872 1749 sa-

125 1761 255 1805 piens,
289 1765 471 1796 mutatam
497 1741 597 1796 ’hanc
624 1763 767 1806 popelli
794 1764 872 1806 opi-

125 1808 279 1842 nionem
296 1813 451 1854 propter
474 1809 773 1853 magnitudinem
791 1810 871 1842 ani—

124 1855 176 1888 mi
215 1867 350 1890 secure
388 1856 590 1910 despicias.
609 1857 624 1874 “
653 1876 698 1880 —
726 1865 791 1910 eqo
827 1865 872 1889 ac

126 1902 186 1945 tu]
231 1900 336 1947 ,ἐγώ
368 1914 407 1937 τε
442 1905 506 1936 καὶ
533 1900 598 1942 σύ
633 1914 709 1937 11011
743 1903 870 1937 minus

126 1960 195 1995 ego
223 1962 335 1994 quam
362 1952 438 1985 tu.“
459 1970 501 1974 —-
521 1952 553 1983 si
576 1951 772 1993 Detulerit]
807 1951 870 1993 „si

126 1998 292 2042 populus
334 1998 528 2032 Romanus
572 1998 797 2031 detulerit.“
827 2017 869 2021 —-

126 2045 241 2088 Pone]
276 2045 543 2088 „Renunciato
570 2046 644 2078 iam
670 2046 724 2088 ei,
759 2056 872 2090 quam

126 2102 209 2126 meo
236 2093 421 2127 arbitratu
447 2093 517 2126 tibi
537 2093 722 2135 concessi,
747 2093 871 2127 bonae

126 2139 247 2174 famae
274 2141 427 2175 virtutis
459 2151 503 2175 ac
536 2140 782 2184 prudentiae3
817 2140 872 2174 sic

127 2187 226 2221 enim
254 2188 347 2221 mihi
374 2198 478 2222 nunc
504 2187 670 2232 placet.“
691 2207 734 2211 ——·
752 2196 872 2220 meum

127 2235 192 2278 est]
226 2235 291 2278 „Id
318 2235 420 2280 quod
445 2235 545 2269 ultro
573 2235 642 2269 tibi
667 2235 871 2279 aliquando

126 2280 226 2324 dedi,
254 2285 295 2316 tu
321 2283 493 2327 precario
517 2282 723 2326 possides.“
746 2302 789 2306 —-
809 2284 873 2315 tri-

125 2330 262 2370 stisque
280 2330 421 2373 recedo]
450 2329 595 2372 „Aliter
621 2329 703 2363 fieri
728 2329 872 2374 nequit,

127 2386 240 2420 quam
269 2380 323 2418 ut,
350 2378 420 2411 etsi
447 2377 589 2410 invitus
608 2377 871 2421 maestitiaque

126 2423 296 2465 affectus,
333 2424 462 2468 populi
499 2424 613 2458 iussis
649 2424 870 2468 obsequar.“

125 2469 270 2504 Memor
287 2470 450 2505 fortasse
474 2473 555 2505 erat
567 2470 721 2505 Lucret.
741 2474 772 2514 3,
791 2474 871 2506 995.

126 2517 308 2552 Lachm.:
343 2519 516 2559 Sisyphus
550 2519 590 2550 in
620 2520 696 2551 vila
731 2527 873 2559 quoque

127 2567 231 2599 nobis
258 2568 344 2599 ame
368 2566 491 2599 oculos
517 2567 578 2607 est,
607 2567 679 2607 Qui
700 2568 823 2607 petere
850 2575 873 2599 α

124 2614 264 2654 populo
314 2614 433 2654 fasces
482 2621 681 2652 saevasque
731 2622 872 2647 secures

127 2661 287 2702 Imbuat,
322 2663 354 2694 ec
379 2668 521 2701 semper
545 2661 662 2693 victus
689 2662 873 2701 tristisque

126 2709 273 2741 recedit.

1231 877 1326 933 quis
1335 877 1354 918 ’1)
1600 878 1658 919 40

922 996 955 1026 et
994 995 1199 1028 mendicum
1225 1006 1244 1029 e
1271 995 1420 1030 duobus
1444 994 1612 1038 Monacc.

969 1150 1038 1181 36-
1048 1149 1105 1181 38.
1131 1149 1233 1182 Idem
1259 1147 1388 1191 cet.„]
1399 1147 1502 1182 Idem
1527 1148 1660 1194 volgus

922 1195 953 1228 si
992 1194 1087 1229 falsa
1121 1195 1323 1240 opprobria
1355 1195 1396 1229 111
1433 1206 1493 1229 me
1527 1195 1662 1230 iecerit

923 1241 984 1284 (id
1011 1242 1112 1286 quod
1139 1243 1242 1276 haud,
1265 1243 1391 1276 minus
1416 1242 1499 1276 fieri
1524 1245 1660 1287 potest,

923 1300 1035 1333 quam
1052 1291 1095 1323 ut
1111 1289 1215 1324 falsis
1233 1289 1412 1324 laudibus
1426 1300 1485 1324 me
1499 1289 1660 1332 oneret),

923 1336 1060 1370 stultus
1101 1336 1272 1380 profecto
1315 1347 1455 1381 essem,
1497 1337 1530 1371 si
1571 1337 1663 1371 talia

922 1383 1082 1417 crimina
1122 1395 1181 1418 me
1223 1384 1491 1428 perturbarent
1530 1394 1574 1419 ac
1614 1384 1661 1418 de

922 1430 1038 1465 animi
1078 1434 1176 1465 statu
1214 1431 1455 1466 deiicerent.“
1484 1451 1528 1455 —
1559 1434 1662 1473 necet

923 1487 996 1512 esse
1019 1479 1216 1522 pudicum]
1257 1480 1318 1522 „si
1353 1479 1574 1513 criminetur
1601 1489 1660 1512 me

921 1526 1122 1560 muliebria
1146 1537 1300 1570 passum
1327 1528 1444 1560 esse-⁴²
1466 1546 1508 1550 —
1530 1528 1661 1567 laqueo

917 1573 1113 1616 pressisse]
1164 1573 1350 1608 Usitatius
1400 1576 1458 1608 est
1505 1575 1662 1607 cervices

921 1622 1095 1662 sranqere
1113 1622 1271 1654 alicuius
1294 1622 1422 1662 laqueo
1447 1631 1516 1665 pro
1540 1623 1662 1654 stran-

921 1669 1065 1709 qulare.
1117 1667 1192 1702 Cfr.
1217 1668 1264 1702 ad
1297 1667 1367 1702 Od.
1393 1670 1434 1710 2,
1461 1670 1524 1710 13,
1550 1670 1583 1701 5.
1614 1683 1662 1691 -

922 1715 1012 1749 Tria
1036 1717 1162 1749 autem
1185 1717 1364 1749 memorat
1381 1715 1536 1756 scelera,
1563 1724 1659 1758 quae

922 1762 960 1795 in
987 1762 1108 1806 ipsius
1134 1772 1335 1806 personam
1365 1761 1520 1795 minime
1552 1761 1661 1795 cade-

919 1809 1031 1851 bant,
1077 1819 1162 1842 cum
1199 1809 1310 1842 homo
1348 1819 1438 1843 sane
1477 1811 1578 1843 esset
1613 1809 1660 1843 ab

921 1856 1023 1889 omni
1050 1858 1210 1900 quaestu
1236 1855 1372 1890 illicito
1399 1855 1566 1898 alienus,
1592 1867 1661 1900 pu-

920 1902 1029 1937 dicus
1067 1904 1107 1936 in
1145 1903 1332 1938 aetatulae
1370 1903 1461 1938 flore
1501 1902 1600 1945 (Sat.
1629 1906 1661 1945 1,

921 1952 962 1992 6,
988 1951 1087 1993 82.),
1129 1951 1248 1994 patris
1291 1950 1584 1985 amantissimus.

920 2000 1126 2038 mutemque
1145 1999 1282 2032 colores
1292 1998 1328 2041 ?]
1354 1997 1519 2032 Pluralis
1546 1997 1661 2042 signi-

920 2044 1007 2079 ficat
1041 2056 1117 2079 non
1153 2045 1285 2085 semel,
1319 2045 1386 2079 sed
1419 2045 1552 2079 crebro
1582 2045 1662 2089 pal-

921 2092 1041 2126 lorem
1074 2093 1327 2137 ruboremque
1360 2092 1417 2127 ire
1452 2094 1490 2126 et
1525 2092 1661 2126 redire.

920 2139 1093 2184 Propert.
1122 2141 1345 2183 1‚15,39:
1389 2140 1476 2182 Quis
1501 2141 1535 2174 te
1561 2147 1662 2180 coae-

923 2188 983 2220 bat
1001 2188 1136 2220 multos
1151 2188 1296 2228 pallere
1314 2187 1478 2220 colores?
1502 2187 1661 2220 Lucian.

922 2234 1019 2268 Eun.
1064 2237 1133 2268 11.
1182 2235 1221 2276 ἐς
1260 2235 1380 2281 μυρία
1420 2230 1664 2280 τραπόμενος

922 2278 1662 2373 {55353'3101¹t¹¹t⁰r¹iiiffiss¹⁹pi¹8⁰030

921 2376 1167 2410 huiusmodi
1157 2376 1376 2420 miquorum
1400 2387 1571 2410 meorum
1589 2375 1662 2409 cri-

923 2424 1088 2457 minibus
1113 2434 1274 2468 pungar,
1300 2423 1565 2457 commovear.“
1599 2421 1662 2456 sio

924 2471 1057 2505 Graeci
1083 2468 1310 2510 δάκνεσθαι,
1336 2470 1542 2512 meg-wora.

972 2521 1071 2552 40—
1083 2520 1139 2552 42.
1165 2518 1390 2561 mendosum]
1427 2515 1659 2559 „vitiosum-‘³

923 2565 1072 2599 Pomm.
1114 2565 1338 2607 „Insanum“
1366 2565 1503 2607 (sensu
1528 2563 1660 2597 saltem

924 2611 1076 2654 Stoico).
1103 2611 1230 2645 001111.
1258 2611 1378 2649 Cano.
1404 2629 1448 2635 -
1472 2611 1659 2648 medican-

922 2660 1021 2703 dum]
1049 2659 1133 2702 „cui
1159 2661 1315 2703 propter
1340 2659 1500 2699 mendas,
1526 2657 1565 2691 id
1591 2659 1660 2699 est,

923 2707 1025 2749 vitia,
1052 2706 1191 2751 quibus
1210 2705 1373 2747 laborat,
1400 2705 1594 2747 conducit,
1618 2706 1663 2738 ut
