1774 2930
163 159 250 201 234

666 159 875 194 HORATH
900 159 1188 194 SATIRARUM

283 259 367 307 Qui
398 274 551 316 peccas
584 260 725 301 minus
758 263 887 315 atque
919 274 1013 315 ego,
1046 274 1143 302 cum
1174 260 1301 303 Fulvi
1330 261 1617 318 Rutubaeque

281 331 371 372 Aut
401 330 651 373 Pacideiani
684 334 885 372 contento
916 331 1079 387 poplite
1108 332 1240 373 miror

281 401 453 443 Proelia
483 401 653 443 rubrica
683 401 799 457 picta
830 405 904 443 aut
935 399 1131 456 carbone,
1162 403 1280 445 velut
1313 403 1350 444 si

281 471 347 514 Re
379 486 482 514 vera
510 476 716 528 pugnent,
749 472 904 514 feriant
934 473 1156 528 vitentque
1186 477 1408 516 moventes

283 542 416 585 Arma
436 543 548 584 viri?
578 542 774 599 Nequam
797 548 840 586 et
862 548 1052 586 cessator
1069 543 1243 598 Davus,
1277 548 1322 587 at
1341 545 1436 601 ipse

1602 544 1685 585 100

282 613 462 655 Subtilis
493 618 688 656 veterum
719 614 850 656 iudex
882 619 925 656 et
956 615 1134 657 callidus
1166 615 1302 657 audis.

281 684 353 726 Nil
386 699 480 740 ego,
513 684 550 726 si
582 685 713 726 ducor
743 685 830 727 libo
863 685 1077 727 fumante:
1110 686 1190 728 tibi
1221 686 1374 742 ingens

280 755 430 797 Virtus
463 759 591 811 atque
623 756 790 797 animus
823 756 940 798 cenis
972 760 1199 813 responsat
1229 757 1419 813 opimis?

283 826 551 882 Obsequium
583 827 744 869 ventris
776 827 882 868 mihi
912 828 1193 883 perniciosius
1227 832 1293 870 est
1325 828 1430 870 cur?

283 897 424 953 'Pergo
456 898 619 953 plector
651 898 778 940 enim.
835 897 918 945 Qui
950 902 995 939 tu
1028 899 1279 955 impunitior
1309 899 1395 952 illa,

1601 897 1684 938 105

257 1017 312 1049 97.
347 1017 560 1048 Pacideiani
585 1015 777 1049 Orellius:
814 1017 1040 1049 Placideiani
1066 1015 1193 1059 bc‚Lt,
1218 1015 1434 1058 Bentleius,
1460 1014 1532 1058 MJ,
1565 1016 1638 1048 Pa-

209 1063 347 1096 cidiani
373 1062 413 1105 G,
438 1063 645 1096 Placidiani
671 1061 807 1107 SEp,F.

160 1169 369 1211 sustuleris,
413 1170 591 1209 quomodo
635 1170 780 1202 habeas.
837 1171 901 1202 In-

161 1218 320 1249 tuenlem
346 1219 398 1258 te,
432 1216 692 1256 admirantem,
725 1217 900 1249 clamores

161 1264 345 1296 tollentem
369 1271 450 1296 cum
472 1265 588 1305 video,
614 1272 757 1297 sewum
776 1266 809 1296 te
828 1272 900 1296 esse

160 1311 386 1351 ineptiarum
411 1311 572 1343 omnium
604 1312 735 1343 iudico.
762 1329 808 1334 —
832 1312 900 1343 mi-

159 1366 228 1390 nus
254 1360 364 1398 atque
391 1357 470 1400 eqo]
497 1357 572 1391 Cfr.
600 1357 675 1391 Sat.
704 1361 734 1400 1,
761 1359 793 1399 6,
821 1359 899 1391 130.

161 1423 204 1428 -
233 1406 342 1438 Fulvi
365 1406 605 1447 Rutubaeque
631 1405 715 1448 cet.]
741 1404 902 1439 Nomina

160 1452 431 1496 gladiatorum,
450 1453 691 1486 Pacideianus
711 1452 782 1495 (sic
801 1452 900 1486 enim

160 1499 275 1533 codd.
293 1500 469 1533 meliores
498 1499 596 1544 apud
616 1499 693 1533 Cic.
713 1498 796 1544 Opt.
815 1511 899 1544 gen.

160 1557 213 1579 or.
241 1548 281 1588 6,
310 1548 365 1580 17.
417 1546 526 1580 Tusc.
558 1549 600 1589 4,
634 1548 698 1588 21,
724 1549 782 1580 48.
832 1546 899 1591 Ep.

158 1593 206 1627 ad
233 1593 275 1632 Q.
302 1594 362 1627 Fr.
389 1596 430 1636 3,
456 1597 497 1636 4,
523 1594 572 1635 3.)
604 1595 678 1627 iam
704 1605 726 1628 a
751 1593 899 1628 Lucilio

157 1641 447 1675 memorabatur.
497 1641 646 1675 Etenim
679 1641 899 1676 credibilius

158 1691 216 1722 est
232 1689 304 1722 hoc
323 1699 473 1733 quoque
492 1688 586 1728 loon,
610 1689 675 1722 ubi
694 1689 900 1733 qualecun-

159 1747 232 1780 que
282 1736 503 1781 gladiatoris
553 1734 690 1769 nomen
736 1736 898 1779 proferri

159 1783 384 1825 sufficiebat,
410 1782 609 1817 Horatium
633 1793 799 1827 persona
823 1783 898 1815 Lu-

158 1829 298 1864 ciliana
330 1841 442 1865 usum
469 1841 568 1872 esse,
602 1834 644 1863 ut
668 1830 811 1864 fecerat
837 1829 898 1863 Gi-

158 1887 245 1911 cero
281 1878 319 1911 ll.
347 1878 386 1911 ll.
412 1880 527 1921 atque
560 1877 642 1920 ipse
675 1878 714 1910 in
747 1876 896 1910 Maenio

157 1924 374 1969 aliquoties,
396 1935 507 1969 quam
525 1924 686 1958 alterum
703 1923 896 1958 Pacideia-

157 1982 247 2005 num
266 1972 466 2014 iuniorem,
489 1971 619 2005 itidem
637 1971 896 2016 gladiatorem,

156 2021 248 2052 tunc
284 2019 431 2054 vixisse.
459 2038 501 2042 ——
530 2022 695 2052 contento
729 2020 897 2060 poplite-

157 2067 320 2109 Proelia]
344 2066 520 2111 Explica:
542 2066 781 2109 „certamina‚
799 2077 896 2110 quae

158 2114 399 2148 committunt
446 2114 545 2147 inter
588 2124 627 2147 se
669 2114 896 2158 gladiatores

156 2161 220 2195 isti
270 2164 447 2199 contento
504 2161 671 2205 poplite,
729 2161 895 2205 proiecto

156 2209 302 2253 pede;“
339 2219 439 2243 non:
480 2210 617 2249 „miror
642 2210 808 2241 contento
833 2218 896 2249 po-

154 2257 278 2297 plite.“
301 2276 340 2279 —
360 2255 491 2298 miror]
519 2255 719 2299 ,mirando
747 2258 895 2299 tempus

156 2303 286 2346 perdo,
313 2304 455 2338 cesso.“

206 2352 351 2385 98-104.
370 2351 521 2384 rubrica
537 2351 636 2391 picta
652 2349 736 2392 cet.]
755 2350 896 2384 Huius-

156 2397 256 2430 modi
292 2399 463 2441 picturae
490 2397 604 2431 rudes
631 2401 743 2442 atque
778 2397 895 2431 infor-

156 2455 235 2478 mes
253 2445 300 2478 ad
324 2444 567 2478 alliciendum
591 2445 783 2488 popellum
809 2448 894 2479 ante

156 2491 267 2525 ludos
310 2492 593 2536 exponebantur
634 2492 680 2525 ab
721 2492 786 2534 iis,
829 2492 896 2536 qui

155 2550 314 2573 munera
340 2539 513 2580 edebant,
539 2539 599 2573 vel
625 2542 769 2573 tantum
797 2550 819 2573 a
843 2539 896 2572 la—

156 2586 286 2629 nistis;
334 2589 373 2619 et
419 2586 512 2620 tales
554 2586 665 2620 etiam
707 2586 895 2630 Pompeiis

156 2638 330 2678 repertae
356 2635 465 2675 sunt,
491 2643 561 2666 nec
588 2633 696 2667 valde
722 2634 894 2667 diversus

156 2680 276 2715 fuisse
295 2681 442 2714 videtur
462 2681 634 2713 Laenatis
658 2681 723 2714 ille
748 2682 894 2721 aladia-

157 2730 271 2762 torius
308 2729 414 2762 ludus
447 2727 547 2772 apud
579 2727 798 2761 Petronium
838 2730 894 2762 29.

949 1168 1047 1202 Plin.
1073 1168 1119 1202 H.
1145 1169 1188 1203 N.
1215 1170 1278 1212 35,
1305 1171 1373 1203 33:
1410 1169 1576 1202 Libertus
1608 1169 1686 1201 eius

949 1215 1155 1258 (Neronis)
1189 1225 1270 1250 cum
1300 1217 1406 1250 daret
1429 1217 1529 1248 Antii
1552 1223 1685 1248 munus

950 1264 1231 1306 aladiatorium,
1252 1265 1420 1305 publicas
1442 1264 1605 1304 porticus
1629 1263 1685 1295 in-

948 1312 1089 1344 vestivit
1111 1312 1269 1353 pictura,
1293 1313 1334 1344 ut
1360 1312 1518 1352 constat,
1544 1310 1687 1351 aladia-

951 1360 1071 1390 torum
1094 1359 1421 1399 ministrorumque
1439 1358 1601 1391 omnium
1623 1365 1686 1390 ve·-

951 1406 1002 1437 ris
1019 1406 1240 1446 imaqinibue
1256 1406 1418 1439 redditis.
1433 1405 1592 1445 --Pinai
1608 1404 1687 1445 ala-

950 1453 1111 1485 diatoria
1142 1461 1298 1486 munera
1328 1455 1439 1494 alque
1471 1453 1511 1485 in
1540 1451 1687 1493 publico

951 1501 1084 1540 eoeponi
1121 1502 1249 1541 coepta
1286 1509 1310 1533 a
1349 1501 1383 1533 C.
1416 1499 1582 1533 Terentio
1615 1499 1687 1531 Lu-

950 1555 1052 1580 cano.
1099 1548 1136 1580 Is
1162 1556 1233 1580 avo
1257 1556 1324 1580 suo
1338 1565 1352 1572 -
1366 1564 1382 1571 -
1396 1547 1552 1587 triainta
1573 1546 1687 1587 paria

950 1595 989 1626 in
1020 1595 1116 1627 Foro
1148 1595 1416 1635 pertriduum
1449 1594 1547 1627 dedit
1584 1594 1688 1625 labu-

951 1642 1096 1682 lamque
1125 1643 1263 1683 pictam
1295 1643 1335 1674 in
1365 1649 1512 1674 nemore
1542 1641 1687 1674 Dianae

945 1690 1077 1729 posuit.
1129 1688 1227 1722 Satis
1252 1688 1415 1722 ridicule
1440 1698 1547 1721 suam
1571 1684 1687 1726 ἀβελ-

949 1736 1076 1781 τερίαν
1112 1735 1239 1779 prodit
1275 1735 1402 1769 Davus
1442 1735 1548 1779 prius
1589 1733 1686 1767 illud

947 1793 1069 1826 genus
1094 1783 1294 1816 admirans.
1321 1801 1364 1806 —
1392 1781 1565 1824 cessator]
1597 1781 1686 1825 „qui

948 1840 1024 1863 non
1044 1830 1168 1863 statim
1185 1832 1341 1874 apparet
1357 1829 1510 1863 domino
1522 1828 1686 1870 vocanti,

946 1877 1005 1910 vel
1031 1877 1159 1921 aliquo
1186 1877 1324 1911 missus
1343 1887 1428 1910 sero
1453 1876 1604 1910 domum
1628 1886 1686 1909 re-

946 1923 1034 1957 ditf‘
1072 1923 1147 1958 cfr.
1164 1923 1258 1968 Epp.
1286 1925 1319 1966 2,
1346 1926 1380 1966 2,
1401 1926 1462 1957 14:
1486 1924 1605 1958 Semel
1627 1923 1686 1956 hic

947 1973 1099 2004 cessavit
1125 1974 1176 2014 et,
1211 1974 1251 2004 ut
1275 1972 1334 2013 tlt,
1366 1973 1414 2004 In
1436 1972 1546 2004 scal&
1575 1971 1684 2004 latuit

945 2021 1108 2052 metuens
1127 2019 1320 2060 pendentis
1336 2019 1510 2052 habenae.
1527 2036 1571 2041 —
1587 2019 1685 2051 vete-

945 2065 1043 2108 rum]
1069 2065 1203 2100 aetatis
1229 2065 1317 2099 inde
1341 2076 1366 2099 a
1388 2065 1536 2099 Pericle
1561 2074 1684 2109 usque

945 2113 993 2147 ad
1039 2112 1296 2147 Alexandrum
1343 2112 1393 2147 M.
1432 2132 1476 2137 —
1514 2111 1684 2154 callidus]

945 2161 1328 2194 Kunstkenner.
1384 2159 1459 2194 Sat.
1484 2161 1525 2202 2,
1551 2162 1589 2202 3,
1615 2160 1683 2192 23:

947 2209 1109 2242 Callidus
1143 2209 1225 2240 huic
1249 2209 1352 2249 siano
1374 2209 1565 2250 ponebam,
1577 2206 1685 2239 milia

947 2258 1101 2289 centum.
1128 2274 1171 2278 —
1198 2255 1262 2288 Nil
1295 2254 1383 2297 eqo]
1426 2251 1530 2298 ,ἐγώ
1572 2252 1684 2287 οὐδέν

945 2304 1042 2345 εἰμι,
1080 2313 1244 2347 nequam
1281 2302 1430 2336 audio.“
1458 2321 1503 2326 —
1529 2302 1603 2343 tibi,
1625 2302 1682 2334 in·

945 2359 1030 2392 qens
1055 2350 1139 2392 cet.]
1178 2351 1354 2392 „tantane
1378 2351 1445 2383 tua
1469 2350 1526 2383 est
1550 2348 1682 2390 virtus,

946 2400 987 2430 ut
1021 2396 1183 2430 libenter
1216 2406 1344 2430 careas
1377 2393 1482 2430 cenis
1515 2395 1682 2438 opiparis

945 2454 1085 2488 easque
1112 2443 1279 2478 devites?
1291 2444 1307 2460 “
1325 2462 1367 2466 —A
1382 2442 1586 2485 responsat]
1605 2441 1682 2477 Gfr.

944 2502 977 2525 v.
1007 2493 1064 2525 85.

995 2539 1163 2572 105-108.
1197 2537 1268 2579 Qui
1292 2540 1332 2570 tu
1356 2537 1570 2579 impunitior
1595 2535 1681 2578 cet]

946 2585 1050 2628 „Quo
1077 2584 1227 2619 tandem
1259 2585 1343 2618 iure
1375 2587 1532 2618 naturae
1557 2583 1680 2617 minus

945 2633 1081 2677 dignus
1115 2642 1155 2666 es
1188 2643 1312 2676 poena
1343 2642 1455 2676 quam
1487 2641 1577 2675 ego,
1613 2629 1679 2664 ubi

946 2683 1166 2724 sumptuosa
1183 2678 1342 2713 obsonia
1359 2677 1536 2722 cupidius
1561 2677 1680 2712 emis?

946 2727 1179 2771 Quamquam
1221 2729 1261 2760 tu
1300 2735 1450 2770 quoque
1487 2735 1533 2759 ex
1572 2728 1681 2758 natu-
