1774 2930
197 189 284 231 212

729 174 937 223 noRArn
963 189 1249 224 summum

314 290 479 332 Hortus
511 290 586 332 ubi
618 294 662 333 et
692 294 805 332 tecto
835 290 1002 332 vicinus
1034 291 1146 347 iugis
1179 305 1316 346 aquae
1347 291 1442 333 fons

312 361 372 403 Et
403 362 580 418 paulum
611 361 747 403 silvae
779 375 909 417 super
939 360 1008 403 his
1040 361 1162 404 foret.
1201 361 1383 404 Auctius
1414 365 1544 419 atque

312 432 372 474 Di
402 433 557 475 melius
590 432 745 475 fecere.
787 432 910 474 Bene
941 436 1021 474 est.
1068 432 1142 474 Nil
1173 433 1357 489 amplius
1389 447 1478 488 oro,

312 503 428 546 Maia
446 507 560 557 nate,
583 504 668 545 nisi
689 507 738 545 ut
758 504 932 560 propria
952 503 1060 546 haec
1079 504 1186 546 mihi
1207 519 1387 547 munera
1407 504 1534 547 faxis.
1693 506 1723 547 5

314 574 361 617 Si
392 589 533 631 neque
566 575 773 617 maiorem
805 575 888 617 feci
918 575 1084 618 ratione
1115 576 1229 618 mala
1257 590 1350 618 rem

314 645 406 688 Nec
437 660 532 687 sum
564 646 754 688 facturus
786 646 892 688 vitio
924 646 1102 702 culpave
1133 647 1362 700 minorem3

311 716 358 759 Si
387 731 570 759 veneror
602 717 758 759 stultus
791 717 901 758 nihil
933 717 1111 759 horum:
1146 717 1183 759 Ο
1216 718 1253 759 si
1286 718 1468 774 angulus
1498 718 1571 761 ille

308 788 539 832 Proximus
571 788 759 842 accedat,
793 789 865 844 qui
899 802 1014 830 nunc
1045 789 1270 831 denormat
1301 789 1511 844 agellum!

311 858 349 901 Ο
372 860 409 901 si
429 874 582 902 urnam
604 860 771 915 argenti
794 859 882 901 fors
905 874 1014 915 quae
1036 860 1143 901 mihi
1165 863 1376 902 monstret
1396 863 1444 902 ut
1464 860 1548 913 illi,

1663 861 1721 902 10

310 930 533 974 Thesauro
564 932 739 973 invento
773 931 846 986 qui
878 932 1197 973 mercennarius
1231 945 1382 987 agrum

286 1048 387 1082 SAT.
405 1048 470 1083 VI.
498 1051 552 1083 10.
583 1058 657 1090 qua
682 1059 782 1082 unus
805 1048 993 1091 Pottierii,
1018 1047 1138 1083 LctF.
1164 1049 1216 1082 Ut
1240 1059 1322 1092 nos,
1346 1047 1432 1091 bSo,
1455 1048 1669 1083 Bentleiani

237 1106 366 1130 omnes
392 1097 556 1141 (praeter
585 1096 761 1141 Regium,
789 1096 855 1140 qui
880 1096 996 1130 habet
1020 1095 1146 1138 quam)
1174 1099 1211 1130 et
1236 1096 1376 1140 reliqui
1401 1096 1584 1130 Pottierii.

187 1201 326 1236 Aecus.
352 1202 461 1236 Verr.
487 1205 521 1245 5,
547 1204 605 1245 54,
632 1204 723 1236 142:
748 1205 928 1236 nocturna

187 1252 274 1283 vota
288 1252 531 1291 cupiditatum
546 1258 713 1284 suarum.
726 1269 767 1273 —
783 1250 927 1292 modus]

188 1296 235 1330 de
269 1298 349 1342 agri
385 1297 506 1341 spatio
541 1308 569 1332 s.
605 1308 784 1331 mensura
817 1298 929 1331 etiam

186 1343 312 1378 Plaut.
328 1343 415 1378 Aul.
441 1345 543 1379 Prol.
572 1347 635 1379 13:
662 1345 754 1386 Auri
778 1345 929 1385 reliquit

189 1393 237 1425 eii
261 1401 335 1425 non
358 1401 533 1434 maqnum
556 1394 715 1426 modum.
754 1391 832 1425 Cic.
857 1403 928 1447 pro

186 1438 324 1473 Flacco
339 1441 395 1482 32,
410 1442 474 1473 80:
488 1440 636 1473 voluisti
651 1448 826 1481 maynum
844 1440 928 1481 aori

186 1488 333 1520 modum
359 1488 509 1520 censeri
530 1506 573 1510 -
595 1487 707 1530 ita]„
713 1487 927 1529 admodum

186 1533 342 1575 valde;“
369 1535 423 1568 sic
442 1545 552 1578 saepe
570 1538 656 1579 post
674 1535 925 1579 negationem.

187 1580 264 1614 Cic.
291 1580 394 1614 Orat.
422 1584 459 1623 8,
485 1584 549 1615 25:
584 1591 658 1615 ‘non
690 1583 744 1615 ita
772 1583 847 1615 tato
871 1583 927 1615 in-

186 1629 335 1662 teriecto
361 1630 469 1662 mari.
488 1648 534 1652 -
550 1631 690 1662 Hortus
715 1629 799 1672 cet]
827 1629 925 1662 Plin.

183 1674 232 1710 H.
249 1675 293 1709 N.
314 1678 369 1718 19,
388 1678 452 1710 20:
478 1678 617 1710 Hortos
639 1678 750 1710 villae
777 1678 926 1718 {unqen-

185 1725 249 1757 dos
274 1732 348 1756 non
374 1726 425 1757 est
451 1725 601 1757 dubium
626 1726 822 1765 riouosque
847 1733 925 1757 ma-

184 1771 282 1804 xime
309 1772 507 1813 habendos,
532 1772 564 1804 si
590 1773 790 1813 continuat,
814 1780 925 1812 prae-

185 1819 260 1859 fluo
301 1827 419 1852 amne.
454 1837 497 1841 »-
532 1819 626 1860 iuqis
669 1818 812 1860 aquae]
863 1817 924 1851 Sic

183 1865 318 1910 iunge,
357 1876 434 1899 non
473 1875 558 1899 cum
595 1865 680 1899 aliis
715 1866 810 1906 iugis
843 1867 924 1907 sons

185 1921 315 1954 aquae,
350 1912 388 1945 id
424 1912 525 1957 quod
560 1912 830 1946 consuetudini
865 1923 923 1946 re-

183 1963 339 2004 pugnat.
391 1959 497 1994 Conf.
523 1959 617 2004 Epp.
646 1962 685 2002 1,
713 1962 769 2001 15,
795 1962 851 1993 16.
879 1979 921 1983 —

179 2009 337 2048 paulum
369 2007 505 2050 silvae]
548 2007 655 2041 Conf.
690 2006 759 2041 Od.
794 2009 832 2049 3,
867 2009 923 2049 16,

184 2056 227 2088 29
256 2065 310 2099 sq.
335 2054 430 2099 Epp.
458 2057 489 2097 1,
517 2057 572 2096 16,
598 2057 619 2088 5
647 2065 729 2099 sqq.
768 2053 862 2099 Epp.
890 2057 921 2097 1,

185 2104 242 2144 18,
263 2104 340 2135 104.
360 2121 403 2125 —
421 2111 532 2144 super
556 2102 625 2145 his]
653 2103 735 2145 „ern
761 2100 922 2144 τούτοις,

181 2152 333 2193 praeter
369 2150 503 2183 haec.“
567 2149 628 2184 Sic
670 2160 826 2194 prorsus
869 2151 922 2182 his

181 2206 292 2238 super
316 2197 417 2242 apud
444 2196 579 2231 Silium
607 2200 638 2239 1,
657 2200 713 2231 60.
739 2196 783 2230 In
809 2208 922 2241 prosa

183 2244 336 2288 quidem
351 2256 404 2278 or.
414 2244 674 2289 requireretur
688 2253 799 2286 super
814 2246 920 2287 haec;

181 2292 224 2324 ut
257 2291 353 2325 Plin.
380 2292 519 2337 Paneg.
548 2294 611 2334 75,
638 2295 683 2326 6:
719 2301 832 2333 super
865 2301 921 2334 ea,

182 2347 276 2378 quae
308 2342 626 2380 sum--precatm
655 2358 698 2364 -—
725 2341 824 2373 Bene
855 2340 920 2382 est]

181 2385 361 2419 Formula
386 2389 443 2420 est
470 2387 637 2421 contenti
664 2387 764 2421 bono
783 2390 920 2420 eventu

181 2433 317 2475 animi,
351 2445 420 2477 pro
448 2445 521 2478 qua
552 2445 672 2478 aeque
698 2435 920 2478 frequenter

180 2479 306 2514 Latini
341 2480 474 2514 dicunt
507 2482 594 2514 bene
624 2483 742 2515 habet.
791 2481 919 2515 Iuven.

184 2529 239 2570 10,
258 2529 323 2561 72:
349 2529 448 2561 Bene
469 2529 596 2569 haba,-
622 2530 677 2562 nil
698 2530 782 2570 ptus
808 2530 920 2562 inter-

179 2583 281 2616 rouo.
309 2594 353 2599 —-
378 2576 485 2609 Maia
510 2576 609 2618 nate]
645 2576 800 2610 Invocat
823 2575 920 2609 Mer-

182 2622 331 2656 curium
368 2622 465 2656 lucri
507 2622 696 2666 datorem,
739 2635 778 2656 xc
768 2622 917 2670 ρὸᾦον,

180 2667 382 2716 εριούνιον.
421 2669 497 2703 cfr.
524 2669 598 2704 Sat.
625 2671 658 2712 2,
685 2649 717 2712 2,
744 2673 801 2704 68.
842 2669 918 2704 Ma-

180 2717 250 2751 tris
267 2720 392 2751 autem
409 2727 546 2751 nomen
565 2718 605 2750 in
619 2696 797 2761 precibus
812 2717 917 2752 blan-

180 2763 278 2798 dius.
304 2784 349 2789 --
371 2763 543 2807 propria]
578 2765 796 2807 „stabilia.“
841 2764 916 2798 Cfr.

979 1201 1053 1236 Sat.
1081 1204 1114 1244 2,
1140 1204 1173 1244 2,
1202 1204 1278 1236 129.
1308 1202 1414 1247 Virg.
1439 1203 1534 1236 Aen.
1560 1205 1593 1244 6,
1618 1205 1717 1237 872:

974 1251 1131 1291 propria
1155 1251 1245 1283 haec
1267 1251 1300 1283 si
1324 1251 1421 1283 dona
1444 1251 1608 1291 fuissent.

1025 1346 1124 1378 6-11.
1150 1346 1188 1379 Si
1211 1353 1328 1385 neque
1353 1343 1438 1387 cet]
1466 1343 1567 1386 „Hac
1585 1344 1714 1377 condi-

978 1392 1086 1425 cione
1113 1391 1250 1426 exaudi
1274 1402 1408 1436 preces
1432 1401 1555 1433 meas,
1590 1391 1622 1425 si
1647 1401 1714 1425 ne-

979 1439 1080 1483 que“
1109 1442 1197 1482 cet.,
1233 1438 1426 1483 frequenti
1457 1438 1497 1471 in
1521 1438 1713 1482 precando

976 1486 1150 1521 formula.
1193 1486 1269 1520 Cfr.
1295 1486 1364 1520 Od.
1395 1488 1426 1529 1,
1453 1487 1509 1528 32,
1540 1487 1571 1518 1.
1597 1487 1631 1528 3,
1658 1488 1714 1528 18,

977 1535 1009 1567 5.
1061 1534 1181 1568 Carm.
1215 1533 1295 1568 Sec.
1329 1535 1386 1567 37.
1434 1531 1623 1577 Apodosis
1657 1543 1716 1567 se-

977 1582 1107 1625 quitur
1133 1581 1283 1615 demum
1305 1591 1339 1614 v.
1359 1583 1425 1614 13:
1453 1581 1522 1614 hac
1543 1588 1652 1622 prece
1677 1583 1712 1614 te

977 1637 1052 1662 oro,
1071 1648 1115 1653 —
1133 1630 1276 1662 ratione
1299 1628 1417 1671 mala]
1442 1630 1485 1661 ut
1505 1629 1596 1661 tunc
1613 1638 1712 1661 com·-

974 1676 1106 1720 plures
1130 1676 1310 1720 periurio,
1336 1675 1442 1709 falsis
1467 1674 1712 1717 testamentis,

974 1723 1120 1766 rapinis
1138 1733 1217 1756 rem
1242 1722 1465 1756 familiarem
1490 1731 1630 1767 augere
1655 1722 1713 1755 ni-

973 1770 1029 1803 hil
1053 1771 1164 1814 pensi
1187 1769 1387 1804 habebant.
1414 1787 1459 1793 —
1484 1769 1577 1812 rem]
1606 1769 1713 1802 fami-

974 1817 1117 1850 liarem.
1141 1834 1190 1841 —-
1213 1817 1316 1860 vitio]
1352 1816 1510 1858 „vitiosa
1539 1815 1712 1859 libidine,

973 1864 1163 1898 luxuria.“
1180 1883 1223 1888 —
1239 1863 1362 1906 culpa]
1389 1863 1574 1909 „segnitia
1591 1866 1629 1897 et
1643 1874 1711 1898 ne-

971 1911 1188 1956 gligentia.“
1206 1931 1249 1935 -
1267 1911 1434 1954 veneror]
1462 1911 1574 1954 „deos
1600 1921 1712 1945 vene-

972 1969 1061 1992 rans
1099 1959 1145 1992 ab
1182 1959 1229 1993 iis
1262 1959 1432 2003 precor.“
1484 1957 1560 1992 Cfr.
1588 1958 1709 1992 Carm.

973 2005 1055 2040 Sec.
1082 2008 1139 2040 49.
1191 2005 1264 2040 Sat.
1291 2007 1330 2048 2,
1356 2007 1395 2048 2,
1423 2007 1501 2039 124.
1546 2004 1710 2039 Caecina

971 2053 1072 2098 apud
1096 2053 1174 2087 Cic.
1196 2053 1244 2087 ad
1269 2053 1370 2088 Fam.
1388 2055 1421 2095 6,
1439 2055 1480 2087 7:
1506 2053 1570 2093 qui
1592 2053 1711 2086 multa

971 2102 1055 2134 deos
1097 2103 1263 2134 venerati
1302 2102 1386 2134 sint.
1425 2119 1468 2124 —
1503 2099 1710 2142 denormat]

971 2147 1710 2241 3353‘3152532.;”Jgfflxzssmssdiz‘z

970 2243 1078 2288 gulas
1103 2243 1310 2287 quadratus
1335 2254 1412 2277 non
1445 2242 1534 2276 sit.“
1562 2261 1606 2265 —
1631 2243 1709 2283 fors

971 2291 1078 2334 quae]
1106 2291 1310 2325 Construe:
1329 2292 1359 2324 0
1376 2291 1408 2323 si
1425 2298 1519 2330 quae
1545 2289 1704 2333 (aliqua)

970 2340 1047 2380 sors
1080 2342 1151 2372 cet.
1198 2337 1365 2372 Alteram
1399 2337 1599 2371 lectionem
1631 2335 1707 2376 qua

971 2385 1208 2430 explicabant
1240 2385 1299 2419 vel
1339 2384 1497 2428 „aliqua
1529 2383 1704 2417 ratione“

959 2433 1029 2475 ,vel
1057 2433 1206 2477 „aliqua
1230 2432 1271 2465 in
1296 2432 1445 2476 parte.“
1473 2449 1518 2454 —-
1544 2438 1707 2464 mercen·

970 2480 1110 2523 narius]
1138 2479 1244 2513 Conf.
1271 2479 1345 2512 Set.
1372 2480 1413 2520 2,
1440 2479 1479 2520 2,
1508 2479 1598 2512 115:
1629 2479 1706 2519 sor-

970 2530 1040 2561 tem
1055 2528 1218 2561 mercede
1235 2528 1413 2560 colonum.
1439 2525 1566 2559 Verba
1577 2527 1704 2559 autem

968 2576 1070 2617 illi,-
1087 2575 1180 2616 -qui
1203 2574 1479 2607 mercennarius
1495 2575 1564 2606 cet.
1581 2571 1706 2626 posita

968 2624 1056 2657 sunt
1080 2632 1149 2666 pro
1175 2622 1233 2654 illi
1256 2621 1507 2654 mercennario
1539 2620 1602 2660 qui
1633 2620 1703 2652 cet.

968 2669 1096 2704 eadem
1122 2669 1366 2710 attractione,
1400 2678 1476 2712 qua
1502 2665 1577 2700 Sat.
1603 2668 1644 2708 2,
1669 2666 1703 2708 2,

967 2719 1025 2751 59.
1076 2717 1184 2750 Cuius
1225 2717 1374 2749 odorem
1413 2715 1486 2748 olei
1522 2716 1593 2748 cet.
1630 2722 1702 2757 pro

967 2765 1098 2807 oleum,
1124 2765 1226 2797 cuius
1252 2765 1400 2797 odorem
1424 2763 1495 2795 oet.
