1774 2930
102 165 189 208 220

633 167 841 203 HORATII
867 168 1154 204 SATIRARUM

218 267 357 309 Uncta
388 268 493 310 satis
523 269 675 325 pingui
706 273 920 325 ponentur
951 270 1142 313 oluscula
1171 271 1324 314 lardo?

221 337 259 380 Ο
290 342 437 381 noctes
470 354 687 395 cenaeque
719 340 870 382 deum!
905 341 1058 397 quibus
1091 342 1185 398 ipse
1217 344 1387 400 meique

1483 344 1625 385 ·=65

218 409 333 452 Ante
362 410 520 453 Larem
550 411 771 467 proprium
801 425 952 454 vescor
981 427 1228 469 vernasque
1258 427 1459 470 procaces

217 480 355 523 Pasco
385 481 531 523 libatis
563 482 758 538 dapibus,

820 482 956 525 Prout
987 484 1140 540 cuique
1172 484 1306 527 libido
1337 488 1423 538 est,

219 551 361 595 Siccat
392 553 640 609 inaequales
673 554 827 596 calices
860 555 1040 596 conviva
1071 555 1234 597 solutus

216 622 409 679 Legibus
441 624 625 678 insanis,
660 639 736 667 seu
769 625 863 680 quis
897 626 1011 681 capit
1043 627 1158 668 acria
1187 626 1309 668 fortis

216 694 379 737 Pocula
410 710 487 738 seu
518 695 696 738 modicis
728 697 894 738 uvescit
922 697 1093 739 laetius.

1154 697 1272 754 Ergo
1570 699 1625 740 70

218 765 367 808 Sermo
399 767 551 821 oritur,
585 781 672 809 non
703 767 756 809 de
787 767 900 810 villis
933 767 1184 811 domibusve
1216 769 1390 823 alienis,

216 836 307 879 Nec
327 839 439 880 male
460 853 596 881 necne
617 838 762 895 Lepos
785 839 936 893 saltet3
971 839 1067 894 sed,
1101 840 1215 896 quod
1234 841 1372 896 magis
1403 840 1457 882 ad
1486 854 1565 883 nos

97 967 301 1001 virulentia
318 968 358 1001 in
377 968 644 1014 Pythagoreos.
660 988 702 992 -
723 971 836 1002 Uncla

96 1014 201 1057 salis]
229 1014 290 1049 Sic
315 1015 450 1061 iunge,
477 1027 553 1050 non
579 1018 670 1049 satis
693 1018 834 1058 pinam,

98 1071 145 1095 ex
170 1073 244 1106 quo
270 1073 399 1097 errore
433 1066 564 1097 natum
588 1066 645 1097 est
669 1063 834 1098 Bentleii

97 1106 404 1156 παραδιόρθωμα
463 1113 564 1152 focis.
647 1111 836 1145 Videlicet

98 1157 296 1199 „oluscula
321 1161 540 1202 coquuntur
566 1169 643 1192 una
669 1169 755 1192 cum
781 1159 834 1192 la-

96 1204 193 1246 rido,
219 1216 293 1249 quo
319 1206 386 1240 illa
411 1208 620 1250 unguntur,
652 1206 753 1250 quod
778 1217 836 1240 sa-

96 1252 145 1286 tis
163 1253 246 1286 sit.“
258 1272 301 1277 —
315 1253 514 1296 ponentur]
535 1254 832 1298 „apponentur.“

96 1298 183 1333 Vid.
199 1299 275 1334 Sat.
289 1302 323 1342 2,
337 1302 369 1342 2,
388 1302 445 1334 23.
460 1319 503 1324 —
520 1302 688 1335 oluscula
715 1300 834 1343 lardo]

97 1344 171 1380 Sat.
199 1350 239 1390 2,
266 1349 306 1390 2,
335 1350 425 1381 116:
475 1350 558 1382 Non
597 1351 834 1390 eqo-temere

96 1395 154 1427 edi
188 1395 266 1428 luce
297 1397 463 1437 profesta
489 1397 698 1437 Quidquam
723 1405 835 1437 prae·

94 1443 151 1475 ter
177 1443 257 1476 olus
282 1445 448 1484 fumosae
475 1452 557 1477 cum
579 1445 670 1485 pede
684 1453 832 1485 pernae.

144 1515 264 1547 65-67.
293 1514 474 1557 0-eenae]
506 1515 833 1558 „simplicissimae

95 1560 268 1604 quidem,
301 1561 366 1595 sed
392 1561 506 1595 simul
530 1573 651 1607 aeque
677 1572 834 1596 securae

96 1609 134 1641 et
159 1608 350 1642 iucundae
377 1620 420 1643 ac
446 1609 477 1643 si
505 1611 656 1643 conviva
683 1611 835 1643 deorum

94 1665 215 1689 essem
244 1655 328 1698 (Od.
358 1660 396 1698 1,
423 1658 489 1698 28,
514 1657 584 1699 7.),
619 1657 658 1690 111
685 1659 834 1701 noctem

94 1713 216 1747 usque
241 1703 490 1748 productae!“
522 1703 722 1738 Manifesto
750 1715 832 1738 ver-

95 1749 144 1784 ba
172 1750 265 1784 facit
289 1751 335 1785 de
362 1751 467 1786 cenis
506 1751 722 1785 laetissimis
749 1752 833 1795 qui-

93 1797 198 1839 dem,
237 1798 303 1832 sed
338 1799 492 1833 rusticis
529 1801 566 1832 et
600 1798 831 1843 quotidianis

94 1855 151 1879 vv.
170 1847 226 1879 63.
246 1848 301 1880 64.
323 1865 364 1869 —
383 1846 541 1888 meique]
569 1857 645 1879 non
674 1845 832 1888 „servi“,

93 1892 171 1935 sed,
198 1896 240 1926 ut
263 1896 367 1938 patet
393 1904 438 1926 ex
464 1904 567 1938 seqq.
587 1896 625 1927 et
651 1904 697 1926 ex
722 1904 754 1925 v.
773 1895 831 1926 41.

93 1948 262 1982 suorum,
299 1941 430 1981 „amici
465 1943 579 1985 atque
613 1940 831 1982 familiares,

95 1987 161 2032 qui
179 1987 219 2020 in
238 1988 345 2022 lectis
363 1999 507 2022 mecum
527 1988 768 2029 accumbunt,
795 1990 832 2020 et

94 2034 248 2079 quidem
266 2046 312 2069 ex
329 2036 593 2070 rusticantium
611 2046 727 2077 more,
745 2037 831 2069 ante

93 2081 210 2116 Lares
229 2083 269 2116 in
287 2083 371 2116 foco
391 2084 605 2125 collocatos,
624 2083 712 2116 dum
732 2082 830 2116 servi

93 2129 194 2164 domi
209 2141 312 2164 meae
332 2131 411 2164 nati
429 2131 655 2175 nutritique,
674 2130 830 2171 alacres,

94 2179 138 2210 ut
151 2177 286 2219 solent,
304 2181 419 2223 atque
432 2179 649 2223 petulantes
663 2188 830 2211 mensam

94 2225 341 2259 circumstant
364 2228 400 2259 et
425 2236 511 2259 mox
549 2236 643 2259 cena
679 2228 832 2269 peracta

93 2272 276 2316 reliquias
311 2273 480 2306 ciborum
515 2284 536 2307 a
569 2273 678 2307 nobis
715 2283 832 2317 quan-

93 2321 173 2352 tum
188 2319 280 2353 libet
294 2320 579 2365 degustator-um
594 2319 829 2354 comedunt.“

94 2385 140 2390 -
165 2368 258 2399 Ante
283 2367 436 2410 Larem]
470 2367 554 2401 Vid.
581 2367 627 2401 ad
654 2367 770 2411 Epod.
798 2368 830 2409 2,

94 2415 152 2447 66.
171 2433 214 2437 ——
240 2423 447 2456 vernasque
470 2414 659 2457 procaces]
687 2415 831 2448 Seneca

92 2460 139 2495 de
166 2461 412 2495 Providentia
440 2465 478 2505 1,
505 2464 547 2494 6:
588 2464 712 2503 Coyiia
736 2463 830 2504 filio-

92 2517 179 2542 rum
202 2517 267 2542 nos
291 2510 467 2542 modestia
486 2510 675 2552 delectari,
699 2517 832 2542 vernu-

97 2556 220 2589 larum
246 2557 412 2596 liceniia,·
436 2558 520 2589 illos
546 2558 740 2598 disciplina
766 2557 831 2589 tri-

92 2605 196 2636 stiori
229 2604 426 2644 contineri,
466 2605 596 2636 horum
628 2605 681 2636 ali
713 2605 831 2637 auda-

95 2652 200 2684 ciam.
242 2650 393 2692 Vernis,
418 2649 538 2684 donec
563 2651 831 2692 adolevissent,

94 2698 265 2732 homines
292 2698 554 2743 elegantiores,
585 2700 627 2731 ut
651 2697 831 2732 Horatius

94 2745 166 2779 etsi
194 2746 395 2789 „pauper“,
421 2745 524 2779 varia
549 2745 596 2779 ad
622 2745 831 2779 ministeria

884 970 940 1002 uti
968 970 1158 1013 solebant,
1193 970 1239 1004 ad
1264 971 1367 1004 iocos
1394 970 1623 1013 convivales,

884 1017 931 1050 ad
965 1018 1143 1061 epistolas
1176 1019 1251 1052 huc
1284 1018 1378 1051 illuc
1411 1018 1624 1061 mittendas,

886 1075 980 1108 quos
999 1066 1212 1098 tabellarios
1229 1065 1426 1107 vocabant,
1449 1065 1498 1099 ad
1515 1076 1625 1110 opso-

885 1112 948 1146 nia
972 1112 1143 1156 aliasque
1161 1123 1222 1146 res
1241 1123 1287 1146 ex
1303 1113 1398 1147 urbe
1425 1123 1623 1147 arcessen—

884 1159 972 1202 das3
1010 1159 1069 1193 his
1104 1160 1270 1194 carmina
1303 1159 1497 1194 dictabant
1527 1159 1621 1204 Epp.

887 1210 918 1249 1,
945 1209 1000 1248 10,
1026 1209 1103 1250 49.;
1142 1207 1235 1252 quin
1263 1207 1375 1241 etiam
1410 1207 1621 1250 „canebant

883 1255 1069 1287 indoctum
1100 1256 1165 1288 sed
1197 1255 1302 1288 dulce
1336 1254 1491 1288 biben1i“
1527 1253 1622 1299 Epp.

885 1303 925 1344 2,
960 1303 1001 1343 2,
1035 1303 1068 1335 9.
1096 1321 1139 1325 -
1169 1302 1304 1345 libatis]
1344 1303 1621 1346 „temperanter

884 1349 1125 1394 degustatis.“
1166 1349 1241 1382 Cfr.
1258 1349 1365 1394 Virg.
1381 1348 1476 1382 Aen.
1501 1350 1535 1390 5,
1554 1350 1622 1382 90:

885 1397 1109 1429 Ille--inler
1131 1399 1282 1438 pateras
1309 1399 1342 1430 el
1370 1397 1463 1430 levia
1485 1396 1622 1437 pocula

882 1452 1030 1484 serpens
1056 1445 1358 1485 Libavit-dapes.

932 1516 1003 1548 67-
1013 1517 1070 1548 76.
1120 1517 1234 1548 Proui
1260 1516 1389 1556 cuique
1417 1515 1527 1548 libido
1555 1514 1621 1558 ese]

883 1562 1075 1596 Honestus
1108 1562 1149 1595 in
1175 1561 1327 1596 Anthol.
1359 1562 1478 1596 Palat.
1510 1561 1558 1595 ΙΙ.
1583 1573 1621 1607 p.

884 1611 972 1643 333:
1007 1607 1050 1642 τὸ
1076 1609 1108 1641 δ’
1134 1605 1313 1663 ὁππρσον
1324 1606 1418 1665 ἦδὺ
1451 1608 1622 1652 τυθῆναι

882 1657 1035 1710 Μέτρον
1060 1657 1148 1700 ἑιιοὶ
1166 1653 1293 1700 πάσης
1316 1652 1453 1702 ἄρκιον
1477 1653 1622 1710 εὖφρο-

884 1701 1014 1747 σύνης.
1040 1723 1085 1727 -
1111 1705 1228 1737 Siccat
1253 1705 1324 1737 cet.
1337 1704 1348 1742 1
1386 1702 1485 1745 „Suo
1513 1703 1620 1747 quis-

883 1763 955 1795 que
973 1751 1159 1785 arbitratu
1178 1750 1296 1784 ebibit
1316 1750 1455 1795 pocula
1471 1750 1621 1784 minora

881 1801 947 1832 aut
974 1799 1135 1839 maiora,
1170 1797 1267 1832 liber
1292 1809 1314 1831 a
1340 1797 1508 1831 molestis
1541 1796 1619 1831 inis

881 1845 1047 1891 legibus,
1086 1855 1180 1890 quas
1211 1841 1511 1892 συμποσιάρχης
1537 1844 1622 1887 (rex

881 1893 1053 1934 bibendi)
1088 1893 1134 1926 de
1172 1903 1330 1926 numero
1364 1903 1408 1927 ac
1441 1902 1620 1926 mensura

881 1941 1105 1984 poculorum
1139 1940 1231 1974 alias
1267 1939 1434 1974 convivis
1466 1939 1618 1973 dictat.“

884 2007 925 2011 —
945 1989 1098 2029 Leuibus
1123 1987 1278 2030 insanis]
1305 1987 1382 2021 Cic.
1400 1985 1510 2020 Verr.
1526 1986 1618 2020 Aoo.

881 2037 914 2077 5,
944 2038 998 2078 11,
1025 2037 1089 2069 28:
1123 2037 1198 2068 Iste
1224 2036 1320 2068 enim
1341 2035 1496 2076 praetor
1519 2042 1619 2067 seve—

880 2091 944 2116 rus
969 2091 1014 2116 ac
1039 2083 1204 2125 diliqens,
1232 2083 1294 2123 qui
1315 2081 1447 2123 populi
1462 2082 1507 2114 R.
1529 2082 1618 2122 lem·-

882 2132 947 2163 bus
972 2138 1163 2171 nunquam
1193 2130 1395 2172 paruisset,
1429 2129 1504 2162 illis
1532 2128 1619 2170 levi-

881 2179 965 2220 bus,
1003 2186 1097 2218 quae
1128 2178 1170 2209 in
1199 2178 1343 2218 poculis
1374 2177 1616 2219 ponebantur,

881 2220 1074 2266 diliqenfter
1100 2225 1385 2265 obtemperabat.
1417 2222 1523 2257 conf.
1543 2221 1617 2257 Sat.

881 2275 914 2313 2,
941 2274 974 2314 2,
1002 2274 1081 2306 123.
1100 2290 1145 2295 —
1163 2271 1274 2314 capii]
1303 2270 1451 2313 „sumit,
1476 2270 1616 2314 eligit.“

881 2339 925 2343 —
958 2319 1085 2362 aeria]
1122 2317 1359 2363 „grandia“;
1401 2317 1467 2351 alii
1504 2317 1617 2350 simul

881 2367 1053 2401 referunt
1079 2366 1125 2399 ad
1147 2366 1276 2399 vinum
1301 2364 1504 2407 meracius,
1530 2373 1615 2397 cum

881 2414 1092 2448 timidiores
1118 2412 1277 2446 dilutius
1305 2413 1507 2446 sumerent.
1558 2409 1616 2444 Si-

881 2461 1021 2495 militer
1047 2468 1150 2494 acres
1171 2462 1318 2501 potores
1337 2458 1441 2500 dixit,
1467 2458 1534 2503 qui
1555 2467 1618 2492 ca-

883 2510 967 2542 lices
1001 2510 1178 2552 poscunt
1197 2507 1375 2548 maiores,
1415 2505 1489 2540 Sat.
1515 2507 1556 2541 2.
1581 2506 1615 2548 8,

881 2558 925 2589 35
953 2567 1007 2600 sq.
1029 2575 1070 2578 —
1090 2554 1210 2597 sortis]
1238 2553 1455 2596 „confidens
1473 2563 1514 2587 se
1534 2544 1616 2586 ine-

881 2603 1044 2637 briatum
1062 2612 1138 2635 non
1158 2601 1241 2634 i1·“i.
1263 2620 1305 2624 -
1323 2599 1472 2643 uvescit]
1500 2609 1614 2644 „pau-

880 2651 984 2684 latim
1009 2650 1138 2683 uvidus
1163 2648 1205 2682 fit
1236 2648 1381 2691 (Od.2,
1410 2648 1547 2689 19,18.
1581 2647 1615 2687 4,

880 2700 921 2740 5,
958 2698 1051 2739 39.),
1089 2696 1184 2729 bene
1219 2695 1366 2740 potus.“
1408 2713 1450 2718 --
1486 2692 1614 2736 Lepos]

882 2755 1040 2787 „nomen
1066 2743 1227 2788 insignis
1254 2741 1443 2776 saltatoris
1461 2740 1613 2814 Caessri
