1774 2930
700 123 794 159 LIB.
818 122 867 158 11.
917 121 1019 157 SAT.
1042 121 1108 156 111.

1579 119 1662 162 173

261 226 475 280 Extimui,
508 240 563 269 ne
593 239 670 268 vos
703 228 850 281 ageret
879 223 1057 266 vesania
1085 222 1269 276 discors,

263 298 331 340 Tu
360 297 695 349 Nomentanum,
726 299 775 337 tu
806 307 861 337 ne
893 307 1120 350 sequerere
1152 293 1359 335 Cicutam.

1579 292 1662 333 175

263 369 405 418 Quare
435 382 514 425 per
543 367 664 409 divos
695 370 838 408 oratus
869 370 1051 421 uterque
1080 364 1289 417 Penates,

264 439 332 481 'ru
363 453 466 482 eave
497 453 553 481 ne
583 438 771 491 minuas,
803 441 870 490 tu,
901 451 956 478 ne
987 436 1127 478 maius
1159 434 1291 477 facias
1322 433 1387 488 id,

263 509 389 558 Quod
419 510 524 552 satis
557 523 653 551 esse
684 511 807 564 putat
837 511 961 564 pater
992 510 1036 549 et
1065 510 1219 548 natura
1248 508 1429 547 coercet.

261 580 494 624 Praeterea
522 594 579 622 ne
609 593 686 621 vos
718 566 863 620 titillet
893 578 1047 634 gloria,
1080 577 1173 619 iure

261 651 444 694 Iurando
475 651 739 706 obstringam
771 649 920 691 ambo:
951 652 1049 690 uter
1079 647 1230 690 aedilis
1261 646 1444 689 fueritve

1581 645 1663 687 180

263 722 466 765 Vestrum
497 725 686 778 praetor,
718 721 755 761 is
785 719 1042 762 intestabilis
1075 722 1118 761 et
1150 732 1270 761 sacer
1299 721 1405 760 esto.

262 793 313 835 In
344 793 481 836 eicere
515 796 643 848 atque
675 791 775 833 faba
803 790 918 832 bona
946 794 994 831 tu
1024 789 1265 846 perdasque
1297 788 1475 845 lupinis,

265 863 401 906 Latus
433 867 482 904 ut
512 863 557 904 in
589 862 713 904 Cireo
745 861 930 917 spatiere
962 864 1005 903 et
1035 863 1195 902 aeneus
1225 863 1274 900 ut
1304 862 1412 912 stes,

244 993 320 1026 183.
347 992 397 1035 et]
422 994 487 1026 aut
513 1002 558 1036 ep
585 994 623 1026 et
646 991 790 1036 aliquot
812 989 997 1032 Potum-ii,
1021 989 1142 1023 LctF.

144 1091 250 1126 voltu
275 1091 316 1126 in
340 1091 587 1134 loeis-cavis“,
613 1093 820 1125 Lachern.
836 1110 879 1114 —

146 1139 437 1183 Nomentanum]
468 1139 671 1184 prodigum
696 1149 741 1172 ao
772 1139 881 1172 luxu-

144 1186 299 1220 riosum.
349 1185 423 1220 Sat.
450 1189 489 1229 1,
525 1189 565 1228 1,
604 1188 682 1220 102.
709 1205 752 1209 -—
781 1187 881 1219 Cicu-

146 1233 236 1276 tam]
275 1233 382 1267 Conf.
407 1244 439 1267 v.
466 1236 522 1267 69.
549 1252 592 1258 -—
617 1242 687 1275 per
720 1234 850 1266 divos·
866 1251 880 1257 -

146 1281 318 1323 Penates]
354 1280 449 1325 Epp.
477 1284 516 1323 1,
550 1282 591 1322 7,
625 1283 688 1314 94:
718 1289 788 1321 per
813 1281 881 1314 Ge-

146 1328 253 1359 nium
276 1329 514 1368 dextramque
539 1328 694 1367 deosque
717 1329 880 1360 Penates.

151 1391 195 1396 —
221 1376 362 1407 natura
386 1373 548 1416 coercet]
583 1374 717 1415 „certis
741 1373 881 1407 finibus

151 1420 444 1463 oireumscribit3
469 1421 622 1463 iudicat,
646 1420 753 1454 vobis
773 1423 809 1454 et
825 1420 882 1453 iu-

151 1470 248 1501 stum
276 1477 358 1502 esse
384 1470 422 1502 et
447 1468 655 1502 suffieere.“

199 1516 277 1548 181.
290 1515 521 1558 intestabilis]
533 1514 687 1559 proprie
702 1514 786 1557 „oui
796 1525 883 1559 pro-

148 1563 251 1606 pter·
267 1561 406 1596 delicta
438 1562 604 1605 (carmen
633 1562 772 1596 malum
806 1561 881 1595 Sat.

149 1610 184 1651 2,
209 1610 242 1651 1,
266 1609 342 1651 82.)
358 1609 418 1643 vel
441 1609 741 1656 prodigalitatem
765 1609 882 1642 inter-

148 1654 289 1690 dietum
321 1657 378 1690 est
413 1655 497 1690 iure
534 1656 791 1690 testimonium
825 1656 881 1689 di·-

150 1703 259 1736 cendi
301 1703 401 1748 apud
449 1703 616 1746 iudices,
665 1704 880 1737 testamenti

149 1749 262 1784 etiam
286 1750 452 1784 faciendi
469 1753 507 1784 et
530 1753 753 1785 testamento
772 1750 880 1795 quid-

150 1807 263 1841 quam
303 1797 350 1832 ab
391 1797 466 1831 alio
507 1798 752 1842 aecipiendi.“
802 1797 881 1831 Iam

150 1853 235 1878 oum
272 1847 379 1889 pater
415 1844 534 1878 filium
574 1845 727 1889 proprio
766 1855 881 1879 sensu

148 1890 401 1925 intestabilem
427 1902 509 1926 esse
534 1892 667 1926 iubere
692 1903 769 1925 non
794 1902 881 1936 pos-

150 1940 207 1972 set
232 1939 385 1981 (etenim
401 1939 473 1972 hoe
495 1939 577 1984 lege
595 1939 676 1972 fieri
695 1938 881 1980 debebat),

150 1988 306 2028 apparet
324 1986 385 2019 hie
403 1996 450 2020 ex
466 1986 650 2020 sermonis
668 1985 881 2031 quotidiani

152 2032 426 2066 consuetudine
441 2033 654 2077 significare
670 2033 882 2075 „hominem

152 2081 306 2122 propter
355 2079 631 2123 improbitatem
680 2079 882 2113 detestabi-

152 2125 262 2167 lem“,
297 2126 402 2159 velut
430 2125 565 2159 Salust.
597 2126 678 2170 Iug.
712 2129 776 2160 67:
815 2127 882 2158 im-

149 2173 286 2213 probus
311 2173 596 2213 intestabilisque
615 2173 724 2214 (adde
736 2173 881 2217 Fragm.

153 2217 217 2253 Or.
243 2218 334 2263 Lep,
363 2221 400 2252 1:
435 2220 540 2261 peior
564 2222 676 2260 alque
699 2221 884 2253 intestabi-

155 2266 254 2308 lior).
281 2285 323 2290 -—
350 2266 473 2309 sacer]
499 2277 555 2311 pr.
583 2266 671 2311 „qui
697 2267 801 2311 leges
827 2277 883 2300 sa-

152 2316 286 2356 eratas,
313 2313 450 2358 quibus
475 2313 737 2347 innitebantur
759 2313 882 2358 plebis

151 2359 248 2402 iura,
273 2360 444 2403 violarat,
476 2360 509 2394 is
533 2360 731 2405 plebiscito
755 2362 795 2393 in
823 2371 882 2394 eo-

152 2407 270 2441 mitiis
295 2407 447 2442 tributis
464 2410 593 2452 rogato
612 2418 718 2442 sacer
744 2407 802 2441 dis
826 2407 884 2441 in-

152 2453 244 2488 feris
269 2454 541 2489 iudicabatur.“
580 2455 715 2489 Festus
739 2466 775 2499 p.
802 2457 882 2489 318.

152 2500 278 2534 Meu:
318 2501 460 2544 „Homo
486 2512 593 2536 sacer
618 2503 651 2536 is
678 2505 746 2543 est,
772 2512 883 2549 quem

153 2548 319 2592 populus
351 2549 531 2582 iudicavit
556 2550 603 2583 ob
636 2548 883 2592 maleficium3

154 2605 278 2639 neque
302 2595 358 2629 fas
385 2599 442 2630 est
466 2606 551 2630 eum
576 2596 782 2638 immolari,
817 2596 883 2630 sed

156 2643 221 2685 qui
248 2642 395 2685 oceidit,
420 2643 613 2688 parricidii
639 2654 715 2677 non
734 2643 883 2676 damna-

154 2690 237 2731 tur3
262 2699 347 2723 nam
364 2690 448 2734 lege
465 2690 671 2724 tribunicia
687 2690 808 2734 prima
826 2700 885 2724 ea-

929 1094 1058 1124 vetur:
1098 1091 1143 1124 SI
1171 1090 1278 1132 QUIS
1313 1090 1436 1130 EUM,
1478 1089 1563 1129 QUI
1597 1088 1664 1121 ΕΟ

929 1138 1112 1171 PLEBEI
1170 1138 1304 1172 SCITO
1368 1137 1514 1170 SACER
1577 1136 1663 1177 SIT,

932 1185 1201 1227 OCCIDERIT,
1215 1184 1484 1218 PARRICIDA
1500 1184 1567 1216 NE
1578 1183 1664 1216 SIT.

929 1231 985 1265 Ex
1011 1243 1086 1276 quo
1113 1231 1238 1276 quivis
1267 1231 1377 1265 homo
1403 1230 1524 1264 malus
1549 1232 1663 1273 atque

930 1279 1123 1323 improbus
1148 1287 1253 1312 sacer
1277 1277 1461 1322 appellari
1485 1276 1614 1310 solet.“

980 1328 1148 1360 182-186.
1174 1328 1221 1358 In
1245 1324 1374 1367 cicere]
1398 1323 1527 1357 Ludos
1550 1323 1666 1368 signi-

930 1372 1035 1414 ficat,
1070 1383 1232 1419 quorum
1258 1372 1373 1406 editio
1406 1373 1562 1415 propter
1585 1370 1665 1415 gla-

931 1419 1096 1454 diatores
1115 1419 1357 1461 exhibendos,
1377 1419 1502 1452 forum
1520 1417 1665 1459 statuis,

931 1467 1075 1501 circum
1100 1466 1220 1501 tensis
1249 1465 1479 1508 ornandum,
1503 1466 1665 1499 maiores

931 1514 1063 1558 utique
1081 1513 1271 1558 impensas
1291 1513 1478 1547 aedilibus
1496 1522 1540 1546 ae
1556 1521 1665 1557 prae-

930 1562 1078 1595 toribus
1115 1561 1378 1603 contrahebat,
1416 1570 1528 1604 quam
1563 1559 1665 1604 quod

931 1617 1016 1642 cum
1041 1609 1090 1642 iis
1116 1609 1360 1642 coniunctum
1386 1611 1484 1649 erat,
1515 1610 1558 1640 ut
1582 1606 1666 1640 infi-

929 1666 1011 1690 mae
1035 1655 1258 1700 plebeculae
1280 1654 1586 1696 distribueretur,
1611 1654 1666 1687 fa-

930 1703 996 1745 ba,
1033 1703 1170 1747 lupini.
1221 1702 1294 1736 Sed
1337 1702 1511 1736 consulto
1547 1701 1665 1734 veluti

931 1751 1171 1794 contemptim
1203 1750 1372 1794 loquitur
1405 1749 1452 1782 de
1478 1747 1665 1782 eiusmodi

930 1797 1049 1839 ludis,
1083 1800 1126 1831 ut
1149 1797 1304 1831 Persius
1330 1799 1371 1838 5,
1406 1797 1493 1830 177:
1535 1797 1666 1838 Viqila,

931 1847 965 1878 el
982 1846 1076 1878 cicer
1088 1846 1214 1886 inqere
1230 1845 1333 1885 lar-ae
1345 1844 1503 1877 Rimanti
1514 1844 1664 1884 populo,

930 1894 1060 1925 nostra
1091 1894 1131 1924 ut
1163 1892 1332 1924 Floralia
1366 1891 1505 1932 possim
1538 1891 1667 1931 Aprici

929 1940 1131 1972 meminisse
1155 1947 1266 1972 senes.
1286 1957 1329 1961 —
1348 1937 1474 1980 Latus]
1503 1937 1665 1980 „cubitis

930 1986 1005 2020 late
1031 1986 1196 2020 distenta
1221 1986 1341 2031 toga“,
1367 1988 1410 2018 ut
1426 1984 1545 2029 Epod.
1563 1986 1597 2026 4,
1624 1986 1665 2017 8:

932 2035 1020 2066 Cum
1045 2035 1098 2066 bis
1124 2034 1234 2066 lm'am
1259 2034 1436 2066 ulnarum
1461 2035 1559 2072 loqa.
1596 2030 1667 2072 „Ut

930 2081 1092 2112 sublimis
1124 2081 1290 2113 incedere
1322 2090 1391 2123 pro
1428 2079 1595 2112 fastuose
1629 2080 1667 2111 et

931 2126 1129 2170 magnifiee
1147 2126 1298 2169 saepius
1322 2126 1500 2166 occurrit,
1525 2126 1580 2158 ita
1604 2135 1666 2158 eo·

931 2173 1014 2206 dem
1040 2183 1154 2206 sensu
1173 2175 1209 2206 et
1225 2173 1308 2217 pari
1326 2173 1549 2216 metaphora
1568 2172 1666 2205 lalus

931 2221 1095 2254 incedere
1124 2220 1184 2253 vel
1216 2221 1373 2261 spatiari
1404 2219 1546 2253 dictum
1581 2229 1665 2253 esse

931 2267 1135 2301 videatur.“
1184 2266 1330 2300 Bes-rh.
1381 2266 1488 2300 Ovid.
1513 2266 1603 2300 Her.
1630 2269 1664 2308 9,

933 2316 1019 2348 127:
1045 2315 1261 2356 Inqredilur
1289 2315 1362 2347 lale
1390 2315 1465 2347 lato
1489 2315 1666 2355 spectabi—

935 2362 977 2394 lis
995 2371 1101 2395 auro.
1120 2380 1164 2384 —
1184 2363 1216 2395 el
1242 2361 1391 2404 aeneus]
1420 2360 1665 2404 „Necessaria

932 2411 989 2442 est
1020 2409 1113 2442 haee
1139 2408 1349 2442 emendatio
1383 2409 1433 2450 (et
1461 2419 1529 2452 pro
1564 2408 1665 2450 aul);

931 2466 1118 2501 nusquam
1144 2456 1245 2489 enim
1271 2465 1405 2489 aeneus
1438 2454 1664 2500 trisyllabon

931 2503 1031 2547 apud
1048 2505 1195 2537 veteres
1219 2505 1349 2546 poetas
1374 2502 1547 2536 invenias
1573 2500 1664 2543 (nisi

931 2550 1027 2583 forte
1053 2550 1119 2584 ubi
1144 2560 1257 2594 prave
1283 2549 1485 2583 ediderunt
1509 2558 1577 2592 pro
1604 2556 1666 2580 ae-

931 2597 1050 2639 reus),
1083 2596 1150 2631 sed
1181 2597 1323 2641 ubique
1349 2599 1414 2630 aut
1438 2598 1572 2628 aeneus
1598 2596 1666 2628 aut

934 2644 1081 2677 aenas.“
1107 2644 1253 2677 Bam-12.
1274 2663 1316 2667 -—
1335 2646 1375 2676 ut
1392 2642 1476 2685 stes]
1505 2645 1569 2684 „ut
1594 2641 1663 2674 tibi

933 2690 1158 2725 decernatur
1192 2694 1315 2725 statua
1340 2700 1469 2732 aerea3
1503 2689 1568 2723 sed
1593 2688 1664 2722 hae
