1786 2912
187 126 243 168 66

684 124 893 159 HORATH
918 123 1203 159 SATJRARUM

306 227 530 269 Pastorem
561 227 737 269 saltaret
766 227 830 268 uti
862 226 1052 283 Cyclopa
1080 227 1281 282 rogabat:

305 297 377 339 Nil
408 298 471 339 illi
501 298 621 340 larva
653 302 725 340 aut
756 297 930 352 tragicis
963 311 1071 353 opus
1104 312 1199 340 esse
1232 297 1465 340 cothurnis.

305 369 441 411 Multa
472 368 690 411 Cicirrhus
723 369 776 410 ad
806 368 935 410 haec:
967 368 1185 411 Donasset
1215 369 1358 411 iamne
1390 373 1585 413 catenam
1647 370 1702 412 65

305 439 377 481 Ex
405 443 505 482 voto
535 439 740 493 Laribus,
774 439 1028 495 quaerebat3
1061 440 1201 483 scriba
1231 440 1345 496 quod
1375 444 1508 495 esset,

306 511 451 553 Nihilo
484 511 671 553 deterius
703 510 900 553 dominae
931 512 997 552 ius
1030 525 1140 553 esse.
1185 511 1385 567 Rogabat

306 582 524 638 Denique,
559 596 632 624 cur
662 596 851 638 unquam
882 581 1084 638 fugisset,
1117 583 1185 624 cui
1217 582 1321 624 satis
1350 596 1438 624 una

306 653 450 696 Farris
482 653 593 696 libra
623 653 752 707 foret,
786 653 934 709 gracili
966 654 1026 695 sic
1057 658 1230 709 tamque
1261 653 1431 709 pusillo.

305 725 490 767 Prorsus
520 724 703 767 iucunde
735 739 885 767 cenam
915 724 1195 780 produximus
1225 724 1356 766 illam.

1648 723 1703 764 70

309 796 544 838 Tendimus
576 796 676 838 hinc
707 799 823 838 recta
843 795 1154 849 Beneventum,
1187 795 1261 837 ubi
1290 795 1464 838 sedulus
1486 794 1644 850 hospes

285 934 341 966 70.
378 933 612 974 producimus
646 932 717 966 bcd
751 934 787 965 et
821 942 918 965 corr.
946 931 989 974 S,
1023 931 1112 966 item
1138 931 1312 966 Pottierii
1345 942 1475 966 omnes
1507 933 1658 976 praeter

237 991 356 1014 unum
384 981 438 1014 12.
464 979 526 1014 Sic
552 981 663 1014 etiam
688 979 884 1014 Bentleius
910 981 948 1013 et
971 979 1006 1013 J.

189 1094 238 1127 tis
279 1092 511 1137 temporibus
550 1103 707 1137 magnae
746 1102 924 1125 verrucae

188 1141 438 1175 innascantur
463 1140 502 1173 in
528 1140 681 1173 modum
715 1149 924 1173 cornuum:

189 1199 285 1232 quas
305 1199 390 1221 cum
407 1187 526 1221 incidi
543 1187 701 1229 faciunt,
728 1187 924 1220 cicatrices

188 1235 230 1268 in
246 1235 372 1269 fronte
391 1238 545 1269 manent
562 1234 673 1279 quasi
691 1237 802 1268 notae
821 1245 925 1268 exse-

189 1285 334 1316 ctorum
369 1292 565 1316 cornuum.
614 1281 659 1315 In
697 1282 800 1315 hunc
834 1292 924 1326 ergo

187 1331 365 1372 morbum,
392 1329 432 1362 id
458 1333 526 1372 est,
551 1329 662 1364 faciei
679 1329 822 1372 vitium,
848 1339 923 1373 quo

189 1377 369 1421 Campani
411 1377 603 1418 laborant,
650 1377 795 1410 iocatur
839 1375 924 1410 Sar-

188 1425 375 1459 mentus.“
420 1424 549 1458 COMM.
581 1423 701 1462 CRUQ.
751 1423 819 1457 Est
848 1424 924 1468 pri-

188 1482 271 1505 mus
299 1471 571 1516 elephantiasis
606 1471 757 1516 gradus.
784 1490 827 1494 —
854 1473 924 1504 Ρα-

189 1521 322 1552 storem
359 1520 514 1552 saltaret
552 1520 607 1551 uti
641 1518 819 1560 Cyclopa]
860 1521 925 1560 „ut

190 1566 361 1600 saltando
398 1566 618 1611 Cyclopem,
656 1565 778 1599 ferum
815 1566 924 1598 illum

190 1613 369 1648 Galateae
395 1615 616 1654 amatorem,
642 1612 854 1646 imitaretur
880 1623 923 1646 ac

189 1661 383 1695 referret.“
424 1660 499 1694 cfr.
527 1660 573 1694 ad
598 1659 691 1704 Epp.
718 1661 751 1701 2,
777 1662 809 1702 2,
837 1662 923 1692 124:

189 1711 230 1741 ut
254 1710 319 1749 qui
343 1709 449 1742 Nunc
472 1709 661 1749 Satyrum,
694 1715 792 1740 nunc
817 1715 924 1748 aare·

190 1758 279 1789 stem
313 1757 468 1797 Cyclopa
499 1757 673 1788 movetur.
709 1754 753 1787 V.
784 1756 924 1787 saltare

191 1803 246 1837 sic
272 1814 356 1836 cum
381 1803 592 1836 accusativo
619 1802 729 1835 etiam
755 1802 794 1833 in
811 1812 925 1845 prosa

191 1861 244 1884 or.
273 1850 408 1884 Vellei.
435 1849 580 1883 Patere.
607 1851 640 1890 2,
667 1850 729 1881 83:
765 1850 925 1882 Plancus

192 1907 271 1930 cum
289 1915 303 1921 -
322 1917 336 1922 -
355 1898 536 1931 Glaucum
574 1897 752 1928 saltasset.
803 1896 924 1929 Etiam

191 1945 337 1988 passive
365 1946 582 1988 usurpatur.
617 1942 725 1976 Ovid.
752 1943 864 1977 Trist.
892 1945 924 1984 2,

192 1995 280 2025 519:
315 1994 362 2024 Et
395 2001 478 2024 mea
503 1993 586 2024 sunt
618 1991 754 2031 populo
785 1992 925 2023 saltata

189 2042 361 2080 poemata
394 2048 512 2080 saepe.
541 2058 582 2062 —
619 2039 726 2071 larva
760 2048 836 2071 non
870 2040 926 2071 est

193 2087 413 2131 simpliciter
429 2095 599 2127 persona,
629 2085 694 2118 sed
719 2082 926 2132 μορμωλύ-

192 2145 310 2173 κειοιν,
339 2144 524 2178 „persona
541 2133 714 2166 horribili
734 2143 805 2166 sua
829 2133 925 2166 facie

193 2184 375 2215 terrorem
402 2181 626 2214 incutiens.“

242 2230 363 2261 65-70.
382 2230 561 2262 Donassct
576 2227 660 2269 cet.]
678 2226 925 2268 „Consecras-

194 2279 299 2309 setne
318 2276 357 2308 in
377 2277 526 2320 signum
550 2275 734 2308 libertatis
752 2277 926 2318 acceptae

194 2326 362 2356 catenam
381 2322 555 2363 Laribus,
582 2324 624 2355 ut
641 2321 798 2366 ingenui
816 2322 925 2366 pueri

195 2372 360 2414 (sumpta
377 2370 475 2403 virili
495 2370 594 2414 toga)
622 2368 746 2403 bullas
766 2373 803 2402 et
818 2370 926 2413 puel-

195 2418 253 2451 lae
278 2418 445 2461 pupas?“
489 2416 648 2450 Martial.
677 2418 713 2458 3,
742 2418 804 2449 29:
848 2418 927 2449 Has

196 2474 276 2498 cum
302 2465 447 2505 qemina
472 2465 639 2505 compede
665 2464 805 2496 dedicat
831 2467 927 2497 cate-

195 2521 281 2553 nas,
314 2513 490 2552 Saturne,
525 2512 588 2543 tibi
622 2511 762 2551 Zoilus,
798 2512 928 2543 anulos

195 2561 348 2601 priores.
399 2558 475 2592 Cfr.
514 2558 697 2590 Titinium
729 2558 853 2590 Bothii
891 2569 926 2601 p.

199 2609 218 2639 7
224 2611 262 2639 1:
290 2608 459 2640 Fortasse
483 2606 533 2638 sic
555 2607 677 2638 votum
695 2606 830 2646 secisse,
858 2614 928 2644 quo

198 2655 255 2687 die
299 2655 387 2687 liber
428 2655 540 2695 sorel;
588 2654 692 2685 Nunc
740 2653 814 2684 eius
855 2653 930 2684 voli

198 2702 492 2734 condemnata-sl:
527 2700 727 2732 immolavit
762 2700 927 2731 hostiam.

974 1091 1138 1137 Fugitivi
1166 1094 1203 1125 et
1228 1092 1373 1126 ostiarii
1397 1092 1619 1136 plerumque
1645 1101 1706 1125 ca-

974 1139 1091 1173 tenati
1118 1142 1237 1173 erant.
1266 1159 1308 1163 —
1335 1139 1481 1182 Nihilo]
1509 1138 1705 1182 „Pronun-

975 1186 1151 1220 ciandum
1178 1188 1235 1220 est
1252 1187 1361 1231 quasi
1384 1186 1567 1230 scriptum
1591 1185 1708 1219 fuerit

973 1235 1071 1268 Nilo.
1123 1233 1185 1267 Sic
1210 1233 1304 1278 Epp.
1338 1235 1371 1276 2,
1405 1235 1438 1276 2,
1467 1235 1552 1267 12οε
1597 1233 1705 1267 Vehe-

973 1290 1073 1314 mens
1107 1283 1139 1314 et
1174 1282 1332 1321 liquidus
1361 1289 1532 1322 puroque
1563 1281 1706 1313 similli-

973 1337 1052 1362 mus
1078 1327 1351 1367 amni.—-Quin
1369 1330 1407 1362 et
1428 1327 1524 1362 illud
1541 1327 1708 1362 animad-

973 1376 1080 1418 verti,
1098 1375 1399 1420 quotiescunque
1415 1375 1516 1420 apud
1528 1373 1707 1409 Nostrum

974 1423 1143 1457 occurrit
1165 1424 1300 1466 nihilo,
1333 1422 1586 1467 comparativo
1612 1433 1708 1457 sem-

973 1481 1042 1514 per
1073 1471 1276 1515 praeponi,
1311 1472 1354 1504 ut
1387 1469 1505 1504 Serm.
1533 1471 1565 1511 1,
1592 1471 1624 1512 1,
1649 1471 1706 1503 48.

974 1520 1007 1559 2,
1033 1521 1066 1561 3,
1092 1520 1147 1552 52.
1175 1519 1232 1552 56.
1258 1519 1338 1552 270.
1362 1516 1456 1562 Epp.
1483 1519 1517 1560 2,
1543 1519 1576 1559 2,
1604 1517 1706 1551 153.“

973 1565 1117 1598 BENTL.
1169 1584 1211 1588 ——
1263 1564 1445 1606 deterius]
1504 1564 1708 1608 opponitur

974 1614 1107 1653 optimo
1139 1613 1225 1645 iuri.
1252 1631 1298 1635 -—
1322 1620 1399 1645 una
1424 1613 1552 1644 Farris
1588 1611 1706 1654 libra]

974 1659 1068 1693 Cum
1110 1669 1304 1692 servorum
1346 1658 1566 1693 demensum
1602 1669 1707 1692 men-

974 1709 1121 1740 struum
1147 1706 1322 1750 quaterni
1349 1705 1544 1748 (Donatus
1568 1706 1609 1739 in
1635 1705 1707 1740 Te-

973 1755 1069 1788 rent.
1103 1753 1253 1786 Phorm.
1290 1756 1327 1795 1,
1355 1756 1392 1795 1,
1417 1753 1472 1795 9.)
1506 1753 1566 1787 vel
1599 1753 1707 1797 quini

975 1800 1142 1843 (Seneca
1183 1800 1249 1844 Ep.
1292 1801 1370 1842 80.)
1413 1800 1529 1834 modii
1571 1803 1707 1843 essent,

972 1847 1109 1881 XXIV.
1137 1848 1322 1881 librarum
1340 1847 1493 1892 singuli,
1519 1848 1707 1882 robustio-
1771 1875 1774 1879 .

974 1907 1034 1929 res
1061 1897 1264 1939 quaternas
1282 1895 1395 1929 farris
1418 1895 1534 1929 libras
1551 1896 1591 1928 in
1609 1905 1707 1940 pane

975 1946 1012 1976 et
1035 1943 1140 1987 pulte
1180 1942 1348 1986 quotidie
1383 1952 1607 1976 consumere
1640 1954 1706 1986 po-

975 1993 1109 2024 terant.
1137 2009 1182 2013 -—
1207 1990 1387 2032 Prorsus]
1420 1989 1502 2023 Hoc
1533 1989 1613 2023 adv.
1638 2000 1707 2033 per

976 2048 1015 2071 se
1041 2037 1331 2082 intelligendum
1354 2036 1588 2071 arbitrantur
1614 2047 1707 2070 non-

975 2085 1091 2118 nulli:
1142 2085 1203 2127 „in
1252 2095 1415 2126 summa,
1462 2094 1539 2118 uno
1582 2085 1707 2126 verbo,

976 2132 1172 2174 omnino;“
1207 2131 1273 2165 sed
1307 2131 1442 2176 quidni
1467 2131 1596 2175 potius
1620 2130 1707 2164 iun-

975 2190 1104 2224 gamus
1130 2190 1187 2212 vv.
1220 2187 1373 2220 prorsus
1405 2179 1588 2212 iucunde?
1630 2178 1706 2212 Cic.

975 2227 1021 2260 ad
1057 2226 1132 2260 Att.
1170 2230 1223 2269 16,
1259 2229 1314 2269 15,
1347 2228 1387 2260 2:
1417 2234 1571 2267 prorsus
1602 2227 1710 2259 vehe-

974 2277 1114 2308 menter
1147 2277 1180 2307 et
1212 2282 1345 2307 severe.
1373 2292 1416 2297 —
1440 2272 1707 2315 produximus]

977 2321 1212 2355 Concinnius
1239 2331 1323 2354 cum
1353 2321 1520 2365 perfecto
1551 2320 1708 2353 coniun-
1732 2356 1759 2364 ,s

976 2370 1078 2413 gitur
1116 2379 1148 2401 v.
1186 2369 1292 2401 illam
1330 2378 1441 2412 quam
1479 2378 1564 2401 cum
1600 2377 1708 2411 prae-

977 2416 1086 2458 senti,
1111 2415 1212 2460 quod
1232 2415 1444 2459 requireret
1460 2414 1587 2459 potius
1604 2415 1708 2448 hanc.

1025 2465 1145 2497 71-76.
1177 2461 1445 2504 Beneventum]
1472 2461 1568 2495 Plin.
1594 2461 1640 2494 H.
1663 2460 1707 2494 N.

978 2512 1010 2551 3,
1053 2513 1114 2543 11:
1158 2511 1404 2551 Hirpinorum
1445 2510 1591 2542 colonia
1630 2516 1709 2541 una

976 2559 1246 2598 Beneventum,
1298 2557 1522 2598 auspicatius
1569 2557 1708 2588 mutato

977 2606 1139 2645 nomine,
1174 2612 1267 2644 quae
1302 2605 1486 2645 quondam
1519 2603 1709 2644 appellata

978 2652 1235 2685 Maleventum.
1286 2652 1317 2684 A
1361 2650 1503 2684 Caudio
1545 2649 1710 2683 distabat

977 2697 1060 2731 XII.
1094 2698 1141 2731 M.
1175 2697 1215 2730 P.
1252 2717 1294 2720 —
1328 2699 1454 2739 hospes
1486 2696 1578 2739 cet.]
1613 2695 1711 2730 Con-
