1774 2930
686 153 779 206 ms.
803 153 851 188 11.
884 152 999 188 su.
1023 152 1089 187 π.

1557 153 1644 195 223

243 256 296 299 Ιιι
323 255 537 312 locuplete
565 254 692 297 domo
725 254 921 310 vestigia,
951 254 1081 296 rubro
1112 253 1187 296 ubi
1219 267 1348 296 cocco

247 326 402 369 Tincta
429 339 561 382 super
586 325 721 368 lectos
753 324 955 367 canderet
982 325 1116 368 vestis
1148 324 1357 378 eburnos,

245 396 467 453 Multaque
497 396 551 439 de
581 410 738 452 magna
769 400 1044 452 superessent
1075 395 1237 438 fercula
1268 409 1388 447 cena,

253 467 374 516 Quae
403 467 552 524 procul
584 467 812 509 exstructis
843 467 1012 509 inerant
1042 466 1244 509 hesterna
1274 466 1484 508 canistris.

1563 467 1645 508 105

248 537 381 595 Ergo,
411 538 486 580 ubi
516 551 733 594 purpurea
762 541 1004 593 porrectum
1034 538 1080 579 in
1108 541 1231 580 veste
1260 537 1416 579 locavit

249 609 493 665 Agrestem,
524 609 658 651 veluti
690 608 928 650 succinctus
959 609 1136 650 cursitat
1166 608 1325 664 hospes

251 679 568 735 Continuatque
599 679 732 735 dapes
764 693 844 721 nec
873 693 959 721 non
990 679 1211 721 verniliter
1239 679 1346 735 ipsis

249 749 463 806 Fungitur
492 749 656 803 officiis,
689 749 984 806 praelambens
1017 763 1142 791 omne
1173 750 1287 805 quod
1317 749 1454 792 affert.

249 820 327 863 Ille
358 820 518 862 cubans
549 819 707 876 gaudet
736 824 901 864 mutata
931 824 1046 862 sorte
1076 820 1287 876 bonisque

1565 820 1648 862 110

250 890 398 934 Rebus
430 891 519 946 agit
547 891 710 933 laetum
741 891 983 943 convivam,
1017 905 1113 932 cum
1146 890 1288 933 subito
1318 891 1471 947 ingens

249 961 481 1004 Valvarum
513 962 715 1018 strepitus
747 961 870 1004 lectis
903 962 1093 1004 excussit
1123 966 1365 1018 utrumque.

229 1091 308 1124 108.
341 1091 542 1124 ver-naliter

567 1102 603 1135 p,
637 1090 752 1124 Codd.
783 1090 873 1135 aliq.
898 1090 1071 1125 Pottierii
1104 1094 1142 1125 et
1166 1090 1257 1125 Lot.
1283 1110 1326 1115 -—
1356 1093 1435 1126 109.
1465 1093 1604 1133 praeli-

180 1138 268 1171 bans
292 1149 313 1172 e
340 1137 457 1172 codd.
482 1137 631 1172 duobus
658 1137 855 1172 Bentleius
885 1140 922 1172 et
947 1138 987 1171 F.

132 1248 210 1291 qia]
236 1249 519 1294 „ingreditur.“
556 1248 655 1283 Nos:
682 1251 754 1282 den
777 1250 866 1282 Fuss

131 1298 260 1328 scaen.
285 1295 393 1329 Conf.
417 1296 511 1340 Epp.
540 1299 570 1338 1,
598 1299 652 1338 19,
678 1298 734 1329 21.
789 1296 865 1330 Cic.

133 1341 296 1385 Philipp.
323 1343 363 1383 3,
389 1344 453 1384 12,
479 1345 546 1375 31:
576 1344 781 1383 ubicunque
802 1352 866 1384 po-

134 1389 208 1421 ntit
242 1390 443 1429 veetiaium.
483 1408 526 1412 —
564 1389 680 1432 cocco]
717 1398 734 1422 s
748 1399 802 1422 ca
818 1399 867 1422 r-

139 1435 279 1476 1ano,
303 1436 580 1478 scharlach,
605 1435 758 1470 nomine
775 1437 867 1470 mire

136 1483 315 1525 corrupto
348 1492 394 1515 ex
418 1483 588 1524 Galatia,
622 1493 699 1527 qua
731 1494 777 1516 ex
808 1494 868 1517 re·

137 1528 248 1573 gione
272 1528 452 1572 optimum
475 1538 631 1563 coccum
656 1530 714 1572 (K
716 1539 867 1573 ermes

134 1576 473 1619 Schildlaas)
510 1577 795 1642 importabatur.
823 1595 869 1602 —·

136 1621 322 1665 meret]
347 1623 628 1667 ·“„splendex;et
640 1649 649 1665 ,
674 1625 867 1659 rarissime

123 1667 183 1702 de
207 1668 281 1702 alio
307 1679 418 1713 quam
442 1670 528 1704 albo
549 1672 686 1713 colore,
710 1675 866 1716 excepto

133 1715 256 1756 ferro,
293 1716 476 1759 carbone,
516 1717 645 1752 favilla
681 1720 868 1761 cananae,

133 1762 178 1795 in
203 1762 340 1807 quibus
364 1764 510 1798 notioni
530 1765 690 1811 fulgoris
707 1766 868 1800 rutilan-

135 1809 186 1843 tis
209 1809 355 1844 accedit
384 1812 489 1846 notio
519 1812 678 1846 ardoris.
722 1812 796 1846 Ofr.
820 1813 868 1847 ad

134 1854 205 1889 od.
238 1859 501 1899 4,1,10.—
523 1859 656 1903 vestis]
689 1861 868 1906 stragula.

135 1902 360 1947 (flutas,
387 1906 488 1948 118.)
539 1906 614 1940 Cfr.
649 1906 724 1941 Sat.
758 1909 800 1949 2,
834 1910 868 1949 4,

134 1950 194 1983 84.
226 1969 270 1974 ——
300 1952 513 1995 procu11„
525 1964 655 1998 prope.
666 1956 684 1972 ‘⁸
745 1954 868 1989 Gloss.

136 1995 227 2030 cod.
268 1996 431 2043 Sangall.
486 2000 606 2045 Volgo
652 2001 868 2045 explicant:

139 2044 203 2084 „in
219 2044 374 2086 altum⁴‘‚
390 2046 498 2080 nullo
511 2050 635 2081 tamen
648 2048 762 2082 huius
776 2059 868 2083 usus

136 2090 307 2134 exemplo
343 2092 477 2135 allato3
515 2093 581 2127 sed
614 2097 747 2135 procul
783 2106 868 2128 cum

134 2136 351 2171 distantiam
399 2139 505 2173 nulla
546 2143 650 2175 certa
692 2152 870 2177 mensura

137 2183 329 2218 definitam
354 2185 557 2231 significet,
590 2188 781 2221 interdum
807 2199 869 2222 ex-

135 2230 272 2275 plicari
282 2231 400 2266 debet
413 2234 533 2275 iaxta,
559 2234 620 2268 vel
636 2235 869 2270 accuratius:

141 2278 297 2323 „exigua
321 2278 533 2314 distantia.“
579 2280 639 2315 Sic
657 2281 751 2326 Epp.
779 2285 810 2324 1,
835 2285 869 2325 7,

137 2326 203 2358 32:
221 2327 288 2359 Gai
302 2328 459 2360 mustela
471 2329 651 2369 procul--
662 2331 725 2362 ait.
749 2329 870 2364 Plaut.

138 2370 249 2405 eure.
278 2375 317 2415 1,
343 2375 385 2415 2,
412 2377 482 2408 18:
517 2377 636 2418 Quoia
659 2385 733 2410 vox
765 2380 871 2410 sonat

133 2421 293 2460 procul?
329 2420 434 2466 Virg.
467 2421 546 2455 Ecl.
585 2425 618 2465 6,
658 2426 728 2457 16:
764 2425 871 2458 Serta

134 2467 288 2508 procul,
315 2469 459 2501 tantum
483 2470 595 2511 capili
619 2471 788 2514 delapsa,
813 2472 871 2504 ia-

139 2514 277 2547 cebant.
303 2533 347 2537 —
373 2516 555 2559 canistris]
582 2519 624 2550 ut
647 2518 770 2562 primo
795 2528 873 2552 ma-

138 2569 187 2592 ne
211 2570 234 2593 a
258 2562 377 2595 servis
401 2566 666 2598 amoverentur
688 2575 871 2610 purgare·

139 2607 277 2650 turque
301 2608 520 2643 triclinium.

189 2700 355 2735 loe-109.
377 2704 593 2748 mocimus]
618 2706 674 2739 uti
697 2706 870 2741 solebant

915 1260 998 1283 esse
1041 1253 1267 1291 structores.
1318 1261 1433 1285 cenae
1475 1251 1650 1285 ministri.

916 1296 992 1330 Cfr.
1028 1295 1102 1331 Sat.
1136 1299 1177 1338 2,
1212 1300 1252 1338 8,
1287 1300 1340 1331 10.
1366 1317 1412 1322 --
1442 1299 1651 1342 Continuat]

917 1354 1063 1384 „unum
1097 1347 1183 1388 post
1214 1344 1373 1378 alterum
1399 1345 1525 1378 cibum
1561 1345 1653 1380 assi-

915 1390 989 1423 due
1007 1391 1197 1434 apponit.“
1213 1410 1257 1415 -
1271 1401 1337 1425 nec
1352 1392 1439 1435 non]
1462 1392 1542 1427 Hac
1566 1403 1653 1437 par-

916 1437 1119 1471 fieularum
1136 1439 1407 1482 compositione
1422 1439 1553 1474 Cicero
1569 1439 1653 1474 abs-

917 1484 1030 1525 tinet,
1064 1485 1186 1519 utitur
1209 1485 1343 1520 Varro.
1369 1506 1415 1510 —
1446 1487 1652 1530 verniliter]

918 1531 1048 1575 „ipse,
1087 1542 1171 1565 cum
1210 1543 1338 1567 servos
1370 1544 1449 1567 non
1482 1534 1653 1576 haberet,

916 1578 956 1611 in
970 1578 1120 1612 modum
1133 1590 1271 1613 vernae
1284 1580 1420 1614 alacris
1437 1584 1474 1614 et
1488 1582 1652 1626 prompti

915 1624 1115 1660 ministrat.
1120 1627 1138 1643 ‘⁴
1160 1628 1352 1660 Ver-uiliter
1368 1630 1493 1662 autem
1510 1629 1652 1663 rectior

916 1672 1117 1717 scriptura,
1141 1677 1186 1707 ut
1210 1675 1249 1707 in
1275 1686 1308 1708 v
1333 1677 1545 1718 vernilieas3
1569 1685 1652 1710 ver-

916 1721 1012 1752 nalis
1037 1723 1094 1754 est
1120 1722 1315 1763 „vernus.“
1358 1722 1486 1756 Manil.
1513 1725 1546 1763 3,
1571 1725 1653 1757 258.
1680 1765 1687 1770 ⁶

917 1786 960 1789 —
987 1768 1132 1810 officii-5]
1158 1767 1292 1802 Officia
1317 1777 1563 1825 opponuntur
1588 1771 1653 1805 da-

916 1814 1049 1858 pibus,
1080 1815 1170 1849 hinc
1196 1816 1368 1870 adiungit
1392 1819 1492 1859 ipsis,
1527 1829 1652 1863 „quae

917 1862 1134 1895 necessaria
1171 1866 1281 1897 erant
1316 1864 1357 1897 in
1394 1864 1550 1899 ferculis
1589 1876 1654 1910 ap-

916 1909 1115 1952 ponendis.
1119 1910 1137 1927 ‘⁴
1156 1929 1199 1933 —
1215 1912 1487 1955 praelambens]
1515 1912 1653 1957 Aptum

916 1966 951 1988 v.
977 1955 1023 1989 de
1049 1967 1156 1991 mure
1180 1968 1248 2001 pro
1275 1969 1337 1999 eo,
1372 1959 1472 2003 quod
1507 1960 1552 1994 de
1586 1960 1653 1994 ho-

916 2003 1018 2036 mine
1042 2003 1142 2038 foret
1162 2007 1420 2047 praematuras,
1454 2010 1519 2047 „ut
1543 2007 1654 2041 alteri

918 2050 1167 2129 significaret,
1218 2063 1330 2096 quam
1379 2053 1474 2087 lauti
1524 2058 1655 2088 essent

918 2105 938 2129 c
980 2107 1005 2129 1.

968 2145 1256 2188 111-117.a0it]
1284 2146 1468 2190 „praebet
1493 2158 1532 2181 se
1559 2148 1655 2182 hila-

917 2200 997 2222 rem
1015 2192 1226 2234 convivam,
1240 2193 1257 2210 ‘⁶
1286 2204 1375 2235 non,
1400 2197 1443 2227 ut
1458 2194 1536 2237 alii,
1563 2195 1655 2237 „fin-

917 2236 972 2281 git
1005 2248 1068 2279 se,
1102 2238 1288 2273 simulatf‘
1316 2259 1360 2264 —-
1385 2242 1503 2275 subito
1526 2243 1655 2284 invem

919 2283 1003 2326 cet]
1042 2284 1289 2330 Cogitandum
1327 2287 1373 2322 de
1411 2288 1550 2331 servis,
1587 2290 1655 2335 qui

919 2330 989 2364 sub
1038 2332 1247 2367 diluculum
1298 2335 1476 2369 conclave
1529 2338 1654 2382 scopis

919 2379 1164 2424 spongiisque
1181 2382 1382 2426 purgaturi
1407 2386 1534 2426 erant3
1560 2395 1654 2429 quo-

918 2435 1002 2458 rum
1026 2427 1189 2471 strepitu
1212 2428 1324 2462 simul
1348 2430 1559 2464 excitantur
1577 2442 1655 2465 mo·

918 2471 1031 2515 lossi,
1057 2473 1190 2509 domus
1216 2476 1402 2511 custodes.
1439 2477 1653 2512 Mercurius

915 2520 1018 2575 apud
1053 2519 1210 2555 Lucian.
1240 2522 1339 2557 Dial.
1370 2524 1575 2566 Deor.24,
1611 2528 1654 2558 1:

915 2562 1038 2600 ἔωθεν
1068 2568 1140 2611 μὲν
1171 2567 1244 2623 γὰρ
1276 2568 1537 2613 ἐξαναστάντα
1568 2573 1655 2605 σαί-

918 2623 998 2661 ρειν
1014 2612 1059 2648 τὸ
1077 2613 1298 2659 συμπόσιον
1315 2617 1376 2650 δεῖ
1387 2619 1453 2650 καὶ
1470 2617 1579 2651 &taor

918 2671 1041 2694 σαντα
1063 2660 1137 2706 τὴν
1159 2663 1311 2697 κλισίαν
1336 2662 1587 2698 εὐθετωαντα
1614 2676 1653 2699 τε

914 2703 1061 2742 ἕκαστα
1109 2708 1343 2757 παρεστάναι
1391 2712 1443 2757 τῷ
1491 2711 1560 2746 Διί.
1610 2733 1654 2738 —-
