1774 2930
134 148 216 190 174

638 148 848 183 HORATH
873 148 1157 184 SATIRARUM

249 243 400 285 Nudus
433 244 567 299 agris,
600 243 740 285 nudus
771 244 978 298 nummis,
1010 245 1181 300 insane,
1214 248 1428 303 paternis3

250 314 423 357 Scilicet
454 319 502 356 ut
532 315 731 371 plausus,
765 329 872 371 quos
903 315 987 358 fert
1016 316 1232 373 Agrippa,
1265 317 1378 361 feras
1409 322 1477 373 tu,

1575 321 1656 361 185

250 385 408 428 Astuta
438 387 673 442 ingenuum
704 386 852 442 volpes
885 386 1053 429 imitata
1081 388 1264 431 leonem.

248 456 314 499 Ne
347 457 442 513 quis
474 456 677 499 humasse
708 457 814 499 velit
844 457 1043 511 Aiacem,
1075 458 1249 513 Atrida,
1280 464 1402 503 vetas
1434 461 1539 503 cur?

249 527 348 570 Rex
379 541 487 569 sum.
548 527 622 569 Nil
651 528 766 570 ultra
797 542 955 584 quaero
987 529 1196 585 plebeius.
1257 529 1317 573 Et
1347 545 1529 588 aequam

249 598 360 641 Rem
392 599 615 655 imperito3
649 613 698 642 ac
730 600 767 641 si
798 600 866 641 cui
897 600 1045 642 videor
1074 615 1160 643 non
1190 602 1354 656 iustus,
1387 603 1523 645 inulto

250 669 426 723 Dicere,
460 670 574 726 quod
605 671 753 723 sentit,
785 670 999 726 permitto.

1037 712 1039 714 .
1060 671 1248 715 Maxime
1277 687 1446 729 regum,
1573 675 1656 716 190

248 739 308 782 Di
338 741 418 782 tibi
449 741 552 783 dent
585 745 710 798 capta
741 742 923 784 classem
954 742 1166 786 deducere
1199 743 1351 786 Troia!

228 848 307 880 188.
346 856 483 888 quaere
510 858 555 881 ex
579 847 758 882 Blandin.
792 847 992 892 antiquiss.
1018 859 1040 883 a
1063 860 1120 893 pr.
1147 860 1196 883 m.
1221 849 1430 885 Bentleius.
1458 869 1500 875 —

1529 852 1608 884 191.

178 895 355 928 reducere
382 905 411 928 s.
436 896 637 929 redducere
663 895 762 939 bScp
788 898 826 930 et
850 898 1001 940 praeter
1026 907 1145 930 unum
1169 897 1344 932 Pottierii
1370 908 1512 941 omnes,
1537 898 1610 932 Ve-

179 945 268 975 neta
296 944 409 984 1481.,
435 942 514 976 Lct
540 946 576 977 et
600 942 800 976 Heindorf.

128 1024 293 1068 gloriola
309 1024 489 1069 abreptus
507 1026 656 1059 interea
668 1036 747 1059 rem
765 1028 868 1059 tuam

130 1071 358 1105 familiarem
377 1072 585 1117 disperdes.
620 1072 764 1107 Verum
782 1073 869 1107 ade-

131 1129 203 1152 one
231 1119 370 1153 stultus
395 1122 436 1153 tu
462 1120 550 1161 eris,
576 1123 618 1153 ut
644 1131 773 1164 speres
799 1131 870 1154 ιιιι-

130 1177 242 1210 quam
254 1167 348 1209 fore,
362 1170 404 1200 ut
417 1170 606 1212 tamquam
616 1168 726 1202 alteri
733 1168 869 1213 Agrip-

130 1224 201 1257 pae
240 1214 309 1248 tibi
343 1215 508 1259 populus
544 1214 747 1259 plaudat?“
798 1215 871 1248 Im-

129 1261 263 1304 primis
277 1263 404 1296 autem
418 1265 505 1306 apta
519 1265 577 1296 est
588 1262 703 1297 huius
717 1263 870 1305 mentio,

132 1309 222 1352 quia
244 1308 414 1354 Agrippa
444 1310 581 1343 consul
606 1321 639 1344 a.
666 1321 704 1343 u.
730 1320 762 1343 c.
789 1312 869 1344 721.

132 1358 266 1400 sponte
293 1356 488 1391 aedilitate
506 1360 682 1401 suscepta
707 1357 807 1391 ludis
835 1360 871 1391 et

131 1403 360 1447 spectaculis
394 1404 778 1449 magnificentissimis
803 1416 870 1449 po-

130 1450 212 1494 puli
237 1451 414 1495 plausum
439 1451 591 1486 tulerat.
631 1452 718 1495 (Dio
736 1455 794 1494 49,
813 1455 869 1486 43.

129 1497 434 1541 Plin.H.N.36,
464 1499 535 1541 15.)
560 1499 750 1543 Perquam
776 1500 870 1534 scite

129 1556 183 1586 ως
207 1545 249 1578 ἐν
274 1542 430 1592 παρόδῳ
442 1546 648 1591 Agrippam
670 1547 868 1582 laudat.—

128 1592 274 1635 Astula]
290 1593 412 1634 „Quia
425 1594 527 1638 quod
547 1594 605 1628 leo
620 1594 779 1637 viribus,
797 1595 868 1629 hoc

129 1640 258 1684 volpes
284 1641 424 1674 astutia
448 1641 559 1686 agit.“
594 1640 744 1675 AGRON.
777 1642 869 1676 Pro-

129 1687 301 1722 verbium
327 1687 477 1722 videtur
506 1688 654 1733 potius,
689 1690 802 1733 quam
828 1692 870 1723 ut

128 1734 308 1769 fabellam
324 1734 526 1780 Aesopiam
549 1735 756 1781 significet3
783 1737 869 1770 nul-

129 1782 205 1816 lam
232 1785 333 1817 certe
351 1783 476 1817 adhuc
500 1783 730 1817 invenerunt
746 1783 868 1818 Inter-

126 1831 267 1874 pretes,
294 1841 391 1874 quae
416 1831 494 1864 huc
521 1830 690 1875 quadret.

180 1878 365 1911 187-191.
404 1879 457 1911 Ne
484 1879 564 1919 quis
589 1879 755 1912 humasse
782 1877 866 1920 cet.]

129 1934 177 1958 ex
201 1924 359 1969 antiqua
383 1925 509 1970 legum
525 1925 699 1967 formula,
724 1936 758 1959 V.
776 1935 808 1959 c.
826 1925 866 1958 in

130 1970 167 2005 S.
195 1971 234 2005 O.
261 1971 307 2006 de
338 1972 661 2007 Bacchanalibus:
699 1974 753 2006 Ne
787 1974 867 2014 quis

129 2027 256 2052 eorum
281 2020 461 2053 baccanal
492 2021 659 2054 habuisse
683 2021 803 2054 vellet.
823 2039 865 2044 —

128 2065 180 2099 Ut
197 2067 498 2101 narratiunculis
517 2078 536 2101 e
554 2068 631 2101 vita
644 2067 867 2112 quotidiana

128 2113 259 2158 petitis
289 2115 493 2148 utebantur
519 2114 636 2149 Stoici
663 2117 699 2149 et
723 2115 866 2149 Acade-

128 2161 229 2203 mici,
257 2161 311 2195 sic
337 2173 520 2207 persaepe
547 2163 659 2196 etiam
686 2162 866 2207 exempla,

131 2209 269 2252 quibus
295 2209 540 2244 illustrabant
572 2210 675 2244 locos
702 2220 867 2243 commu-

130 2266 218 2297 nes,
252 2257 431 2299 petebant
465 2268 510 2291 ex
543 2258 697 2302 tragicis
732 2258 866 2302 poetis,

129 2303 444 2346 quemadmodum
476 2305 514 2338 h.
545 2304 570 2338 l.
597 2315 643 2338 ex
669 2303 866 2349 Sophoclis

128 2349 265 2391 Aiace,
298 2351 363 2385 ubi
397 2351 591 2385 Menelaus
616 2351 866 2397 Agamemno-

129 2396 189 2430 nis
207 2398 360 2431 nomine
380 2398 568 2432 Teucrum
591 2399 719 2434 fratris
737 2398 866 2433 Aiacis

130 2443 290 2478 cadaver
322 2446 482 2489 sepelire
513 2449 624 2480 vetat.
665 2446 776 2491 Fingi
802 2458 866 2480 au-

129 2493 204 2525 tem
231 2491 463 2536 colloquium
494 2493 594 2527 inter
619 2493 865 2539 Agamemno-

129 2549 215 2572 nem
255 2541 292 2573 et
328 2540 541 2584 gregarium
578 2541 745 2585 aliquem
782 2541 865 2576 eius

129 2586 285 2619 militem
299 2586 409 2632 volgo
424 2589 614 2630 statuunt3
642 2588 707 2622 sed
722 2588 865 2622 rectius

130 2632 373 2668 Sanadonus:
391 2636 540 2668 Horace
556 2638 628 2668 mel
645 2644 697 2668 un
709 2637 867 2670 Stoicien

129 2689 207 2714 aum
238 2683 355 2722 prisce
382 2690 470 2715 avec
495 2690 547 2714 un
572 2684 641 2715 roi.
690 2684 763 2716 Son
788 2685 865 2716 des-

128 2729 206 2760 sein
249 2732 299 2761 est
335 2730 378 2762 de
414 2732 577 2762 momrer
620 2731 710 2770 qu'il
747 2731 806 2771 n’y
843 2739 866 2763 α

915 1027 1020 1067 point
1033 1025 1185 1070 d'exces,
1204 1025 1252 1060 οὐ
1273 1029 1475 1061 l’ambition
1491 1037 1536 1061 ne
1549 1031 1656 1069 porte

922 1074 971 1106 les
998 1075 1167 1107 hommes.
1205 1072 1460 1116 Auamemnon
1485 1083 1529 1108 en
1554 1077 1655 1116 sour-

918 1121 973 1153 m't
989 1122 1188 1164 l'exemple‚
1203 1123 1238 1155 et
1253 1123 1285 1155 le
1292 1123 1504 1164 philosophe
1515 1131 1656 1164 prouve

919 1177 964 1200 en
994 1169 1110 1202 bonne
1142 1170 1259 1210 forme
1293 1178 1343 1203 au
1377 1170 1459 1211 chef
1487 1170 1548 1203 des
1579 1171 1655 1203 reis

919 1216 962 1248 de
998 1216 1035 1248 la
1070 1213 1202 1259 Grece,
1241 1217 1332 1257 qu'il
1365 1219 1415 1250 est
1448 1225 1500 1250 un
1532 1218 1596 1259 sou
1623 1220 1656 1250 et

918 1271 971 1295 un
995 1264 1159 1304 suricum.
1208 1263 1318 1298 Hanc
1343 1266 1468 1298 autem
1493 1263 1568 1298 loci
1593 1274 1655 1299 ac·

920 1309 1087 1354 cipiendi
1111 1310 1297 1345 rationem
1321 1321 1480 1356 prorsus
1497 1321 1656 1346 consen-

919 1359 1067 1391 taneam
1086 1368 1169 1392 esse
1195 1357 1330 1392 solitae
1355 1357 1655 1403 disputationum

920 1404 1130 1438 Stoicarum
1153 1405 1307 1448 formae,
1333 1405 1483 1451 egregie
1501 1405 1654 1440 demon-

920 1454 1014 1485 strat
1030 1452 1264 1497 colloquium
1282 1452 1389 1495 illud,
1407 1452 1510 1498 quod
1523 1463 1654 1488 versus

921 1498 1098 1544 Cynicus,
1124 1500 1191 1544 qui
1208 1500 1309 1534 idem
1334 1503 1391 1535 est
1414 1510 1499 1534 cum
1517 1499 1655 1543 Stoico,

919 1547 1095 1580 similiter
1105 1547 1273 1582 instituit
1282 1558 1369 1582 cum
1496 1559 1655 1582 emnone

918 1594 1019 1647 apud
1037 1594 1252 1638 Epictetum
1268 1594 1424 1630 Arriani
1448 1597 1481 1637 3,
1507 1597 1564 1637 22,
1590 1597 1655 1629 31:

921 1637 1058 1682 Τάλας,
1083 1643 1120 1674 τί
1143 1642 1219 1675 τῶν
1244 1642 1324 1676 σῶν
1348 1638 1428 1683 ἔχει
1452 1642 1605 1684 xerxe-33,-
1629 1639 1654 1685 ἦ

917 1688 1078 1744 κτῆσις,·
1104 1686 1182 1722 Οὐκ
1208 1685 1298 1730 ἔχει.
1334 1687 1388 1723 Τὸ
1413 1689 1551 1732 σῶμα,·
1576 1687 1656 1723 Οὐκ

916 1731 1006 1775 ἔχει.
1042 1733 1148 1769 Ἀλλὰ
1165 1733 1410 1794 πολύχρυσος
1433 1734 1467 1770 εἶ
1492 1738 1558 1770 καὶ
1583 1746 1656 1770 πο-

917 1779 1120 1825 λύχαλκος.
1155 1785 1199 1817 Τι’
1215 1783 1286 1817 οὖν
1304 1795 1370 1819 σοι
1386 1780 1511 1818 κακόν
1527 1784 1655 1824 ἐστιν;

913 1827 1072 1871 Εκεῖνο,
1089 1826 1115 1864 ὅ
1127 1841 1162 1864 τι
1176 1833 1279 1879 ποτέ,
1287 1829 1484 1887 ἦμέληταὶ
1500 1843 1572 1866 σου
1591 1810 1658 1865 ml

915 1878 1205 1934 κατέφθαρται,
1219 1870 1252 1925 ᾧ
1275 1876 1508 1934 ὀρεγόμεθα,
1537 1870 1568 1926 ᾧ
1592 1879 1656 1913 ἐκ-

917 1924 1109 1967 κλίνομεν,
1133 1925 1164 1959 <i
1182 1914 1364 1972 ὁρμῶμεν
1380 1928 1447 1960 καὶ
1464 1916 1656 1973 ἀφορμῶ-

915 1983 998 2015 μεν.
1018 1991 1061 1996 -
1080 1973 1180 2016 velit]
1197 1973 1390 2008 Posterior
1408 1973 1553 2019 syllaba
1569 1985 1655 2018 pro-

916 2020 1069 2054 ducitur
1083 2020 1120 2054 vi
1134 2020 1231 2055 arsis
1245 2024 1283 2055 et
1295 2031 1488 2056 caesurae.
1506 2021 1593 2055 Vid.
1606 2020 1654 2055 ad

917 2067 993 2102 Sat.
1012 2069 1045 2110 2,
1063 2069 1096 2110 2,
1113 2069 1171 2101 47.
1191 2087 1235 2092 —
1253 2070 1337 2103 Rea·
1350 2069 1445 2112 sum]
1462 2069 1544 2112 „sie
1558 2069 1654 2110 volo,

914 2117 966 2148 sic
982 2116 1109 2155 iube03
1134 2116 1181 2148 sit
1194 2124 1266 2157 pro
1282 2117 1428 2149 ratione
1443 2117 1654 2150 voluntas.“

916 2162 1061 2204 (Iuven.
1080 2164 1113 2204 6,
1131 2163 1226 2206 223.)
1252 2162 1423 2198 Demisse
1448 2162 1656 2207 respondet

915 2210 1022 2253 alter,
1047 2209 1148 2244 unde
1174 2221 1243 2244 rex
1266 2210 1454 2255 particula
1477 2212 1537 2252 Et,
1563 2210 1655 2255 quia

916 2257 1014 2291 nihil
1043 2257 1234 2292 obiectum
1267 2258 1411 2301 fuerat,
1446 2258 1652 2292 orationem

916 2304 1132 2348 continuat3
1160 2315 1258 2349 quae
1270 2305 1367 2340 ratio
1381 2307 1439 2339 est
1453 2306 1490 2339 et
1503 2304 1652 2349 elegan-

915 2351 989 2386 tior
1007 2355 1044 2386 et
1060 2350 1376 2399 δραματικωτέρα
1401 2362 1513 2396 quam
1538 2351 1653 2385 Bent-

915 2399 981 2433 leii
1008 2407 1155 2440 quaere.
1172 2418 1215 2423 -—
1229 2398 1399 2442 imllo]„
1402 2399 1456 2433 ita
1471 2401 1515 2432 ut
1531 2398 1654 2453 impu-

915 2443 1020 2480 nitus
1044 2449 1212 2489 maneat;
1203 2446 1234 2465 ·“
1276 2446 1317 2479 in
1343 2456 1457 2490 prosa
1482 2445 1652 2480 oratione

917 2493 1127 2538 „impune.“
1156 2512 1200 2517 —
1226 2494 1276 2527 Di
1307 2494 1374 2526 tibi
1403 2493 1504 2536 dem]
1542 2493 1652 2526 Hom.

914 2541 1022 2574 Iliad.
1048 2551 1091 2581 α,
1119 2541 1182 2573 18·
1217 2537 1282 2583 ’Τμ
1285 2544 1319 2573 ῖν
1343 2541 1416 2584 μὲν
1440 2540 1528 2573 θεοὶ
1551 2538 1653 2573 δοῖεν

913 2585 1107 2642 Ολύμπια
1132 2584 1275 2630 δώματ’
1312 2583 1467 2646 ἔχοντες
1500 2585 1652 2644 Ἐκπέρ-

917 2647 983 2668 σαι
1006 2631 1202 2682 Πριαμοιο
1236 2631 1366 2675 πόλιν,
1399 2628 1441 2668 εὖ
1472 2632 1504 2666 δ’
1529 2631 1653 2667 οἴκαδ’

917 2683 1082 2716 ἱκέσθαι.
1102 2701 1144 2706 -
1163 2682 1356 2724 deducere]
1385 2681 1559 2724 „domum
1585 2681 1653 2715 du-

916 2730 1038 2773 cere“,
1079 2732 1122 2764 ut
1158 2730 1330 2763 decedere
1368 2730 1411 2762 de
1446 2728 1653 2770 provincia,
