1774 2930
126 130 210 173 172

625 132 833 167 HORATH
857 133 1144 169 SATIRABUM

240 237 338 280 Non
370 243 436 281 est
466 241 662 296 periurus
694 255 835 296 neque
867 241 1087 296 sordidus3
1118 242 1310 285 immolet
1341 243 1490 299 aequis

240 309 326 351 Hic
345 324 523 366 porcum
542 311 750 352 Laribus:
773 326 924 354 verum
946 312 1197 355 ambitiosus
1219 317 1262 356 et
1283 313 1447 368 audax3

1563 315 1645 356 165

239 379 427 436 Naviget
456 381 721 438 Anticyram.
766 382 881 430 Quid
911 384 1026 425 enim
1057 383 1211 438 differt,
1243 385 1502 427 barathrone

240 450 388 494 Dones
421 452 628 508 quidquid
658 453 810 502 habes,
843 468 897 495 an
928 467 1146 510 nunquam
1175 459 1299 498 utare
1330 455 1523 512 paratis?

242 521 417 565 Servius
450 523 663 579 Oppidius
696 524 859 566 Canusi
892 524 975 567 duo
1006 525 1196 581 praedia,
1229 526 1349 570 dives

241 593 431 650 Antiquo
464 609 609 648 censu,
641 596 782 651 gnatis
815 596 975 638 divisse
1007 597 1174 638 duobus

240 664 396 707 Fertur
426 669 469 708 et
499 665 581 707 hoc
611 667 798 709 moriens
830 667 976 723 pueris
1009 667 1172 710 dixisse
1203 669 1368 711 vocatis

1563 669 1646 710 170

240 735 311 777 Ad
340 737 521 778 lectum:
555 737 792 793 Postquam
823 743 867 780 te
898 739 1021 791 talos,
1055 738 1180 792 Aule,
1211 753 1428 795 nucesque

241 806 373 850 Ferre
405 808 502 850 sinu
531 808 645 862 laxo,
679 809 837 851 donare
870 813 913 851 et
942 809 1090 852 ludere
1122 810 1230 863 vidi,

242 878 320 931 Te,
355 878 517 933 Tiberi,
550 894 790 934 numerare,
824 880 939 922 cavis
972 881 1234 924 abscondere
1265 881 1455 935 tristem;

220 997 300 1030 166.
325 997 518 1030 balatrone
545 1008 565 1031 e
593 997 683 1031 Cod.
700 998 909 1043 Reginensi
936 1001 973 1032 et
991 998 1157 1032 Galeano
1175 999 1386 1042 Bentleius,
1412 1001 1600 1033 balatrom'

168 1042 295 1077 Acron
324 1046 438 1086 1481„
464 1044 538 1078 duo
564 1045 802 1087 Bersmanni,
827 1046 869 1079 F.
888 1065 931 1069 —
952 1047 1030 1079 170.
1056 1047 1121 1079 hoc
1138 1045 1228 1090 bSp,
1253 1046 1429 1080 Pottierii
1455 1057 1598 1088 omnes,

168 1092 194 1132 t,
221 1100 330 1133 „cum
357 1091 588 1126 editionibus
614 1093 771 1127 vetustis
798 1096 835 1127 et
859 1093 1128 1138 manuscriptis
1153 1093 1233 1127 fere
1261 1093 1458 1128 omnibus“
1485 1094 1600 1128 Bent-

169 1137 267 1172 leius
282 1149 290 1171 :
314 1140 405 1172 haec
430 1138 606 1182 0,LCFM.

172 1234 339 1268 164-166.
364 1235 448 1268 Non
473 1236 524 1267 est
550 1234 635 1277 cet.]
664 1234 860 1277 „Concedo

119 1279 286 1324 aliquem
306 1281 515 1316 sceleribus
534 1291 611 1316 non
633 1284 861 1326 coopertum,

122 1337 200 1360 non
241 1328 439 1371 periurum
482 1339 563 1363 esse
606 1340 730 1373 neque
767 1329 861 1364 adeo

121 1375 332 1418 sordidum,
358 1379 401 1410 ut
425 1380 626 1420 propterea
650 1376 761 1410 fidem
786 1378 862 1411 lae-

120 1421 186 1455 dat
202 1432 246 1456 ac
261 1423 419 1466 furetur,
438 1424 604 1458 concedo
618 1435 704 1459 eum
718 1424 862 1458 idcirco

121 1471 275 1503 Laribus
302 1469 446 1514 aequi-ss⁷
474 1471 512 1504 id
538 1474 614 1513 est,
641 1482 717 1505 non
743 1471 862 1514 iratis,

121 1527 236 1560 porco
262 1517 387 1551 facere
413 1529 524 1562 posse
554 1519 636 1561 (cfr.
656 1518 725 1552 Od.
745 1521 778 1562 3,
806 1521 861 1561 23,

121 1564 192 1606 4.):
210 1566 248 1598 at
262 1565 436 1607 eundem,
456 1565 487 1599 si
507 1566 556 1599 sit
573 1566 794 1600 ambitiosus
813 1569 861 1608 et,

121 1622 196 1655 quo
215 1612 413 1646 ambitioni
440 1613 657 1655 satisfaciat,
684 1613 862 1647 audacter

119 1659 239 1693 multa
255 1660 446 1702 moliatur,
471 1671 492 1694 a
517 1660 657 1704 quibus
674 1661 863 1695 abstineat

119 1706 231 1740 homo
249 1707 453 1749 modestus,
479 1708 656 1741 insanum
674 1718 756 1742 esse
775 1718 861 1742 cen-

118 1764 205 1796 seo,
239 1765 283 1788 ac
317 1757 519 1798 propterea
553 1755 587 1789 ei
619 1755 861 1799 praecipiam,

120 1803 163 1834 ut
186 1802 407 1847 Anticyram
434 1802 618 1847 naviget.“
638 1821 683 1826 —
702 1803 861 1835 immolet

120 1849 343 1892 ”port-um]
368 1849 451 1883 Non
477 1849 649 1893 loquitur
675 1849 721 1883 de
747 1850 862 1883 sacri-

120 1895 206 1930 ficio
233 1896 452 1940 expiatorio,
478 1897 546 1930 sed
572 1896 618 1930 de
645 1897 780 1941 quovis
802 1897 862 1930 vel

121 1946 313 1977 menstruo
339 1944 400 1978 vel
425 1944 698 1987 anniversario,
728 1956 750 1978 a
776 1944 860 1988 qui-

121 1991 193 2024 bus
235 1994 359 2025 mente
402 1992 502 2035 capti
545 1992 787 2026 arcebantur.
817 2011 859 2014 —

120 2039 277 2079 Naviget
300 2039 526 2082 Anticyram]
557 2039 625 2081 „ad
651 2038 861 2072 elleborum

121 2086 378 2119 sumendum.“
423 2085 521 2120 Cels.
548 2089 581 2129 3,
609 2088 676 2120 18:
714 2088 761 2119 In
797 2088 862 2119 tri-

119 2134 222 2166 stitia
256 2133 539 2176 (melancholia)
574 2135 721 2175 niqrum
753 2142 861 2167 vera-

118 2182 218 2213 trum
237 2182 444 2214 deiectionis
462 2190 586 2223 causa,
612 2183 652 2214 in
672 2182 861 2214 hilaritate

121 2227 222 2268 (cum
247 2228 328 2262 risu
353 2228 636 2273 desipientium)
663 2230 788 2262 album
813 2229 862 2261 ad

119 2276 298 2307 vomitum
341 2277 574 2310 eoecitandum
621 2277 705 2308 dari
746 2277 859 2309 debet.

124 2320 232 2355 Conf.
258 2333 291 2355 v.
319 2324 363 2356 82
391 2334 446 2367 sq.

172 2371 354 2403 166-169.
383 2372 479 2412 Quid
507 2372 602 2403 enim
626 2371 748 2410 differt
775 2370 859 2412 cet.]

123 2415 255 2458 „Nihil
291 2417 392 2450 enim
426 2417 552 2451 differt
584 2417 630 2451 ad
661 2417 859 2459 insaniam,

121 2463 162 2496 in
196 2466 319 2497 utram
354 2467 497 2507 partem
531 2464 671 2509 aliquis
709 2464 859 2498 modum

118 2511 293 2553 excedat3
311 2521 431 2555 aeque
452 2511 606 2545 insanus
625 2514 682 2545 est
699 2512 859 2556 quirem

121 2558 320 2602 profundit
356 2561 470 2602 atque
506 2559 571 2602 qui
609 2558 745 2602 opibus
780 2559 858 2592 suis

122 2615 316 2650 nunquam
334 2606 487 2640 utitur.“
519 2605 733 2639 Ambitione
753 2610 789 2640 et
806 2608 859 2640 te-

120 2654 303 2695 meritate,
322 2664 417 2701 quae
432 2653 522 2686 vitia
535 2653 733 2697 superiore
747 2663 858 2687 versu

121 2700 314 2745 tetigerat,
364 2700 508 2735 relictis
559 2711 626 2744 per
667 2701 858 2744 proximos

912 1234 1111 1268 duodecim
1137 1245 1266 1269 versus
1292 1234 1445 1279 Oppidii
1471 1234 1596 1269 verbis
1627 1245 1649 1270 a

910 1282 1150 1327 prodigentia
1162 1293 1284 1327 aeque
1298 1282 1519 1317 dehortatur
1535 1285 1649 1326 atque

911 1330 957 1363 ab
983 1330 1159 1373 avaritia3
1193 1332 1274 1363 tum
1305 1330 1361 1372 (v.
1389 1329 1485 1371 179.)
1518 1329 1650 1363 eodem

912 1375 1074 1421 Oppidio
1094 1377 1188 1411 duce
1213 1377 1312 1412 redit
1335 1376 1383 1411 ad
1408 1376 1649 1411 ambitionem

913 1424 1178 1469 castigandam.
1202 1444 1245 1449 —
1268 1423 1509 1467 barathrone]
1536 1435 1650 1468 „pro-

911 1471 1050 1506 fundae
1095 1482 1139 1505 ac
1185 1475 1325 1506 taetrae
1370 1471 1562 1516 voragini,
1607 1471 1648 1504 in

913 1530 1024 1563 quam
1059 1530 1155 1563 quae
1189 1519 1422 1553 deiiciuntur
1451 1519 1492 1552 in
1517 1529 1650 1563 perpe-

912 1569 1019 1599 tuum
1055 1567 1320 1601 evanescunt.“
1348 1585 1392 1590 -—
1423 1567 1501 1600 Ser.
1537 1567 1649 1607 Oppi-

911 1613 1013 1655 dius]
1063 1625 1178 1657 eques
1220 1613 1291 1647 Ro.
1328 1613 1477 1647 videtur
1517 1612 1648 1654 fuisse,

912 1660 1020 1694 cuius
1046 1661 1200 1694 ultimae
1235 1660 1532 1702 exhortationes,
1567 1659 1649 1703 qui-

911 1707 982 1741 bus
1006 1707 1104 1741 filios
1129 1718 1152 1742 a
1175 1707 1249 1741 vita
1266 1717 1445 1751 perversa
1468 1717 1647 1742 revocare

911 1757 1068 1788 conatus
1087 1758 1179 1796 erat,
1203 1754 1374 1796 Horatio,
1400 1754 1485 1788 eius
1510 1754 1647 1796 vicino,

912 1804 948 1835 et
981 1801 1141 1836 fortasse
1176 1812 1223 1836 ex
1251 1801 1399 1836 Horatii
1430 1801 1647 1836 narratione

910 1849 982 1882 iam
1000 1849 1177 1893 pluribus
1203 1849 1458 1883 innotuerant.
1491 1849 1649 1883 Talibus

911 1899 1035 1930 autem
1070 1896 1368 1931 narratiunculis
1404 1895 1520 1930 Stoici
1545 1896 1649 1929 exhi-

911 1943 1033 1977 larare
1060 1943 1246 1978 tristiores
1269 1954 1356 1978 suas
1373 1942 1648 1988 disputationes

911 1990 1096 2025 solebant.
1123 2010 1165 2015 —
1195 1991 1342 2034 Canusi!
1378 1990 1485 2024 Gonf.
1513 1989 1588 2024 Sat.
1617 1993 1647 2032 1,

912 2040 944 2080 5,
971 2040 1028 2071 91.
1056 2057 1099 2061 ——
1125 2039 1282 2079 Antiqua
1307 2037 1430 2081 censu]
1458 2037 1560 2080 „iam
1582 2047 1648 2082 pa-

911 2087 968 2119 ter
992 2086 1230 2130 maioresque
1256 2085 1338 2119 eius
1363 2095 1410 2119 ex
1435 2095 1554 2119 censu
1577 2095 1648 2129 pu-

911 2132 1010 2166 blico
1049 2133 1184 2167 divites
1221 2132 1496 2167 habebantur.“
1524 2151 1567 2155 -
1593 2133 1647 2165 di-

910 2180 1017 2223 visse]
1054 2180 1228 2224 populari
1270 2180 1423 2214 licentia
1454 2190 1523 2224 pro
1558 2180 1648 2213 divi-

910 2229 1007 2261 sisse.
1041 2227 1128 2261 Vid.
1155 2227 1202 2261 ad
1228 2227 1302 2261 Sat.
1331 2230 1362 2270 1,
1388 2229 1421 2269 9,
1447 2228 1504 2260 73.

960 2277 1001 2308 17
1006 2276 1127 2309 2-178.
1141 2276 1224 2308 sinu
1236 2274 1336 2317 laxo]
1357 2274 1547 2318 „Nucibus
1562 2284 1647 2307 cum

910 2322 1042 2356 ludere
1076 2322 1190 2355 vellet
1225 2321 1368 2363 Aulus,
1405 2332 1468 2355 eas
1501 2319 1648 2354 ferebat

911 2369 997 2402 sinu
1023 2370 1108 2403 laxo
1136 2380 1164 2402 s.
1190 2369 1321 2411 soluto,
1347 2370 1390 2402 ut
1413 2369 1466 2402 ait
1487 2367 1574 2402 Seu.
1599 2367 1645 2401 de

908 2416 1038 2451 Benef.
1065 2419 1104 2458 4,
1131 2418 1205 2458 24„
1238 2426 1284 2449 ex
1309 2425 1384 2459 quo
1409 2415 1521 2449 facile
1547 2415 1646 2448 exci-

910 2463 998 2498 dere
1023 2460 1216 2508 poterantl,
1249 2462 1351 2507 quod
1376 2462 1500 2506 ipsum
1525 2461 1646 2507 negli-

909 2511 1058 2555 gentiae
1092 2511 1241 2555 signum
1275 2512 1374 2552 erat,
1412 2509 1645 2553 nimiumque

908 2558 1031 2592 facilis
1058 2560 1138 2591 erat
1168 2557 1208 2590 in
1234 2557 1409 2591 donando
1435 2567 1498 2591 eas
1525 2555 1644 2590 collu-

910 2605 1102 2640 soribus.“
1132 2623 1173 2627 —
1202 2605 1341 2638 donare
1358 2622 1374 2629 -
1393 2603 1541 2646 ludere]
1593 2613 1644 2636 sc.

911 2653 1015 2695 „iis“,
1041 2662 1116 2696 quo
1142 2651 1232 2685 ludo
1259 2654 1296 2685 et
1320 2650 1428 2695 perdi
1459 2652 1644 2694 poterant.

911 2720 954 2723 -
1003 2700 1222 2733 abscondere
1271 2697 1431 2740 tristem]
1482 2722 1499 2740 „
1514 2707 1643 2732 severo
