1774 2930
128 147 213 187 376

594 145 802 180 HORATII
826 145 1174 182 EPISTOLARUM

246 245 317 288 Sic
348 246 475 288 iterat
506 260 633 289 voces
667 250 710 288 et
740 246 873 288 verba
905 246 1101 290 cadentia
1130 247 1261 301 tollit,

245 317 301 360 Ut
331 331 513 374 puerum
546 331 674 360 saevo
707 317 855 360 credas
888 317 1046 360 dictata
1077 318 1284 374 magistro

243 388 442 431 Reddere
473 388 541 430 vel
573 391 717 444 partes
748 388 929 430 mimum
959 392 1144 432 tractare
1176 389 1399 433 secundas.

244 459 369 502 Alter
400 460 566 501 rixatur
597 459 650 502 de
682 459 782 501 lana
813 473 943 516 saepe
975 460 1168 516 caprina,

1600 464 1652 503 15

243 530 495 587 Propugnat
525 531 652 586 nugis
684 534 902 573 armatus:
937 530 1130 585 Scilicet,
1162 534 1210 573 ut
1239 545 1325 574 non

223 663 277 695 15.
304 661 458 702 caprina
485 663 516 694 ei
542 660 740 695 Bentleius
767 660 865 695 coni.
892 663 929 695 et
956 669 984 694 s.

125 755 308 798 ducendi,
351 766 425 800 quo
464 755 681 789 convivator
719 758 757 789 et
798 755 864 799 qui

124 803 227 847 paris
264 802 423 837 aderant
456 802 691 837 condicionis
726 802 866 837 exhila-

125 852 314 884 rarentur.
350 849 456 884 Conf.
482 849 526 884 A.
553 850 594 884 Ρ.
620 851 689 884 728
717 861 800 895 sqq.
820 869 864 873 ——

124 897 275 940 nulum]
319 896 396 932 Cic.
421 897 556 931 Parad.
582 900 615 940 5,
642 900 685 932 39
706 908 714 932 :
747 899 863 931 Here-

124 946 250 978 ditatis
267 953 490 986 spes--quem
507 948 659 978 nutum
679 946 865 986 locupletis

125 993 205 1025 orbi
217 994 312 1025 senis
326 1001 400 1025 non
413 993 577 1026 observat
586 994 602 1025 ?
620 992 865 1036 Pseudoplut.

124 1039 170 1073 de
205 1039 314 1073 educ.
347 1050 455 1083 puer.
492 1041 558 1073 14:
597 1036 788 1082 Κόλακες,
827 1041 868 1072 οἱ

125 1084 221 1134 πρὸς
246 1084 289 1119 τὸ
316 1087 391 1119 τῶν
415 1086 610 1120 πλουσίων
627 1087 749 1130 νεῦμα
773 1086 866 1129 ζῶν-

125 1144 196 1175 τες.
222 1153 267 1158 -
295 1134 435 1178 horrei]
469 1135 602 1177 „tanta
628 1145 712 1168 cum
738 1134 867 1168 obser-

125 1181 252 1215 vantia
278 1192 425 1215 omnem
457 1182 607 1225 patroni
642 1184 777 1216 nutum
804 1192 865 1215 ex-

125 1229 310 1273 sequitur,
343 1229 452 1273 quasi
477 1239 562 1262 eum
589 1231 632 1263 ut
662 1232 865 1274 tyrannum

124 1276 376 1310 reformidet.“
394 1295 436 1299 ——
451 1278 623 1310 cadentia
646 1276 755 1319 lollii]
783 1286 866 1319 „ex-

123 1322 292 1358 cidentia
317 1326 354 1358 et
379 1326 521 1358 temere
542 1324 690 1368 prolata
707 1324 867 1368 suscipit

123 1381 191 1415 pro
223 1370 408 1405 mirandis
440 1373 594 1416 propter
625 1371 866 1406 festivitatem

124 1428 167 1452 ac
194 1418 396 1463 leporem.“
435 1418 578 1452 SOHOL.

175 1491 228 1523 13.
249 1491 304 1523 14.
329 1498 462 1523 saevo·
473 1489 686 1532 -mayislrnj
715 1499 759 1532 „a
783 1490 865 1531 pla-

124 1545 208 1578 ooso
240 1536 368 1581 aliquo
404 1537 579 1571 Orbilio.“
620 1537 738 1582 (Epp.
765 1539 806 1579 2,
836 1539 866 1591 1,

124 1584 198 1626 70.)
225 1603 270 1608 -—
295 1584 448 1626 dictata]
486 1582 531 1617 τὰ
557 1580 868 1627 ἀποστοματιζό-

123 1642 233 1673 μενα.
290 1631 386 1666 Plat.
419 1631 582 1677 Euthyd.
615 1643 651 1676 p.
687 1633 767 1666 276.
826 1631 867 1666 O.

125 1678 204 1712 Cic.
229 1678 287 1713 ad.
315 1678 358 1718 Q.
384 1679 430 1712 fr.
455 1678 521 1713 ΠΙ.
550 1682 580 1721 1,
605 1682 638 1721 4,
659 1681 721 1713 11:
747 1687 868 1712 meam

125 1726 374 1769 (orationem)
400 1727 440 1759 in
465 1727 572 1759 illum
599 1727 664 1770 (L.
689 1726 866 1760 Pisonem

125 1772 394 1815 Caesoninum)
410 1775 519 1815 pueri
536 1782 657 1807 omnes
676 1776 867 1814 tamquam

124 1821 266 1854 dictata
288 1822 511 1862 perdiscant.
526 1820 761 1863 -Reddere]
790 1820 865 1853 Cfr.

125 1867 172 1901 ad
205 1867 300 1912 Epp.
329 1870 366 1908 1,
396 1870 434 1910 1,
462 1869 518 1901 55.
570 1867 647 1901 Cic.
673 1867 719 1900 de
753 1866 795 1900 N.
822 1867 866 1900 D.

127 1916 159 1956 1,
186 1917 242 1957 26,
267 1916 335 1948 72:
362 1917 440 1948 Isia
466 1916 561 1947 enim
587 1924 611 1948 a
635 1915 735 1947 vobis
761 1915 868 1955 quasi

124 1963 265 1995 dictata
301 1963 519 2004 redduntur,
558 1970 652 2002 quae
682 1963 867 2003 Epicurus

125 2010 284 2042 oscitans
321 2010 530 2043 alucinaius
569 2011 630 2042 esc.
664 2027 711 2034 —-
741 2011 867 2050 paries

124 2057 275 2090 mimum
301 2058 466 2090 tractare
491 2056 682 2099 secundas]
716 2056 773 2090 De
799 2055 869 2089 mi-

123 2103 194 2137 mis
244 2104 398 2148 proprie
441 2103 553 2138 dictis
602 2103 866 2148 accipiendum

124 2153 216 2195 puto
250 2152 376 2194 potius
412 2162 524 2195 quam
563 2151 609 2185 de
649 2150 866 2185 comoedis:

125 2209 211 2232 nam
248 2198 398 2241 (actor)
430 2200 678 2232 secundarum
700 2199 867 2239 partium

125 2247 204 2287 sere
238 2247 404 2278 omnibus
435 2247 554 2279 mimis
586 2247 776 2288 parasitus
809 2246 865 2278 in-

125 2294 284 2334 ducitur,
327 2295 371 2327 ut
408 2293 461 2326 ait
498 2293 633 2327 Festus
675 2293 716 2326 in
752 2294 868 2327 Salva

124 2347 183 2372 res
208 2351 244 2384 p.
272 2341 352 2374 326.
403 2340 531 2374 Muell.
580 2340 617 2373 Is
650 2340 766 2385 igitur
801 2350 866 2374 ne-

127 2387 292 2421 cessario
318 2391 526 2432 perpetuus
554 2387 662 2432 quasi
699 2389 866 2421 assenta-

126 2435 184 2468 tor
208 2435 347 2468 actoris
373 2435 582 2478 primarum
604 2434 768 2479 partium
786 2435 867 2469 erat

125 2483 238 2525 atque
264 2481 430 2515 imitator
455 2482 613 2516 maxime
639 2485 766 2527 gestu,
799 2482 865 2526 qui

126 2528 328 2573 primariae
362 2539 548 2573 personae
574 2529 699 2563 verbis
733 2532 770 2563 et
802 2540 865 2574 ge-

126 2575 248 2610 stibus
274 2576 532 2620 responderet.
573 2576 697 2620 Atque
723 2576 866 2610 bellum

124 2623 240 2657 habes
266 2623 382 2657 huius
407 2623 627 2658 imitationis
653 2624 866 2668 exemplum

125 2670 166 2704 in
202 2670 355 2705 Sueton.
383 2670 500 2716 Oalig.
527 2673 595 2705 57:
633 2672 680 2704 Et
715 2679 795 2704 cum
827 2673 866 2704 in

125 2719 307 2751 Laureolo
331 2719 458 2760 mimo,
492 2719 531 2751 in
558 2727 628 2758 quo
654 2721 757 2752 actor
779 2727 865 2760 pro-

914 2717 1104 2751 interdum
1128 2717 1199 2751 hoc
1225 2726 1376 2761 quoque
1402 2714 1520 2749 dicit:

913 756 1051 797 ripiens
1082 764 1119 788 se
1152 757 1264 789 ruina
1288 757 1507 798 sanquinem
1529 758 1652 798 vomit,

911 804 1040 845 plures
1072 805 1318 837 secunda—rum
1351 805 1515 837 certatim
1547 813 1652 846 expe-

914 851 1112 884 rimentum
1124 851 1217 884 ariis
1235 851 1378 893 darem,
1396 859 1528 885 cruore
1544 859 1652 885 scena

915 899 1127 935 abundavit.
1176 897 1276 932 Hinc
1311 898 1513 941 translate,
1551 900 1593 932 ut
1616 898 1653 931 h.

915 945 958 988 1.,
993 946 1105 980 etiam
1139 944 1217 980 Cic.
1243 945 1349 979 Brut.
1382 948 1447 988 69,
1481 947 1572 980 243:
1612 947 1653 987 Q.

914 992 1044 1026 Arrius
1086 995 1156 1035 suit
1197 994 1249 1028 Μ.
1293 994 1413 1027 Crassi
1454 994 1560 1033 quasi
1599 1001 1654 1026 se-

914 1041 1131 1074 cundarum.
1182 1040 1325 1074 Seneca
1351 1039 1396 1074 de
1422 1039 1484 1074 Ira
1510 1041 1543 1082 3,
1562 1042 1594 1082 8,
1613 1042 1654 1073 4:

916 1088 1100 1128 optimum
1123 1088 1299 1121 iudicavit
1326 1086 1470 1130 (Caelii
1498 1087 1654 1129 cliens),

915 1135 1092 1175 quidquid
1125 1136 1291 1177 dixisset,
1324 1135 1429 1175 sequi
1462 1136 1495 1168 et
1527 1142 1654 1168 secun-

915 1183 981 1215 das
1020 1191 1140 1224 aqere.
1202 1182 1283 1216 Ael.
1320 1181 1493 1216 Donatus
1530 1181 1653 1215 Praef.

914 1229 956 1262 in
990 1229 1243 1264 Eunuchum:
1282 1231 1329 1262 In
1363 1230 1433 1262 hac
1469 1229 1656 1262 comoedia

914 1278 978 1317 qui
1000 1285 1198 1318 personam
1223 1277 1465 1310 Parmenonis
1490 1277 1656 1318 sustinet,

913 1325 1054 1366 primas
1079 1326 1187 1358 habet
1209 1326 1347 1366 partes,
1374 1324 1553 1357 secundae
1573 1325 1657 1356 sunt

917 1372 1123 1415 Chaereae,
1175 1371 1304 1405 tertwe
1346 1371 1394 1404 ad
1435 1371 1656 1404 Phaedriam

913 1421 1089 1460 spectant.

966 1491 1085 1523 15-18.
1111 1490 1216 1523 Alter
1242 1489 1327 1532 cet]
1356 1488 1516 1533 „Aeque
1542 1491 1655 1533 atque

916 1537 1087 1572 adulator
1128 1539 1261 1581 peccat
1301 1535 1367 1570 ille
1409 1545 1582 1570 morosus
1621 1537 1658 1569 et

916 1585 1089 1630 agrestis,
1116 1585 1182 1628 qui
1208 1584 1254 1618 de
1280 1583 1396 1618 rebus
1416 1582 1563 1617 nullius
1579 1593 1657 1616 mo-

916 1631 1034 1666 menti
1068 1631 1252 1666 aoerrime
1285 1630 1453 1675 disputat
1483 1631 1520 1664 et
1545 1630 1657 1664 alter-

917 1679 1058 1714 catur.“
1087 1698 1130 1703 -
1157 1681 1211 1712 De
1240 1679 1330 1711 lana
1355 1678 1512 1719 caprina
1535 1677 1658 1710 rimari

918 1729 954 1762 et
972 1727 1055 1773 περὶ
1082 1723 1176 1760 ὄνου
1203 1725 1317 1766 σκιᾶς
1340 1720 1542 1767 μάχεσθαι
1566 1723 1656 1765 (Lu-

917 1774 1013 1808 cian.
1039 1773 1207 1807 Hermot.
1234 1771 1307 1814 71.)
1343 1773 1433 1805 sunt
1456 1770 1657 1815 proverbia

916 1821 956 1854 in
982 1820 1149 1854 rixantes
1169 1819 1214 1853 de
1238 1818 1354 1852 rebus
1373 1817 1574 1852 levissimis
1593 1821 1659 1852 aut

916 1878 1013 1912 quae
1051 1867 1203 1901 omnino
1242 1876 1319 1900 non
1357 1867 1458 1900 sunt.
1517 1864 1656 1904 Quam-

917 1925 1030 1959 quam
1066 1913 1146 1948 10ὲί
1184 1914 1396 1959 agnoscunt
1433 1912 1559 1947 lanam
1597 1922 1657 1946 ca-

916 1962 1078 2006 prinam.
1138 1959 1290 2005 Ulpian.
1331 1960 1373 1993 in
1413 1959 1444 1993 1.
1503 1960 1543 1994 si
1592 1962 1657 1993 aul

919 2010 1008 2042 lana
1042 2009 1074 2053 ξ.
1105 2009 1210 2043 Lana
1243 2009 1314 2053 leg.
1349 2008 1386 2048 ῙῙ.
1435 2009 1490 2041 De
1530 2007 1659 2048 leuatis

918 2059 951 2090 et
989 2057 1103 2099 fideic.
1143 2058 1191 2090 3:
1233 2054 1339 2088 Lana
1383 2053 1506 2096 leuata
1549 2055 1659 2088 eiiam

919 2105 1123 2145 leporinam
1159 2104 1285 2136 lanam
1319 2104 1351 2135 et
1383 2103 1596 2136 anserinam
1627 2103 1659 2135 et

917 2152 1111 2193 caprinam
1137 2151 1243 2184 credo
1277 2150 1466 2183 contineri.
1491 2165 1540 2174 -ι
1564 2150 1657 2182 Pro-

915 2200 1058 2240 puqnat
1090 2199 1197 2239 nuais
1224 2195 1658 2240 armatus1„futi1ibus

916 2245 1149 2291 argumentis
1210 2244 1414 2288 verbisque
1453 2221 1657 2278 ”inanibus

917 2295 1029 2327 utens
1054 2293 1199 2338 pugnat
1228 2302 1298 2336 pro
1323 2290 1439 2325 rebus
1470 2290 1658 2332 futilibus,

916 2340 1292 2403 indignationemque
1324 2348 1430 2372 suam
1456 2337 1512 2372 sic
1539 2337 1658 2372 effun-

917 2387 994 2421 dit:
1019 2386 1186 2422 Scilicet“
1215 2388 1288 2420 cet.
1327 2385 1526 2420 Ablativus
1551 2385 1659 2426 nuqis

917 2445 1002 2469 cum
1051 2436 1215 2478 utroque
1264 2432 1379 2467 verbo
1429 2431 1657 2478 iungendus,

913 2484 1055 2524 puqnat
1086 2489 1157 2522 pro
1191 2481 1298 2521 nugis
1331 2481 1368 2514 et
1401 2480 1507 2521 nuais
1533 2487 1658 2512 arma-

916 2532 984 2563 tus.
1036 2528 1138 2572 (Cic.
1163 2538 1232 2571 pro
1259 2527 1368 2562 domo
1395 2528 1452 2570 55,
1481 2527 1570 2559 141:
1602 2526 1658 2558 in-

916 2577 1080 2610 credibili
1106 2577 1274 2608 armatus
1299 2573 1486 2616 audacia.)
1517 2592 1559 2597 —
1584 2573 1658 2607 Sci-

917 2622 1012 2666 licet]
1037 2621 1147 2656 Alius
1171 2622 1286 2667 igitur
1310 2621 1450 2655 acriter
1473 2620 1519 2654 de
1542 2619 1657 2654 rebus

915 2670 1059 2704 nullius
1082 2668 1260 2703 momenti
1279 2679 1364 2702 cum
1387 2667 1473 2702 aliis
1496 2667 1655 2747 rixatlpr,

1549 2739 1566 2757 „
1616 2724 1657 2748 er
