1774 2930
151 156 243 217 200¹

650 158 858 193 HORATII
880 159 1166 196 SATmARUM

268 257 446 302 Artibus
477 263 605 316 atque
640 260 790 303 modis.
845 260 958 310 Quid
986 262 1133 305 rides?
1162 263 1308 307 Iamne
1339 264 1486 308 doloso

267 329 365 372 Non
396 331 500 373 satis
530 335 597 374 est
626 331 819 374 Ithacam
847 333 996 375 revehi
1025 335 1271 392 patriosque
1301 340 1480 392 penates

268 401 537 458 Adspicere?
570 402 606 445 O
639 403 745 444 nulli
776 403 1006 460 quidquam
1036 406 1231 460 mentite,
1263 407 1403 461 vides,
1434 411 1484 450 ut
1638 408 1664 449 5

267 472 419 515 Nudus
450 474 660 530 inopsque
691 474 863 517 domum
893 476 1084 531 redeam,
1115 480 1159 519 te
1188 481 1306 531 vate,
1337 492 1477 534 neque
1507 479 1595 522 illic

267 543 358 585 Aut
389 545 598 600 apotheca
628 547 768 602 procis
800 547 960 589 intacta
992 551 1058 590 est
1088 551 1161 590 aut
1191 563 1345 604 pecus;
1379 550 1497 606 atqui

267 613 327 655 Et
356 630 491 671 genus
525 620 567 659 et
597 617 731 659 virtus
764 618 848 659 nisi
880 632 976 660 cum
1006 633 1053 661 re
1082 619 1208 661 vilior
1238 621 1335 676 alga
1367 625 1445 663 est.

269 685 449 734 Quando
479 689 748 744 pauperiem,
780 690 923 731 missis
955 691 1226 746 ambagibus,
1258 691 1427 746 horres,

268 756 448 814 Accipe,
482 773 566 815 qua
595 760 760 803 ratione
791 775 922 817 queas
954 761 1176 805 ditescere.

1239 762 1408 804 Turdus
1612 763 1664 804 10

270 828 371 872 Sive
401 830 517 872 aliud
547 832 715 887 privum
746 832 914 874 dabitur
945 833 1043 887 tibi,
1077 833 1247 876 devolet
1276 834 1396 888 illuc,

247 964 349 999 SAT.
387 966 433 1000 V.
466 969 499 1000 3.
536 968 658 1001 dolose
685 968 849 1011 (vocat.)
877 980 896 1004 e
923 968 1013 1004 Ood.
1038 969 1213 1004 Patrensi
1238 973 1275 1004 et
1299 969 1343 1004 N.
1368 970 1526 1005 Heinsio
1552 981 1618 1005 au-

199 1015 300 1047 ctore
326 1013 535 1049 Bentleius.

150 1129 182 1171 λ,
218 1134 304 1166 112:
338 1129 424 1167 τότε
456 1144 516 1167 τοι
550 1135 772 1182 τεκμαίρομ’
798 1131 884 1169 ὄλε-

149 1178 247 1224 θρον
259 1180 337 1223 Νηΐ
358 1191 397 1213 τε
413 1182 481 1214 καὶ
504 1178 836 1229 ἑτάροις.--δήεις
852 1182 883 1215 δ’

149 1226 191 1259 ἐν
209 1223 368 1270 πήματα
393 1227 500 1274 οἴκῳ,
515 1225 671 1277 ’Ἀνδρας
695 1227 885 1277 ὑπερφιά-

150 1272 251 1316 λους,
277 1274 318 1308 οἳ
340 1287 400 1309 τοι
423 1276 558 1316 βίοτον
582 1276 821 1311 κατέδουσιν.
840 1297 884 1302 -—-

152 1323 249 1363 Quid
265 1324 361 1356 rides
370 1323 401 1366 ?]
419 1323 546 1358 Verba
569 1325 662 1359 haec
686 1325 884 1360 manifesto

152 1372 242 1403 sunt
259 1370 380 1405 Ulixis
406 1371 453 1405 ad
478 1375 600 1406 vatem
626 1373 672 1406 dc
697 1373 794 1407 miro
819 1373 884 1407 he-

150 1417 227 1451 rois
251 1418 440 1462 postulato
466 1419 664 1454 ridentem·
702 1420 884 1455 Similiter

148 1463 344 1500 Lucianus
370 1466 545 1511 Necyom.
573 1469 638 1501 21:
679 1468 731 1514 τῷ
759 1469 886 1516 Τειρε-

148 1513 217 1556 σίᾳ
243 1512 468 1559 προσελθών
494 1515 666 1548 ἱκέτευον
689 1513 807 1548 αὐτὸν
832 1517 886 1548 εἰ-

150 1563 233 1592 πεῖν
259 1558 356 1607 πρός
378 1573 446 1604 με,
481 1559 594 1596 ποῖόν
618 1573 704 1595 τινα
737 1560 885 1607 ἡγεῖται

148 1603 217 1640 τὸν
250 1603 408 1654 ἄριστον
440 1608 540 1649 βίον.
586 1607 624 1643 Ὁ
648 1609 688 1642 δὲ
717 1607 886 1654 γελάσας

149 1649 247 1697 (ἔστι
279 1654 319 1688 δὲ
352 1653 500 1698 τυφλόν
529 1668 563 1690 τι
596 1654 794 1704 γερόντιον
818 1659 886 1691 καὶ

149 1699 278 1750 ὠχρὸν
301 1705 367 1736 καὶ
390 1700 653 1748 λεπτόφωνον)
672 1698 721 1737 {a
738 1707 883 1745 τέκνον,

151 1752 270 1793 φησί,
304 1750 381 1784 κτλ.
418 1772 461 1776 -
497 1754 625 1786 Iamne
652 1753 744 1796 cet.]
781 1753 884 1787 Haec

151 1797 319 1832 Tiresiae
346 1802 446 1833 sunt.
486 1799 658 1843 „Fierine
683 1802 807 1844 potest
832 1807 883 1842 ut,

150 1848 348 1890 postquam
373 1847 474 1881 ultra
492 1858 638 1881 omnem
661 1858 764 1892 spem
781 1849 883 1881 tuam

151 1892 221 1927 tibi
254 1893 417 1928 reditum
443 1895 482 1928 in
513 1894 678 1929 Ithacam
703 1895 883 1929 vaticina-

150 1942 212 1974 tus
231 1951 324 1983 sum,
349 1944 392 1975 tu
418 1943 552 1976 nuntio
575 1945 650 1976 tam
675 1943 773 1977 laeto
791 1953 885 1976 non-

150 1986 241 2021 dum
254 1991 458 2023 contentus
471 1990 583 2034 plura
596 1990 670 2024 iam
683 1990 883 2034 appetas?“

150 2034 300 2069 Etenim
325 2039 437 2071 antea
453 2037 564 2082 longe
582 2037 787 2072 modestior
804 2037 885 2071 fue-

151 2085 229 2125 rat,
262 2086 304 2117 ut
337 2087 395 2118 est
420 2083 552 2129 Odyss.
584 2096 628 2126 α,
661 2087 726 2119 57:
764 2082 885 2132 αὐτὰρ

149 2127 359 2173 Ὀδυσσεύς,
369 2129 532 2175 Ἱέμενος
546 2134 610 2180 >egat
624 2129 771 2166 καπνὸν
787 2130 887 2166 ἀπο-

151 2174 381 2224 θρώσκοντα
405 2179 547 2223 νοῆσαι
575 2180 639 2222 Ἡς
663 2181 786 2224 γαίης,
812 2180 886 2213 θα-

153 2227 252 2258 νέειν
290 2228 485 2274 ἱμείρεται.
524 2247 567 2252 —-
606 2228 752 2270 doloso]
797 2229 884 2271 „ho-

152 2273 247 2306 mini
280 2277 355 2308 tam
390 2278 472 2309 cato
502 2277 615 2320 atque
649 2275 882 2320 ingenioso.“

153 2319 499 2365 (Schlaukops.)
551 2322 684 2368 Odyss.
721 2334 761 2362 v,
805 2324 884 2356 291.

151 2366 322 2402 Minerva
347 2370 393 2403 ad
420 2370 583 2404 Ulixem:
614 2369 826 2417 Κερδαλέος
850 2370 884 2402 κ’

152 2412 213 2457 εἴη
230 2416 294 2448 καὶ
320 2417 537 2458 ἐπίκλοπος,
563 2413 608 2459 ὅς
632 2428 675 2451 σε
701 2417 886 2465 παρέλθοι

150 2460 211 2495 Ἐν
253 2459 437 2498 πάντεσσι
477 2462 637 2499 δόλοισι.
693 2464 885 2499 Allocutio

151 2510 246 2544 haec
283 2511 438 2555 obliqua
477 2524 565 2547 sane
604 2513 784 2546 urbanior
819 2515 885 2554 est,

154 2568 265 2602 quam
308 2559 339 2592 si
379 2559 536 2594 dixisset
569 2562 632 2594 tibi
672 2561 795 2594 doloso
827 2560 886 2594 vel

153 2606 286 2639 dolose.
313 2625 355 2629 —-
380 2608 475 2639 nulli
501 2609 700 2648 quidquam
723 2607 885 2649 mentite]

154 2652 266 2696 Soph.
299 2654 426 2699 Antig.
452 2665 485 2687 V.
514 2657 616 2688 1092.
668 2654 814 2688 Chorus
839 2654 885 2688 de

154 2700 318 2735 Tiresia:
327 2698 612 2744 Ἐπιστάμεσθα
625 2701 664 2734 δὲ
673 2722 692 2726 -
699 2722 718 2726 -
727 2699 792 2745 Μή
807 2698 886 2735 πώ-

154 2748 236 2781 ποτ’
253 2746 372 2781 αὐτὸν
389 2748 534 2790 ψεῦδος
552 2749 591 2790 ἐς
609 2745 719 2782 πόλιν
745 2749 885 2782 λακεῖν.

979 1137 1075 1170 7-12.
1090 1136 1281 1178 apotheca]
1296 1136 1395 1171 unde
1410 1137 1565 1179 bonevil,
1580 1138 1666 1170 bou-

933 1185 1041 1225 tique,
1060 1185 1175 1226 Bude,
1202 1183 1299 1217 cella
1315 1183 1462 1217 vinaria
1486 1185 1527 1217 in
1554 1195 1665 1229 supe-

932 1230 1032 1265 riore
1058 1231 1207 1265 aedium
1239 1232 1366 1275 parte,
1400 1241 1515 1276 supra
1546 1231 1665 1265 fuma-

933 1278 1044 1321 rium,
1069 1277 1306 1312 asservandis
1323 1278 1422 1312 vinis
1448 1279 1666 1324 generosio-

932 1325 1038 1359 ribus
1070 1325 1258 1359 destinata
1282 1335 1326 1359 ac
1350 1325 1500 1359 diversa
1523 1335 1546 1358 a
1570 1325 1667 1359 cella

933 1373 1078 1407 vinaria
1103 1372 1258 1418 proprie
1282 1372 1401 1415 dicta,
1439 1372 1506 1406 ubi
1530 1372 1663 1406 viliora

933 1431 1074 1465 genera
1100 1419 1372 1455 condebantur.
1411 1419 1498 1454 vid.
1523 1419 1570 1454 ad
1596 1419 1661 1454 Od.

935 1470 975 1510 3,
1001 1471 1040 1510 8,
1069 1470 1124 1502 11.
1151 1487 1194 1491 -
1219 1468 1332 1501 vilior
1356 1467 1466 1511 alqa]
1507 1467 1664 1502 Prover-

934 1515 1049 1549 bium.
1101 1515 1176 1549 Gfr.
1212 1514 1280 1548 od.
1306 1517 1347 1558 3,
1375 1517 1438 1558 17,
1466 1517 1527 1548 10:
1562 1515 1663 1556 aloa-

933 1564 1066 1597 inutili.
1117 1562 1220 1608 Virg.
1246 1562 1325 1597 Ecl.
1352 1564 1385 1605 7,
1410 1564 1474 1596 42:
1502 1563 1664 1604 proiecta

932 1611 1043 1644 vilior
1068 1612 1164 1652 αἱμα.
1191 1629 1238 1634 --
1264 1611 1419 1651 Quando
1445 1609 1537 1652 cet.]
1572 1609 1663 1643 Cum

934 1657 1154 1691 Scholiastis
1179 1657 1372 1701 iungenda
1398 1658 1488 1694 sunt
1508 1667 1563 1690 vv.
1581 1658 1663 1689 mis-

932 1706 981 1737 sis
1014 1706 1224 1746 ambagibus
1256 1705 1388 1745 Accipe
1421 1706 1492 1738 cet.
1544 1704 1665 1745 „Weil

933 1754 982 1785 du
1013 1754 1110 1785 denn
1140 1760 1208 1785 vor
1241 1753 1306 1784 der
1332 1752 1481 1785 armum
1515 1752 1590 1785 eine
1623 1759 1663 1784 so

934 1801 1123 1840 yewaltiqe
1156 1800 1279 1840 surcht
1311 1800 1408 1841 itast,
1442 1807 1482 1832 so
1507 1799 1582 1831 will
1605 1799 1664 1831 ici·

933 1848 991 1880 dir
1029 1848 1120 1879 ohne
1157 1847 1384 1887 umschweise
1424 1854 1556 1887 sacen,
1589 1846 1670 1887 *aut

932 1895 1064 1927 welche
1081 1896 1141 1927 art
1157 1895 1207 1927 du
1223 1894 1323 1926 reich
1335 1894 1480 1927 werden
1499 1891 1664 1926 kannst.“

933 1941 1104 1975 HERBST.
1161 1940 1216 1975 Ne
1258 1943 1383 1974 autem
1420 1942 1456 1974 te
1503 1940 1666 1973 offendat

933 1989 1131 2022 verborum
1157 1987 1373 2029 collocatio,
1399 1986 1570 2021 conferas
1595 1986 1664 2020 od.

933 2039 975 2078 4,
1012 2039 1074 2078 12,
1108 2038 1172 2070 26:
1210 2037 1482 2077 Nini-ovumque
1517 2042 1664 2076 memor,

934 2085 1020 2117 dum
1047 2084 1143 2126 licet,
1173 2084 1315 2125 iunium
1338 2083 1449 2118 Misce
1473 2082 1667 2115 stultitiam

935 2132 1094 2164 consiliis
1119 2132 1274 2173 brevem,
1301 2129 1367 2164 ubi
1391 2140 1449 2163 vv.
1474 2129 1665 2174 prioribus

935 2178 1158 2223 interposita
1192 2180 1279 2212 dum
1313 2178 1393 2210 licet
1418 2177 1464 2211 ab
1491 2176 1666 2211 omnibus

933 2226 1146 2272 iunguntur
1178 2237 1263 2259 cum
1294 2225 1515 2269 imperativo
1541 2225 1666 2258 Misce.

935 2273 1010 2307 cfr.
1036 2273 1129 2318 Epp.
1159 2277 1196 2316 1,
1230 2275 1272 2315 7,
1305 2274 1368 2306 82:
1409 2273 1464 2306 Ne
1489 2274 1523 2304 te
1551 2272 1666 2312 lonois

935 2322 1147 2363 ambaqibus
1180 2322 1301 2362 ultra,
1341 2321 1460 2360 Quam
1489 2319 1578 2351 satis
1604 2320 1666 2360 est,

934 2377 1065 2402 morer.
1093 2387 1136 2392 —
1163 2367 1326 2410 Turdus]
1361 2365 1467 2399 Ovid.
1492 2365 1535 2398 A.
1561 2365 1605 2398 A.
1631 2367 1664 2407 2,

935 2418 1022 2450 269:
1050 2417 1145 2457 Quin
1163 2417 1273 2449 etiam
1290 2415 1470 2454 turdoque
1490 2413 1569 2446 licet
1582 2414 1666 2445 mis-

934 2472 1046 2504 saque
1072 2463 1238 2496 columba
1263 2463 1308 2495 Te
1333 2468 1528 2494 memorem
1552 2461 1666 2493 domi-

934 2520 1004 2544 nae
1020 2511 1209 2552 testificere
1222 2511 1317 2542 tuae.
1329 2507 1541 2550 —privum]
1558 2517 1665 2551 „pro-

935 2558 1058 2602 prium
1072 2558 1102 2599 “‚
1142 2557 1232 2590 hinc
1273 2556 1517 2598 privileqium.
1567 2554 1666 2587 Gell.

938 2608 999 2648 10,
1026 2607 1090 2638 20:
1135 2606 1276 2638 Veteres
1307 2604 1448 2645 priva
1481 2603 1664 2643 dixerunt,

936 2662 1031 2694 qaae
1055 2661 1119 2685 nos
1143 2652 1339 2693 sinqula
1370 2651 1532 2683 dicimus.
1585 2650 1662 2690 Quo

933 2702 1040 2734 verbo
1065 2700 1225 2733 Lucilius
1250 2700 1290 2732 in
1311 2699 1432 2740 primo
1455 2697 1664 2731 Satirarum

935 2747 1053 2790 (Gerl.
1075 2759 1111 2791 p.
1137 2747 1185 2788 3.)
1210 2755 1297 2779 usus
1323 2748 1393 2779 est:
1417 2744 1662 2778 abdomina
