1774 2930
89 162 141 202 31
150 162 175 203 6
560 161 768 196 ΗΟΒΑΤΠ
790 163 1140 199 EPISTOLARUM

211 263 456 304 Immeritur
487 262 640 305 studiis
673 267 716 306 et
747 278 892 307 amore
923 266 1109 308 senescit
1137 266 1338 309 habendi.
1554 262 1610 309 85

207 333 369 376 Verum
400 334 475 376 ubi
507 348 609 376 oves
641 333 768 388 furto,
801 335 949 377 morbo
981 336 1148 391 periere
1179 338 1381 394 capellae,
1462 325 1467 328 ⁶

209 404 338 460 Spem
370 405 551 447 mentita
581 419 722 460 segeS,
754 405 832 447 bos
866 410 931 448 est
962 410 1138 449 enectus
1169 408 1342 462 arando,

209 475 410 518 Offensus
443 476 610 518 damnis
643 476 786 519 media
816 477 869 519 de
901 482 1026 520 nocte
1058 478 1269 521 caballum

206 547 371 603 Arripit
402 547 622 603 iratusque
652 547 845 604 Philippi
875 548 1013 591 tendit
1043 548 1099 591 ad
1129 549 1272 592 aedes.

208 617 346 666 Quem
369 618 498 660 simul
519 618 718 674 adspexit
740 619 938 661 scabrum
958 620 1262 676 intonsumque
1277 620 1518 678 Philippus,
1551 623 1608 663 90

206 689 366 743 Durus,
397 690 471 742 ait,
503 689 667 743 Voltei,
699 690 826 732 nimis
858 694 1134 747 attentusque
1164 691 1323 734 videris

205 759 317 802 Esse
348 760 466 802 mihi.

529 760 609 803 Pol
639 775 708 803 me
739 762 964 815 miserum,
996 765 1196 818 patrone,
1228 777 1424 818 vocares,

207 831 253 872 Si
284 832 438 884 velles,
472 832 628 887 inquit,
662 846 810 874 verum
841 833 947 874 mihi
978 847 1139 889 ponere
1170 834 1349 876 nomen!

207 902 332 951 Quod
363 907 406 945 te
436 917 514 959 per
546 902 730 945 Genium
761 903 1041 960 dextramque
1073 904 1262 961 deosque
1293 904 1479 948 Penates

208 973 399 1016 Obsecro
431 978 474 1016 et
505 974 709 1026 obtestor,
743 975 857 1017 vitae
889 990 958 1018 me
990 975 1120 1018 redde
1152 976 1297 1031 priori.
1553 977 1607 1018 95

206 1044 290 1093 Qui
321 1046 454 1088 semel
486 1045 704 1101 adspexit,
739 1051 942 1101 quantum
975 1046 1152 1087 dimissa
1182 1047 1328 1102 petitis

182 1177 239 1209 93.
274 1175 425 1218 ponere]
457 1177 577 1209 dicere
603 1175 632 1207 E
659 1176 769 1217 (cum
795 1176 844 1220 gl.
870 1176 1080 1218 imponere)
1107 1188 1143 1220 p,
1174 1176 1347 1210 Pottierii
1372 1175 1560 1221 plerique,

135 1222 222 1256 item
249 1222 396 1257 Veneta
423 1224 527 1255 1481.
566 1222 642 1256 Cfr.
669 1222 743 1256 Sat.
762 1224 795 1259 2,
814 1223 847 1263 2,
866 1223 983 1257 56.-”
995 1226 1051 1257 96.
1075 1225 1186 1256 simul
1210 1223 1342 1258 bSch
1368 1226 1406 1258 et
1430 1234 1560 1258 omnes

134 1269 315 1304 Pottierii.

87 1363 156 1398 Od.
183 1366 216 1406 2,
245 1367 299 1406 15,
326 1366 359 1398 5.
384 1384 430 1388 —
455 1363 684 1407 Immeritur]
720 1375 825 1406 „ma-

86 1415 190 1446 cerat
222 1415 259 1446 et
291 1415 426 1446 enecat
458 1423 499 1446 se
533 1422 646 1456 opere
679 1411 823 1445 rustico

86 1462 239 1494 strenue
262 1459 508 1493 exercendo.“
529 1478 572 1482 —-
591 1459 734 1501 studiis]
761 1459 824 1493 da-

86 1507 204 1548 tivus,
230 1509 273 1540 ut
297 1506 458 1546 Quintil.
485 1510 518 1547 9,
537 1508 569 1548 3,
588 1508 652 1540 73:
677 1508 824 1540 immori

87 1555 272 1595 levationi.
292 1574 335 1577 -
354 1554 523 1597 senescit]
543 1550 732 1597 ,τήκεται,
748 1565 824 1588 ma-

86 1601 223 1635 crescit
249 1604 286 1636 et
311 1602 511 1636 canescitst‘·
569 1601 644 1635 Cfr.
670 1601 764 1646 Epp.
791 1603 823 1643 2,

134 1697 196 1729 87-
198 1699 254 1730 93.
278 1696 445 1739 mentita]
473 1696 548 1730 Cfr
574 1696 621 1730 ad
648 1695 716 1729 Od.
740 1699 823 1738 3,1,

86 1745 142 1776 30.
193 1742 366 1777 Si1.1ta1.
394 1746 432 1785 7,
461 1746 540 1777 160.
566 1743 613 1777 de
639 1754 728 1787 agro
754 1743 823 1776 Fa-

86 1790 211 1824 lerno:
237 1792 345 1824 Dives
371 1800 413 1824 ea
440 1794 472 1823 et
497 1799 687 1831 nunquam
717 1791 823 1823 tellus

85 1839 238 1871 mentita
251 1839 391 1871 colono.
400 1857 443 1862 —-
453 1837 610 1880 enectus]
630 1840 824 1879 „attenua-

86 1886 182 1919 tusst‘
211 1884 354 1918 SCHOL.
380 1885 496 1919 Poeta
521 1895 579 1928 ap.
607 1884 682 1918 Cic.
710 1884 822 1918 Tusc.

89 1935 128 1974 1,
167 1935 207 1974 5,
247 1934 313 1966 1οε
357 1935 500 1966 enectus
536 1933 597 1964 siti
635 1932 821 1965 Tantalus.

87 1979 163 2013 cfr.
189 1979 236 2014 ad
260 1981 337 2013 Att.
363 1983 396 2022 6,
424 1982 460 2022 1,
488 1982 519 2014 2.
565 1978 645 2012 Liv.
673 1981 729 2021 21,
755 1982 821 2013 40:

85 2028 195 2069 same,
221 2028 371 2069 sriqore,
396 2028 533 2069 illuvie,
551 2027 722 2067 squalore
741 2036 823 2060 ene-

87 2076 144 2108 cti.
195 2075 256 2108 Sic
290 2075 324 2107 h.
351 2075 375 2108 l.
402 2075 516 2108 boves
550 2076 639 2108 sunt
669 2077 824 2118 propter

86 2122 244 2156 maciem
275 2125 390 2166 atque
424 2121 678 2156 infirmitatem
718 2122 823 2166 operi

87 2170 231 2203 rustico
267 2170 430 2214 impares
464 2169 565 2204 facti.
591 2187 638 2192 -
663 2169 823 2212 arando]

86 2217 207 2250 solum
246 2227 412 2251 macrum
451 2219 489 2250 et
529 2216 752 2261 lapidosum.
779 2236 822 2240 ——

85 2266 208 2297 media
233 2266 275 2297 de
299 2265 414 2307 nocte]
442 2264 517 2297 Ofr.
544 2264 638 2308 Epp.
666 2266 698 2305 1,
716 2265 749 2306 2,
766 2266 823 2298 32.

88 2312 327 2354 —scatrrum]
355 2311 593 2356 „squalidum
617 2320 730 2355 atque
756 2311 823 2344 im-

85 2360 256 2403 purum.“
286 2378 329 2383 —-
357 2359 560 2402 intonsum]
598 2359 646 2393 Et
669 2361 824 2403 propter

86 2406 280 2440 avaritiam
316 2409 352 2440 et
384 2408 536 2450 propter
570 2407 735 2441 taedium
766 2406 824 2439 in-

86 2453 329 2487 felicissimae
377 2454 632 2498 agriculturae
677 2464 823 2487 omnem

87 2501 183 2534 vitae
232 2500 374 2534 cultum
425 2502 660 2545 neglexerat,
711 2502 822 2545 longe

87 2558 190 2581 nunc
215 2547 388 2582 diversus
415 2548 460 2582 ab
488 2548 566 2589 illo,
601 2549 666 2592 qui
697 2549 824 2582 fuerat

88 2597 243 2629 tonsoris
273 2597 313 2628 in
341 2596 484 2628 umbra.
513 2614 553 2618 —
581 2598 706 2628 Durus
737 2595 822 2637 cet]

87 2642 181 2686 Epp.
211 2646 248 2684 1,
276 2645 331 2684 16,
357 2644 425 2676 70:
458 2643 535 2675 sine
556 2644 684 2683 pascat
709 2644 824 2676 durus

87 2692 251 2730 aretque.
303 2690 448 2734 „Prope
474 2689 585 2723 nimis
612 2689 823 2724 laboriosus

88 2740 126 2771 et
150 2740 308 2771 attentus
333 2738 382 2770 ad
405 2745 483 2770 rem
509 2736 681 2778 (Terent.
699 2737 769 2770 Ad.
788 2740 822 2777 5,

873 1366 906 1405 8,
933 1365 1017 1406 31.)‚
1042 1364 1257 1410 γλίσχρος.“
1309 1364 1385 1399 Sat.
1411 1366 1448 1405 2,
1470 1367 1514 1407 6,
1539 1367 1607 1399 82:

872 1413 985 1453 Asper
1010 1414 1042 1445 et
1068 1415 1227 1446 attentus
1253 1413 1438 1453 quaesitis.
1459 1431 1502 1436 —
1519 1413 1605 1456 Pol]

875 1459 977 1501 „Per
1002 1459 1236 1494 Pollucem.“
1277 1479 1321 1484 —
1357 1467 1486 1493 verum
1520 1461 1609 1493 mihi

870 1507 1027 1550 ponere]
1065 1507 1142 1540 Alii
1173 1508 1293 1541 dicere
1326 1517 1347 1540 e
1371 1507 1607 1552 glossemate.

874 1553 949 1588 Cfr.
977 1553 1051 1588 Sat.
1080 1557 1110 1597 l,
1137 1556 1170 1597 3,
1195 1556 1252 1589 42.
1291 1556 1324 1596 2,
1350 1556 1382 1596 3,
1408 1556 1465 1588 48.

921 1603 1074 1635 94-98.
1110 1603 1216 1644 Quod
1240 1604 1274 1635 te
1299 1601 1387 1645 θοι]
1422 1601 1526 1635 Haec
1550 1605 1608 1636 est

873 1649 913 1682 in
932 1649 1153 1693 quotidiano
1172 1659 1322 1693 quoque
1349 1659 1521 1683 sermone
1547 1660 1607 1683 so—

873 1696 940 1730 lita
963 1697 1226 1731 obtestationis
1248 1695 1421 1730 formula.
1453 1695 1607 1730 Terent.

871 1743 988 1777 Andr.
1017 1746 1032 1776 1
1049 1769 1057 1782 ,
1083 1745 1124 1785 5,
1150 1746 1218 1777 54:
1258 1743 1362 1785 Quod
1392 1745 1426 1776 te
1451 1751 1516 1785 eqo
1538 1751 1606 1784 per

872 1792 1041 1824 dea-tram
1072 1791 1166 1823 hanc
1197 1798 1274 1823 oro.
1322 1789 1428 1835 Virg.
1452 1789 1547 1824 Aen.
1573 1791 1606 1833 2,

875 1839 937 1870 141
959 1848 966 1870 :
1003 1839 1124 1878 Quod
1156 1839 1189 1870 te
1216 1845 1284 1879 per
1312 1845 1463 1878 superos
1487 1855 1503 1862 —
1529 1846 1607 1871 oro.

871 1883 938 1917 Est
977 1884 1175 1918 relativum
1213 1884 1420 1927 infinitum,
1469 1881 1607 1926 „eadm

870 1934 1025 1976 propter
1067 1931 1208 1976 quod.“
1250 1950 1294 1955 —
1327 1940 1397 1974 per
1436 1932 1606 1975 Genium]

873 1979 980 2012 Conf.
1005 1979 1098 2023 Epp.
1125 1981 1158 2019 2,
1186 1982 1217 2021 1,
1245 1980 1322 2012 144.
1348 1996 1396 2004 —-·
1418 1980 1606 2014 demiram-

872 2026 955 2069 que]
981 2026 1052 2060 Per
1070 2026 1238 2060 dextram
1264 2025 1367 2069 (fidoi
1389 2022 1606 2069 σύμβολον)

873 2074 1054 2118 frequens
1073 2073 1285 2108 obtestatio.
1311 2073 1390 2108 oie.
1402 2084 1472 2119 pro
1483 2073 1607 2108 Deiot.

874 2123 913 2162 3,
941 2124 986 2155 8:
1026 2123 1097 2155 Per
1122 2123 1314 2156 cleoeteram
1337 2124 1372 2156 te
1395 2123 1505 2156 istam
1529 2130 1606 2164 oro,

873 2177 985 2208 quam
1014 2170 1094 2210 ‘rem'
1116 2170 1293 2203 Deiotaro
1323 2170 1448 2210 hospes
1473 2170 1607 2210 nomm

869 2218 1079 2257 porrexisti.
1091 2235 1133 2239 —
1142 2217 1299 2257 deosque
1310 2215 1479 2259 Penates]
1499 2215 1606 2251 cont.

874 2263 949 2297 Sat.
981 2265 1022 2305 2,
1048 2266 1089 2305 3,
1115 2265 1194 2298 176.
1221 2282 1265 2286 ——
1293 2264 1446 2297 Obsecro
1479 2265 1514 2297 et
1545 2264 1606 2297 ob-

872 2310 997 2354 testor]
1014 2310 1163 2345 Rursus
1179 2310 1354 2345 formula.
1381 2310 1458 2344 Cic.
1470 2309 1518 2345 ad
1529 2310 1606 2345 Ast.

876 2361 929 2400 11,
951 2362 980 2399 1,
1002 2361 1038 2391 1:
1063 2359 1172 2399 idque
1187 2360 1228 2391 ut
1244 2359 1372 2400 facias,
1398 2360 1432 2392 te
1449 2359 1606 2391 obtestor

873 2408 984 2446 atque
1016 2407 1172 2439 obsecro.
1201 2424 1243 2428 —
1273 2406 1344 2447 Qui
1374 2406 1484 2439 semel
1515 2404 1606 2448 cet.]

872 2453 949 2487 Iam
988 2464 1033 2486 ex
1069 2453 1139 2486 hac
1173 2452 1461 2487 narratiuncula
1495 2454 1606 2497 poeta

873 2500 1018 2545 colligit
1034 2499 1246 2545 generalem
1265 2500 1511 2534 sententiam:
1534 2498 1606 2541 „Ut

871 2548 1033 2591 primum
1074 2546 1213 2591 aliquis
1259 2546 1482 2591 perspexit“
1534 2548 1604 2580 oet.

871 2594 1002 2629 Lectio
1035 2595 1144 2627 simul
1176 2594 1247 2628 hoc
1281 2594 1363 2628 loco
1397 2603 1489 2628 sane
1521 2603 1605 2637 per-

872 2653 998 2684 versa,
1030 2652 1257 2686 quamquam
1282 2641 1322 2674 in
1346 2641 1459 2685 longe
1484 2639 1605 2684 pluri-

871 2691 941 2723 mis
955 2688 1070 2723 Oodd.
1084 2688 1285 2732 reperitur,
1301 2688 1342 2721 in
1357 2687 1487 2732 paucis
1499 2687 1605 2721 dum-

871 2739 970 2771 taxat
996 2746 1084 2770 vera
1107 2736 1227 2769 semel.
1254 2734 1331 2768 Cfr.
1357 2733 1426 2768 od.
1451 2737 1485 2777 4,
1511 2736 1544 2775 3,
1573 2737 1603 2768 1.
