1774 2930
697 164 792 201 m
814 162 1038 199 Pomcn.

1537 159 1624 201 525

225 271 362 316 Filius
391 269 568 313 Albini:
601 267 648 311 Si
679 267 733 310 de
763 265 1001 324 quincunce
1029 266 1196 306 remota
1225 264 1292 303 est

224 341 380 397 Uncia‘,
412 340 516 398 quid
545 338 751 396 superat?
793 336 974 378 Poteras
1005 333 1180 376 dixisse.
1228 331 1397 374 Triens.
1442 329 1536 372 Eu!

225 414 338 458 Rem
366 411 528 470 poteris
560 423 732 453 servare
760 411 892 450 tuam.
936 404 1067 448 Redit
1096 403 1242 457 uncia,
1275 401 1377 458 quid
1406 400 1487 442 fit?

228 483 382 527 Semis.
428 482 488 525 At
518 481 625 524 haec
655 479 1011 533 animos‘aerugo
1043 478 1087 518 et
1118 488 1219 516 cura
1247 472 1388 529 peculi

1538 470 1625 512 330

205 632 286 665 327.
318 629 455 663 Albani
477 628 534 662 Bb
561 628 661 670 (non
687 624 829 668 S'l'cd).
854 642 900 647 —
926 624 1006 656 328.
1038 623 1189 663 superat
1213 619 1353 654 Bchd
1386 621 1426 654 et
1448 628 1578 652 omnes

157 677 330 713 Pottierii
356 679 394 711 et
416 674 652 715 Hochederi,
682 672 811 707 LCtF:
842 672 1005 712 superest
1040 679 1161 711 „unus
1188 671 1226 702 et
1256 666 1375 701 alter‘
1401 665 1578 707 Bentleii,

157 727 302 768 superet
335 734 420 758 cum
454 721 734 757 Zulichemiano
767 717 964 753 Bentleius
999 718 1036 750 et
1067 715 1115 749 M.
1142 734 1185 739 —
1211 716 1365 748 Poteras
1396 712 1509 747 BTcd
1543 715 1581 746 et

159 782 289 807 omnes
314 769 507 812 Pottierii,
532 768 663 803 LctF:
694 768 842 801 Poterat
866 764 937 807 bs,
972 773 1056 798 cum
1083 763 1252 808 quinque
1277 761 1356 796 suis
1380 759 1578 794 Bentleius

160 822 198 855 et
220 818 292 853 MJ.
320 837 364 843 —
388 819 542 858 dia-me,
569 816 720 849 Trim?
754 812 928 847 distinxit
951 810 1168 852 Bentleius,
1191 810 1347 843 divisse:
1370 809 1483 842 ment
1506 806 1579 840 HJ.

160 885 204 891 —
231 868 312 900 330.
350 866 396 899 At
420 863 575 906 bS,LF:.
606 863 665 896 An
688 861 731 903 B,
758 870 843 894 cum
868 858 990 893 tribus
1015 857 1278 892 vetustissimis
1303 854 1518 889 Blandiniis
1543 855 1582 888 et

161 913 277 948 Statio
301 911 497 947 Bentleius
523 914 560 945 et
583 909 632 952 M,
657 908 749 950 Tcd,
775 907 831 942 Ct.

113 1036 197 1082 prie
222 1035 343 1080 accipi
377 1033 531 1078 nequit,
566 1031 632 1067 sed
658 1030 846 1076 significat

116 1083 199 1126 „vel
230 1080 538 1116 minutissimas.“
587 1079 728 1113 Ultima
762 1078 845 1122 qui-

113 1129 199 1164 dem
222 1128 330 1171 finis,
364 1128 411 1162 ad
445 1137 557 1172 quam
582 1126 623 1159 in
649 1125 744 1160 assis
770 1124 846 1158 dis-

113 1176 319 1212 tributione
342 1173 586 1220 progreditur
602 1173 645 1206 L.
663 1172 845 1206 Volusius

112 1223 328 1258 Maecianus
354 1222 386 1266 ξ.
412 1223 468 1256 39.
501 1221 596 1255 haec
621 1222 696 1254 est:
731 1220 846 1253 Dimi-

114 1272 215 1304 dium
259 1269 475 1312 scriptulum
518 1268 631 1302 audio
672 1267 847 1307 quosdam

113 1318 394 1352 ratiocinatores
425 1315 671 1351 SIMPLIUM
703 1321 844 1354 vocare,

115 1366 214 1407 quoa
260 1365 329 1397 erit
375 1365 485 1396 totius
533 1362 626 1395 assis
673 1361 847 1402 quinqen-

115 1413 243 1446 ‘etima
272 1411 541 1452 septuaaen'ma
573 1409 696 1449 sexta,
736 1415 848 1448 quam

116 1460 150 1492 el
175 1460 295 1500 ipsam
325 1460 472 1500 partem
501 1454 644 1497 inti-nizo
672 1462 848 1495 separare

112 1507 240 1547 possis.
283 1504 380 1538 Cave
406 1506 551 1545 autem,
578 1512 625 1535 ne
650 1501 848 1535 Horatium

115 1552 222 1597 loqui
254 1553 366 1596 putes
391 1550 438 1584 de
470 1559 671 1583 usurarum
697 1558 848 1592 compu-

115 1599 271 1641 tatione,
296 1597 363 1632 sed
385 1607 507 1641 usque
533 1596 580 1630 ad
605 1607 638 1629 v,
657 1597 736 1629 330.
763 1595 849 1629 sim-

114 1644 232 1690 plicia
246 1643 465 1686 additionis,
490 1642 769 1684 subtractionis,
795 1642 850 1675 di-

115 1692 272 1726 visionis
307 1691 478 1735 exempla
501 1689 691 1735 proponit.
718 1708 760 1712 —
787 1691 852 1722 Dt-

116 1741 176 1773 cat
201 1738 287 1782 cet.]
315 1738 361 1772 In
385 1738 517 1772 ludum
541 1737 752 1771 literarium
778 1746 848 1770 nos

116 1785 270 1820 deducit
308 1786 438 1830 pocta,
486 1784 551 1818 ubi
597 1782 848 1817 ratiocinandi

116 1835 235 1867 artem
268 1843 339 1877 pro
374 1832 479 1876 poesi
513 1831 622 1865 docet
657 1830 847 1875 magister.

118 1879 293 1914 Ceterum
326 1878 513 1923 quomodo
546 1879 586 1911 in
620 1877 734 1912 tertia
761 1888 847 1921 per-

118 1937 211 1960 sona
235 1926 424 1960 offendere
449 1924 616 1970 potuerit
638 1924 848 1967 Bentleius,

118 1983 194 2006 non
220 1972 340 2006 video.
367 1971 501 2006 Nonne
527 1972 628 2005 enim
652 1971 848 2016 probabile

118 2023 176 2054 est
199 2021 463 2063 praeceptores
488 2017 677 2051 interdum
700 2019 772 2051 hac
797 2017 849 2051 ita

76 2078 79 2079 ⁷
119 2077 209 2101 usos
234 2075 330 2107 esse,
354 2068 397 2099 ut
414 2066 538 2099 solent
553 2065 699 2098 nostri?
724 2064 848 2108 Atque

119 2113 174 2147 sic
200 2115 257 2147 est
282 2112 350 2146 Od.
379 2115 418 2152 1,
444 2113 508 2154 27,
536 2113 592 2144 10.
626 2111 673 2144 de
698 2111 848 2145 homine

118 2162 336 2205 praesente:
378 2160 486 2193 Dicat
514 2159 695 2200 Opuntiae
718 2159 850 2191 Frater

118 2208 305 2248 Meaillae.
332 2225 375 2230 ——
401 2205 536 2248 Albini]
564 2215 721 2247 „nomen
747 2204 850 2238 fene-

119 2253 255 2288 ratoris
278 2253 381 2287 avari
401 2252 544 2295 (Con.
563 2251 713 2293 CRUQ.),
739 2251 849 2285 cuius

121 2311 211 2335 sane
237 2300 339 2334 filius
364 2299 522 2333 maxime
547 2301 656 2343 aptus
682 2301 757 2341 est,
783 2299 848 2343 qui

120 2358 143 2382 a
179 2348 358 2392 magistro
392 2346 438 2380 de
475 2356 516 2379 re
550 2345 758 2379 nummaria
790 2346 848 2378 in-

121 2394 368 2438 terrogetur.“
425 2392 615 2426 Dum-axa.
658 2412 699 2416 —
744 2394 849 2433 quin-

121 2441 248 2483 cunce]
272 2440 348 2474 Cfr.
372 2440 415 2473 L.
433 2439 614 2474 Volusius
634 2438 850 2473 Maecianus

121 2490 159 2521 et
194 2487 338 2521 Balbus
375 2487 421 2521 de
458 2497 541 2521 asse
579 2486 635 2520 ed.
669 2486 851 2531 Bocking.

121 2534 275 2568 Bonnae
314 2535 418 2568 1831.
451 2535 510 2567 12.
547 2544 583 2578 p.
619 2535 681 2566 13:
723 2534 851 2566 divisio

120 2582 247 2623 solidi,
271 2582 311 2614 id
336 2584 404 2623 est,
433 2582 566 2622 librae,
602 2581 699 2621 quod
723 2589 764 2613 as
788 2589 851 2614 vo-

122 2631 248 2661 catur:
264 2646 280 2652 -
296 2645 312 2652 -
328 2630 439 2661 uncia
469 2627 715 2672 (duodecima
738 2628 851 2671 pars)

122 2677 281 2717 sextam,
299 2677 498 2717 quadrans,
512 2676 633 2715 triens,
652 2675 850 2717 quincunce,

123 2722 276 2754 :missis
301 2722 421 2764 (sive,
447 2724 489 2755 ut
512 2721 595 2764 hic,
618 2721 767 2763 semis),
796 2730 851 2754 se·

891 1031 1024 1070 plum,
1041 1029 1148 1061 bessis
1166 1026 1209 1069 (s.
1228 1027 1315 1069 bes),
1340 1027 1514 1063 dodrans,
1537 1026 1628 1058 dex·

893 1078 974 1109 tans
1008 1075 1058 1117 (s.
1083 1074 1267 1117 decunx),
1304 1075 1439 1107 deunx.
1467 1091 1509 1096 -—
1538 1072 1629 1113 quia

893 1122 1090 1165 superam]
1124 1122 1222 1155 Sane
1261 1120 1380 1155 oratio
1415 1122 1518 1153 recta
1548 1118 1629 1153 effi-

895 1171 1019 1204 cacior
1045 1171 1102 1203 est
1135 1178 1248 1213 quam
1279 1167 1542 1202 coniunctivus
1565 1175 1628 1200 su·

892 1219 1006 1259 peret,
1031 1216 1140 1250 cuius
1158 1215 1294 1260 exigua
1311 1217 1368 1248 est
1385 1225 1407 1248 a
1425 1213 1629 1248 Codicibus

895 1264 1112 1297 auctoritas.
1164 1282 1207 1286 —
1259 1264 1409 1295 Poteras
1472 1260 1628 1304 dixisse]

895 1311 1022 1344 Verba
1054 1311 1147 1344 haec
1183 1311 1275 1343 sunt
1299 1308 1489 1354 magistri,
1519 1307 1630 1342 disci-

895 1358 1027 1402 pulum
1052 1368 1128 1391 non
1154 1360 1229 1391 tam
1248 1355 1501 1400 corripientis,
1527 1354 1629 1399 quod

895 1405 1127 1451 tardiuscule
1193 1403 1446 1448 respondeat,
1518 1413 1629 1447 quam

898 1462 983 1486 cum
1017 1451 1095 1485 leni
1131 1451 1257 1485 ironia
1290 1450 1507 1491 excitantis,
1544 1459 1630 1483 cum

898 1501 1024 1533 certus
1050 1498 1100 1532 sit
1130 1498 1311 1543 magister
1339 1507 1499 1542 puerum
1524 1496 1628 1530 illico

896 1549 999 1580 recte
1049 1556 1131 1579 esse
1181 1555 1464 1589 responsurum.
1524 1543 1629 1578 Bene

897 1593 1014 1627 Voss:
1051 1594 1145 1626 Nur
1177 1593 1360 1626 herous!
1395 1593 1461 1625 Du
1484 1592 1632 1624 weisst

899 1643 959 1674 es!
992 1659 1035 1663 —
1070 1639 1218 1682 Priene]
1257 1638 1369 1673 tertia
1400 1648 1488 1683 pars
1522 1638 1632 1679 assis,

897 1687 937 1720 id
961 1689 1030 1728 est,
1057 1689 1234 1731 quattuor
1258 1685 1405 1720 unciae.
1431 1704 1477 1708 —
1501 1684 1631 1728 Redit]

899 1737 1053 1777 „contra
1077 1734 1109 1767 si
1134 1733 1182 1767 ad
1200 1733 1453 1778 quincuncem
1478 1732 1630 1766 additur

897 1781 1023 1823 uncia,
1046 1780 1089 1814 fit
1106 1781 1230 1823 semis,
1255 1779 1411 1814 dimidia
1427 1790 1515 1824 pars
1533 1780 1631 1813 assis

897 1829 976 1862 sive
1024 1839 1090 1862 sex
1137 1828 1308 1861 1111111116.ιι
1358 1828 1465 1860 Redit
1506 1828 1631 1860 autem

897 1876 1022 1910 dicere
1046 1877 1213 1919 poterat,
1250 1874 1340 1919 quia
1365 1874 1536 1919 singulae
1561 1884 1631 1906 un-

898 1923 978 1957 ciae
1010 1922 1118 1967 prius
1151 1925 1290 1964 totum,
1323 1921 1363 1955 id
1390 1924 1463 1963 est,
1498 1931 1632 1963 assem,

898 1970 1188 2011 constituentes,
1236 1969 1283 2003 ab
1331 1979 1375 2002 eo
1423 1971 1632 2012 separatae,

897 2016 963 2050 ubi
980 2017 1065 2050 aliis
1083 2017 1208 2050 unciis
1232 2015 1435 2057 adduntur,
1460 2015 1508 2048 ad
1524 2015 1632 2048 illum

898 2073 1052 2096 sensum
1092 2063 1197 2096 velut
1235 2062 1468 2106 postliminio
1509 2062 1631 2095 redire

898 2109 1086 2143 videntur.
1124 2127 1172 2133 —-
1208 2110 1255 2142 At
1294 2108 1386 2152 cet.]
1424 2108 1487 2142 Sic
1529 2111 1632 2143 recte

898 2157 1062 2201 erumpit
1086 2156 1281 2190 liberrima
1304 2155 1529 2201 indignatio.
1571 2157 1630 2189 An

898 2203 1106 2238 dubitantis
1137 2206 1256 2246 esset,
1290 2203 1355 2237 sed
1389 2203 1473 2236 sine
1499 2213 1631 2246 causa3

899 2251 966 2295 qui
1002 2253 1126 2285 autem
1165 2251 1214 2284 ad
1251 2252 1340 2283 haec
1382 2250 1630 2294 scripserunt,

897 2298 970 2332 rati
996 2300 1085 2331 sunt
1110 2297 1240 2331 eadem
1263 2297 1418 2332 licentia
1434 2297 1495 2331 hic
1521 2307 1633 2331 usum

898 2355 980 2379 esse
1027 2344 1225 2378 Horatium
1280 2347 1392 2389 atque
1435 2343 1514 2377 Cic.
1562 2355 1630 2388 pro

896 2391 974 2425 Mil.
1000 2394 1039 2434 4,
1066 2395 1128 2425 10:
1159 2394 1208 2425 ad
1233 2400 1345 2432 quam
1371 2391 1531 2433 (leuem)
1557 2400 1632 2424 mm

898 2441 1012 2481 docti,
1043 2441 1105 2472 sed
1129 2440 1240 2481 sacti,
1272 2447 1347 2471 ‘non
1370 2439 1544 2479 instituti,
1569 2440 1633 2471 sed

898 2487 1026 2519 imbuti
1041 2495 1177 2519 sumus.
1196 2505 1239 2509 —
1260 2485 1412 2528 aerugo]
1441 2485 1630 2528 „avar-itia,

900 2544 998 2578 quae
1023 2533 1123 2567 rodit
1140 2533 1284 2567 animos
1302 2536 1416 2576 atque
1443 2535 1630 2573 extenuat,

900 2583 943 2614 ut
974 2591 1114 2625 aerugo
1147 2580 1246 2614 aes.“
1296 2580 1382 2612 Alia
1414 2578 1634 2621 metaphora

901 2627 976 2661 Sat.
1011 2629 1051 2668 1,
1075 2630 1117 2669 4,
1146 2629 1226 2660 101.
1277 2626 1421 2659 Seneca
1452 2625 1571 2668 Epist.
1597 2626 1631 2666 7,

900 2677 941 2708 6:
976 2675 1164 2715 Maliqnus
1198 2682 1314 2706 comes
1347 2673 1511 2712 quamvis
1545 2680 1633 2704 can-

900 2722 983 2755 dido
1026 2725 1059 2754 et
1098 2721 1254 2761 simplici
1290 2720 1493 2759 mbiqinem
1526 2726 1632 2751 suam
