1774 2930
163 112 251 155 456

282 214 332 256 In
363 229 496 258 vacuo
526 215 665 258 laetus
698 229 841 258 sessor
871 216 1130 273 plausorque
1160 217 1352 274 theatr03

635 113 843 149 HORATH
865 114 1213 150 EPISTOLARUM

1599 191 1683 262 130

283 285 440 328 Cetera
471 287 544 342 qui
574 287 689 328 vitae
721 290 913 330 servaret
942 288 1090 330 munia
1120 292 1237 331 recto

281 356 414 411 More,
446 357 584 399 bonus
617 372 721 400 sane
752 358 933 412 vicinus„
967 359 1163 401 amabilis
1195 359 1370 417 hospes,

282 427 427 470 Oomis
459 429 504 470 in
534 443 727 482 uxorem,
760 433 908 485 posset
941 430 1015 486 qui
1045 430 1269 486 ignoscere
1301 432 1436 474 servis

280 498 338 540 Et
370 499 492 555 signo
524 500 642 542 laeso
673 514 760 543 non
790 500 981 543 insanire
1011 501 1211 557 lagenae,

279 570 436 613 Posset
468 571 539 626 qui
570 585 722 627 rupem
754 575 796 614 et
827 575 1006 633 puteum
1036 573 1173 614 vitare
1204 576 1438 629 patentem.

1604 574 1685 615 135

278 641 363 683 Hic
394 642 469 683 ubi
501 646 779 698 cognatorum
812 643 965 699 opibus
999 643 1198 699 curisque
1230 643 1417 686 refectus

279 710 460 769 Expulit
490 713 712 756 helleboro
742 714 939 756 morbum
970 714 1187 770 bilemque
1219 729 1389 758 meraco

278 783 336 825 Et
366 783 477 826 redit
509 784 562 827 ad
594 799 713 827 sese:
746 784 827 827 Pol
857 799 927 827 me
959 785 1195 839 occidistis,
1229 785 1373 839 amici,

278 854 376 897 Non
407 855 626 909 servastis,
660 856 733 909 ait,
766 856 835 898 cui
866 856 928 898 sic
961 859 1130 899 extorta
1160 857 1358 913 voluptas

278 925 336 968 Et
367 925 565 983 demptus
596 941 674 983 per
704 927 793 969 vim
823 927 980 969 mentis
1014 927 1284 982 gratissimus
1316 941 1446 971 error.

1602 927 1685 969 140

277 997 491 1039 Nimirum
522 1012 674 1054 sapere
707 1002 772 1040 est
804 998 982 1040 abiectis
1015 998 1120 1040 utile
1150 999 1278 1054 nugis

276 1067 335 1110 Et
366 1069 676 1125 tempestivum
706 1069 852 1125 pueris
886 1069 1118 1111 concedere
1150 1069 1317 1122 ludum,

278 1139 342 1182 Ac
372 1153 459 1182 non
489 1140 622 1182 verba
653 1141 775 1196 sequi
806 1139 961 1182 fidibus
994 1139 1253 1183 modulanda
1282 1139 1470 1193 Latinis,

155 1271 222 1303 καὶ
235 1269 573 1314 ἐπισημαίνεσθαι.
587 1271 653 1302 καὶ
666 1266 717 1311 ὦς
730 1271 896 1313 κατέστη

157 1318 226 1362 τῆς
269 1317 514 1364 παρακοπῆς,
562 1313 709 1361 ἔφησεν
750 1317 898 1350 ἐκεῖνον

158 1363 261 1411 αὐτῷ
293 1365 362 1399 τὸν
394 1362 537 1413 χρόνον
562 1361 701 1410 ἥδιστα
731 1363 900 1405 βεβιῶσ-

158 1413 290 1446 θαι.-
301 1415 430 1448 Cetera
447 1415 511 1455 qui
523 1414 619 1447 vilae
634 1412 719 1456 cet.]
740 1412 898 1455 „Quam-

158 1461 216 1495 vis
246 1471 313 1506 per
343 1461 501 1495 eandem
530 1461 719 1495 insaniam
748 1459 899 1504 reliqua

158 1508 257 1543 vitae
275 1508 428 1554 negotia
441 1511 543 1543 recte
558 1519 601 1543 ac
615 1507 824 1553 prudenter
839 1518 899 1541 ex-

159 1556 569 1600 sequeretur.“-—reclo
578 1555 698 1598 More]
719 1565 898 1599 „prorsus

158 1605 202 1637 ut
228 1604 343 1638 ceteri
369 1604 540 1638 homines
567 1603 650 1638 sani
677 1614 722 1637 ex
746 1605 900 1647 recepta

159 1651 276 1685 semel
294 1651 570 1686 consuetudine
590 1651 765 1685 omnibus
783 1650 899 1684 rebus

159 1709 199 1733 se
226 1699 399 1744 gerunt.“
421 1718 464 1723 —
484 1701 596 1732 bonus
624 1707 714 1732 sane
742 1697 899 1740 vicinus]

161 1745 389 1788 „Commoda
407 1746 606 1781 occasione
629 1746 820 1790 percurrit
845 1744 899 1778 of-

158 1792 244 1827 ficia
267 1794 358 1827 boni
381 1795 500 1838 patris
521 1793 716 1827 familias.“
748 1792 899 1825 PORPH.

159 1859 203 1863 —
219 1841 354 1884 posset]
383 1841 517 1883 „facile
535 1852 558 1874 a
581 1851 621 1874 se
644 1838 897 1883 impetraret.“

158 1887 227 1921 Vis
251 1889 364 1922 huius
382 1888 489 1922 verbi
514 1886 715 1922 admodum
740 1888 899 1930 augetur

159 1945 215 1977 eo,
243 1935 344 1980 quod
362 1936 420 1970 bis
439 1935 619 1979 deinceps
646 1934 694 1976 (v.
714 1935 792 1967 133.
812 1935 849 1967 et
865 1943 898 1966 V.

160 1983 253 2026 135.)
280 1983 497 2027 pronomini
522 1982 680 2016 relativo
706 1980 900 2026 praeposi-

134 2051 141 2055 ·
158 2031 239 2064 tum
258 2033 324 2064 est.
341 2051 383 2055 —-
402 2032 506 2072 siano
528 2029 639 2072 laeso]
659 2027 900 2073 quemadmo-

158 2076 248 2111 dum
268 2079 366 2112 servi
384 2078 508 2113 vinosi
528 2076 721 2111 interdum
744 2075 899 2120 lagenas

159 2125 410 2160 exsiccabant.
453 2125 520 2159 Est
553 2124 689 2169 igitur:
726 2122 814 2167 „qui
839 2123 899 2156 fu-

159 2175 287 2207 renter
306 2185 382 2208 non
403 2174 635 2207 irasceretur
652 2174 695 2204 ut
711 2170 900 2215 plerique,

159 2231 243 2254 cum
278 2221 450 2266 lagenam
492 2216 690 2263 (λάγηνος,
724 2213 900 2262 λάγυνος,

158 2268 320 2311 Laqel,
348 2267 509 2310 Leael)
543 2278 565 2301 a
599 2277 638 2301 se
665 2266 901 2311 obsignatam

159 2316 408 2359 comperisset
425 2327 447 2350 a
464 2315 613 2349 servulo
633 2324 716 2348 esse
733 2312 901 2357 resigna-

159 2363 268 2395 tam.“
290 2382 333 2386 ——
352 2371 482 2404 rupem
500 2364 532 2395 et
547 2360 714 2404 puteum]
734 2360 809 2394 Ofr.
825 2359 899 2394 Sat.

160 2410 194 2451 2,
213 2411 245 2450 3,
264 2411 321 2443 55.
351 2411 395 2444 A.
414 2410 455 2444 P.
484 2412 564 2444 459.
585 2428 627 2433 —
647 2406 900 2450 coqnalorum]

159 2455 254 2501 Epp.
277 2459 311 2499 1,
332 2459 370 2500 1,
391 2459 469 2490 102.
487 2476 534 2480 —
553 2456 695 2498 opibus]
721 2455 761 2489 in
786 2465 901 2498 prosa

160 2504 332 2538 oratione
360 2515 465 2548 „ope,
492 2503 667 2542 auxilio,“
695 2504 738 2536 ut
754 2501 848 2546 Epp.
870 2504 899 2544 1,

162 2553 217 2593 10,
236 2553 294 2586 36.
312 2571 356 2576 --
374 2549 741 2593 Empulil-morbum]
761 2549 900 2583 Tibull.

160 2600 194 2641 4,
213 2601 246 2641 4,
267 2602 305 2633 1:
328 2601 413 2633 Hac
430 2600 516 2632 ades
535 2601 567 2631 el
590 2600 739 2631 tenerae
756 2598 900 2630 morbos

161 2647 300 2688 expelle
324 2648 485 2689 puellae.
506 2665 548 2669 —
567 2643 763 2687 helleboro]
791 2643 899 2678 solito

159 2693 342 2730 adversus
384 2693 571 2728 insaniam
612 2691 899 2726 medicamento.

946 1269 1022 1303 Ofr.
1057 1269 1132 1304 Sat.
1167 1272 1207 1312 2,
1242 1271 1283 1312 3,
1317 1271 1373 1303 82.
1409 1288 1452 1293 -
1492 1269 1683 1311 bilemque]

947 1317 1133 1359 μέλαιναν
1158 1313 1291 1361 χολήν,
1330 1327 1426 1362 quae
1459 1326 1528 1361 pro
1563 1315 1686 1350 morbi

949 1375 1062 1398 causa
1094 1364 1317 1399 habebatur.
1373 1364 1475 1398 Part.
1510 1371 1579 1405 que
1610 1363 1686 1406 hic,

947 1414 990 1446 ut
1023 1422 1136 1456 saepe
1169 1407 1399 1456 ἑπεξηγήσει
1436 1411 1606 1446 inservit.
1641 1430 1684 1435 --

947 1460 1106 1503 meraco]
1134 1470 1259 1504 „puro
1286 1462 1324 1493 et
1347 1459 1453 1493 nulla
1477 1458 1686 1496 sorbitione

948 1507 1080 1549 diluto,
1107 1518 1182 1551 quo
1205 1507 1262 1541 vis
1287 1506 1370 1540 eius
1388 1507 1436 1540 sit
1459 1505 1686 1540 efficacior-‚⁴⁶

947 1554 1052 1588 Pers.
1079 1556 1112 1596 4,
1141 1557 1202 1588 16:
1232 1554 1427 1595 Anticyras
1451 1554 1583 1587 melior
1607 1561 1687 1586 sor-

949 1603 1031 1635 bere
1056 1610 1234 1635 meracas.
1276 1601 1468 1635 Lucienus
1493 1600 1534 1634 ἐν
1557 1599 1687 1646 Πλοιῳ

948 1651 1013 1682 45:
1046 1649 1158 1682 τοῦτο
1183 1650 1250 1682 καὶ
1275 1645 1298 1681 ὁ
1324 1647 1529 1695 ἐλλέβορος
1554 1645 1688 1689 ἱκανὸς

949 1696 1112 1740 ποιῆσαι
1150 1695 1308 1740 (παύειν
1346 1706 1390 1729 σε
1425 1694 1686 1742 μωραίνοντα)

948 1740 1156 1790 ζωρότερος
1174 1743 1319 1784 ποθείς.
1330 1741 1575 1784 —occidiscisJ
1606 1741 1687 1784 „in-

947 1791 1209 1825 felicissimum
1240 1800 1299 1824 me
1333 1788 1573 1832 reddidistis3
1617 1791 1688 1830 „ut

947 1840 1127 1878 occidere,
1170 1845 1321 1870 enecare
1361 1835 1463 1880 apud
1505 1835 1687 1870 Comicos.

949 1884 1099 1919 Terent.
1117 1884 1266 1918 Phorm.
1285 1886 1317 1926 4,
1336 1886 1369 1926 3,
1386 1885 1430 1917 67
1442 1895 1450 1917 :
1475 1883 1578 1926 Gela,
1595 1884 1688 1916 oeci-

948 1933 1032 1965 disli
1056 1940 1112 1965 me
1139 1933 1209 1965 luis
1234 1932 1411 1973 fallaciis.

998 1981 1183 2013 141-144.
1210 1979 1392 2012 Nimirum
1417 1977 1503 2020 cet]
1528 1976 1689 2011 Narrate.

948 2028 1018 2061 hac
1035 2027 1204 2069 historia,
1223 2036 1319 2070 quae
1335 2026 1505 2070 exemplo
1521 2025 1689 2058 illustrat

950 2074 1175 2108 sententiam
1206 2084 1238 2110 v,
1259 2075 1356 2115 126.,
1385 2073 1556 2106 ultimam
1585 2071 1690 2106 addit

949 2121 1147 2164 rationem,
1162 2132 1228 2155 cur
1239 2120 1433 2165 relinquat
1441 2119 1575 2165 poesin
1585 2120 1688 2154 certe

950 2169 1122 2214 lyricam3
1155 2168 1345 2212 reliquam
1370 2168 1469 2202 enim
1494 2166 1607 2200 vitam
1632 2176 1689 2201 sa-

948 2216 1115 2261 pientiae
1134 2215 1270 2250 studiis
1289 2225 1372 2249 esse
1390 2213 1622 2249 dicandam.“
1642 2232 1687 2236 —

949 2263 1091 2306 sapere]
1135 2262 1210 2306 „ad
1247 2262 1454 2307 sapientiae
1486 2263 1689 2306 praecepta

949 2311 1063 2345 vitam
1103 2319 1347 2354 componere,
1389 2309 1539 2344 omissis
1578 2307 1688 2342 vanis

950 2357 1248 2399 oblectamentis,
1275 2356 1387 2391 etiam
1411 2355 1547 2391 studiis
1570 2355 1689 2400 po’efi-

951 2406 1041 2440 cis.“
1063 2424 1106 2429 —
1125 2404 1247 2447 πυρᾶς]
1279 2404 1355 2438 Ofr.
1384 2403 1478 2448 Epp.
1507 2405 1538 2445 1,
1566 2405 1597 2445 1,
1626 2403 1687 2436 10:

950 2455 1056 2488 Nunc
1079 2454 1204 2493 itaque
1231 2454 1263 2485 el
1280 2460 1405 2485 versus
1431 2453 1464 2484 el
1487 2452 1608 2484 celera
1634 2450 1689 2482 lu-

950 2502 1053 2534 dicra
1068 2508 1176 2542 pono.
1188 2518 1230 2522 —
1242 2499 1489 2540 tempestivum
1507 2497 1592 2539 cet.]
1611 2495 1688 2530 cfr.

949 2548 1044 2592 Epp.
1071 2549 1102 2590 1,
1130 2549 1185 2589 14,
1212 2547 1275 2580 36:
1310 2547 1393 2579 Non
1420 2546 1543 2578 lusisse
1565 2544 1688 2585 pudet,

948 2597 1010 2629 sed
1034 2603 1108 2628 non
1132 2594 1290 2627 incidere
1320 2593 1456 2626 ludum.
1490 2590 1687 2633 „Dativum

946 2643 1075 2684 pueris
1100 2641 1200 2675 refer
1226 2642 1263 2674 et
1287 2639 1334 2674 ad
1369 2639 1616 2680 tempestivum
1651 2638 1689 2671 et

949 2689 995 2724 ad
1013 2688 1239 2723 concedere.“
1258 2687 1448 2720 Danaus.
1468 2705 1510 2709 —
1528 2685 1581 2718 Ac
1598 2683 1686 2726 non]
