1774 2930
146 183 233 224 238

648 182 856 216 HORATII
881 181 1165 216 SATIRARUM

265 284 332 326 De
363 284 503 326 medio
535 287 684 340 potare
715 283 798 325 die.
846 282 941 335 Sic,
973 287 1020 324 ut
1050 283 1156 325 mihi
1186 297 1407 339 nunquam

265 355 315 396 In
345 355 435 397 vita
466 354 595 397 fuerit
627 354 794 396 melius.
840 353 928 407 Da,
962 354 1000 395 si
1031 368 1161 409 grave
1191 368 1278 396 non
1309 357 1394 407 est,

266 425 387 474 Quae
418 426 556 482 prima
585 426 742 466 iratum
771 427 967 467 ventrem
997 425 1230 480 placaverit
1261 439 1372 467 esca.
1641 426 1667 466 5

263 497 315 538 In
345 497 494 553 primis
525 496 728 538 Lucanus
761 509 888 551 aper;
919 495 1007 537 leni
1038 494 1120 537 fuit
1150 495 1310 538 Austro

266 567 446 623 CaptuS,
479 571 526 608 ut
559 567 700 609 aiebat
732 580 862 608 cenae
893 569 1038 622 pater,
1071 567 1185 608 acria
1215 567 1374 608 circum

264 638 453 694 Rapula,
484 638 695 691 lactucae,
727 637 913 690 radices,
946 637 1090 692 qualia
1118 638 1280 679 lassum

242 765 275 795 4.
308 762 389 805 Da]
416 763 474 796 dic
498 760 648 806 bssscp,
683 763 720 795 et
745 761 953 794 Bentleius.
980 780 1023 785 —-
1050 763 1082 794 5.
1106 763 1297 803 pacaverit
1331 771 1350 795 c
1385 762 1423 795 et
1446 759 1618 794 Pottierii

192 809 378 854 plerique,
400 812 606 851 pacaverat
631 819 819 853 superscr.
843 810 858 840 i
883 807 918 841 S.

144 909 320 943 Plautum
349 913 385 944 et
403 909 634 950 Terentium,
660 909 760 953 apud
787 919 882 953 quos

146 958 325 991 nonnulli
364 957 481 991 edunt
518 958 668 999 dicits-33
704 956 743 989 id
782 956 882 1000 quod

145 1005 302 1038 Horatio
338 1004 515 1049 equidem
547 1004 718 1038 tribuere
753 1003 881 1037 nolim.

144 1071 191 1075 ——
203 1052 302 1094 here]
320 1051 479 1092 Quintil.
496 1054 527 1093 1,
542 1053 575 1094 7,
590 1053 652 1085 22:
668 1052 772 1084 here
787 1059 883 1083 nunc

143 1101 176 1132 E
205 1100 328 1132 littera
362 1100 621 1139 terminamu33
655 1101 694 1131 at
719 1100 882 1131 veterum

145 1148 366 1180 comicorum
415 1147 535 1179 adhuc
585 1147 687 1179 libris
735 1146 882 1178 invenio

146 1195 246 1227 heri
283 1195 337 1227 ad
372 1202 435 1227 me
472 1194 609 1234 venit,
654 1194 751 1233 quod
787 1193 883 1225 idem

143 1242 185 1273 in
202 1242 363 1282 epistolis
380 1242 547 1283 Auqusti,
574 1249 667 1281 quas
684 1249 752 1273 sua
769 1248 881 1272 manu

143 1289 286 1330 scripsi-t
310 1291 375 1321 aui
401 1289 617 1329 emendavit,
643 1287 882 1328 deprehendi-

144 1337 215 1368 iar.
244 1354 287 1359 —
313 1338 367 1369 De
391 1335 619 1378 medio-die]
645 1334 739 1378 Epp.
768 1337 800 1375 1,
827 1336 882 1377 14,

145 1384 209 1416 34:
242 1384 363 1416 media
397 1385 439 1416 de
474 1384 562 1415 luce.
613 1381 733 1416 Solita
765 1392 881 1415 cenae

143 1430 238 1463 hora
254 1430 326 1464 fuit
351 1441 463 1464 nona.
489 1429 583 1474 Epp.
603 1432 634 1471 1,
653 1431 685 1471 7,
712 1431 775 1462 71:
801 1430 883 1462 Post

143 1486 281 1510 ‘nonam
320 1479 441 1511 venies
483 1477 552 1519 (ad
587 1477 752 1518 cenam).
805 1475 882 1510 Cic.

143 1524 191 1557 ad
229 1524 330 1558 Fam.
370 1527 409 1567 9,
448 1526 511 1566 26,
551 1527 589 1557 1:
632 1525 883 1557 Accubueram

143 1573 235 1604 hora
262 1581 370 1605 nona.
421 1571 581 1605 Martial.
608 1574 642 1613 4,
669 1573 701 1613 8,
729 1573 772 1603 6:
807 1573 881 1604 Im-

140 1622 251 1660 perat
277 1622 479 1653 exstructos
504 1620 679 1660 sranqere
704 1627 802 1651 nona
828 1620 881 1651 ιο-

143 1675 215 1699 ros.
249 1666 481 1700 Censorinus
507 1669 564 1699 34.
591 1666 702 1699 docet
726 1665 881 1710 quadri-

142 1714 280 1758 partito
300 1713 462 1748 divisum
479 1713 599 1747 fuisse
618 1713 735 1746 diem:
761 1722 880 1752 mane,

142 1763 194 1794 ad
219 1763 417 1804 meridiem,
443 1762 486 1793 de
502 1761 652 1793 meridie
677 1759 736 1802 (ἐκ
755 1771 784 1793 s.
802 1757 880 1793 ἀπὸ

144 1807 419 1854 μεσημβρίας),
444 1817 628 1849 suprema.
653 1807 732 1840 Iam
750 1807 790 1839 in
809 1807 881 1840 hoc

143 1856 297 1889 inficeta
305 1855 501 1890 Nasidieni
513 1854 683 1888 luxuries
698 1854 880 1896 cernitur,

145 1902 248 1947 quod
275 1905 405 1936 contra
430 1912 571 1935 morem
597 1912 621 1935 a
642 1901 881 1945 principibus

143 1950 237 1983 viris
253 1953 441 1984 servatum
455 1949 502 1983 ad
512 1948 775 1992 tempestivum
791 1958 880 1982 eon-

146 1997 284 2030 vivium
323 1997 501 2030 invitarat
537 1995 803 2029 Maecenatem.
836 2015 879 2018 —

144 2044 219 2087 Da]
233 2044 335 2078 Haec
354 2044 466 2078 lectio
484 2043 656 2077 firmatur
675 2042 721 2076 ab
737 2043 883 2087 aliquot

145 2092 243 2126 Feae
271 2091 400 2134 Oodd.‚
426 2101 495 2125 nec
521 2092 579 2123 dic
605 2090 728 2134 (quod
754 2090 882 2124 defen-

145 2139 241 2172 dunt
267 2139 490 2172 Torrentius
516 2141 552 2171 et
576 2138 786 2180 Bentleius,
812 2138 882 2171 etsi

145 2189 249 2231 patet
291 2186 351 2220 vel
393 2197 438 2219 ex
476 2185 617 2219 Comm.
656 2184 769 2229 Cruq.
810 2185 882 2219 hoc

145 2234 334 2278 glossema
350 2234 448 2276 esse)
476 2244 521 2266 ex
539 2233 618 2266 suis
637 2233 780 2266 notavit
796 2231 883 2266 Pot-

145 2281 290 2314 tierius.
340 2280 502 2314 Videtur
544 2280 696 2313 omnino
738 2279 882 2313 referre

147 2338 358 2362 sermonem
378 2327 653 2372 quotidianum.
673 2326 748 2360 Cfr.
767 2337 799 2360 v·
819 2328 881 2360 80:

146 2376 215 2408 illa
240 2377 376 2409 Redde.
427 2375 531 2419 Virg.
557 2373 638 2408 Eol.
666 2376 698 2416 1,
727 2376 789 2407 19:
814 2375 884 2407 sed

147 2424 270 2455 tamen
292 2424 361 2455 iste
386 2424 473 2455 deus
499 2423 562 2462 qui
577 2423 633 2463 sit,
660 2423 720 2463 da,
747 2422 880 2463 Tityre,

146 2471 259 2502 nobis.
302 2469 386 2502 Val.
411 2469 533 2502 Flacc.
560 2471 593 2511 5,
619 2471 707 2502 219:
735 2470 882 2501 Thessa-

150 2517 210 2550 lici
234 2517 284 2549 da
309 2517 406 2549 bella
431 2517 543 2548 ducis.
561 2534 607 2539 —-
623 2517 656 2548 si
679 2524 792 2557 qrave
810 2524 884 2548 non

151 2563 216 2606 esi]
237 2563 313 2597 Cic.
340 2563 386 2596 ad
403 2563 478 2596 Att.
501 2565 555 2604 13,
573 2564 630 2604 42,
651 2565 688 2596 1:
714 2564 753 2597 Si
770 2571 883 2604 orave

148 2620 222 2643 non
248 2613 316 2654 est,
339 2611 450 2643 velim
474 2611 585 2651 scire,
612 2611 702 2650 quid
725 2611 771 2642 sit
796 2618 883 2643 cau-

147 2667 222 2691 sae.
248 2676 296 2682 -—
323 2659 424 2700 Quae
454 2658 581 2698 prima
617 2657 710 2699 cet.]
747 2656 883 2691 Gusta-

147 2706 261 2739 tionis
296 2705 373 2738 sive
404 2703 668 2748 promulsidis,
703 2705 883 2748 quoniam

148 2752 294 2786 insoliti
319 2752 379 2785 vel
405 2751 557 2785 ridiculi
587 2751 684 2784 nihil
709 2751 882 2794 habebat,

933 908 999 943 sed
1026 919 1072 942 ex
1098 909 1208 943 solito
1242 919 1345 942 more
1378 908 1550 953 praebita
1576 909 1668 949 erat,

933 956 1076 990 nullam
1102 956 1332 990 mentionem
1356 956 1465 998 facit,
1499 957 1542 989 ut
1565 957 1667 989 recto

932 1004 1075 1037 notavit
1091 1004 1166 1037 iam
1183 1003 1439 1037 Heindorfius.
1455 1021 1498 1027 —
1512 1002 1667 1045 iratum]

934 1050 1212 1093 „famelicum.“
1264 1050 1339 1084 Cfr.
1375 1049 1449 1084 Sat.
1483 1052 1516 1092 2,
1550 1052 1583 1092 2,
1612 1052 1666 1083 18.

933 1097 1039 1131 Ovid.
1064 1098 1151 1131 Met.
1177 1100 1217 1141 8,
1244 1100 1331 1132 845:
1372 1098 1667 1139 implacataeque

930 1146 1074 1186 viqebal
1100 1146 1269 1179 Flamma
1302 1145 1432 1187 qulae3
1467 1145 1533 1189 qui
1560 1145 1666 1178 locus

931 1191 1022 1226 facit
1036 1195 1167 1226 contra
1183 1193 1389 1226 multorum
1405 1191 1521 1225 Codd.
1533 1191 1665 1226 lectio-

931 1250 1018 1273 nem
1053 1242 1253 1281 pacaverit.
1281 1258 1325 1263 —
1359 1238 1552 1282 Lucanus]
1590 1238 1665 1273 Sat.

932 1287 965 1328 2,
992 1289 1024 1329 3,
1051 1289 1131 1320 234.
1158 1289 1200 1330 2,
1226 1289 1267 1333 4,
1292 1288 1350 1320 40.
1396 1285 1518 1330 caput
1550 1296 1666 1320 cenae

933 1333 1035 1376 (Cic.
1062 1334 1173 1368 Tusc.
1199 1335 1241 1375 5,
1267 1335 1331 1375 34,
1357 1333 1430 1376 98.)
1465 1334 1538 1367 hoc
1563 1333 1665 1367 vide-

931 1383 995 1414 tur
1011 1381 1141 1423 fuisse,
1167 1392 1258 1426 aper
1275 1381 1436 1426 integer,
1454 1381 1520 1415 sed
1538 1380 1666 1426 inepte

931 1429 1052 1472 primo
1078 1429 1290 1473 appositus,
1315 1431 1359 1462 ut
1383 1429 1595 1462 coniectare
1621 1428 1665 1462 li-

932 1478 992 1510 cet
1025 1487 1045 1510 e
1080 1476 1181 1510 Cena
1220 1475 1510 1510 Trimalchionis
1535 1476 1666 1510 Petro-

931 1524 998 1566 nii,
1025 1523 1114 1568 Gap.
1141 1526 1284 1566 36-4o.;
1319 1524 1394 1557 nisi
1424 1524 1550 1568 potius
1576 1534 1666 1568 grus

930 1571 995 1604 ille
1014 1581 1168 1615 sparsus
1194 1571 1272 1605 sale
1295 1571 1413 1604 multo
1432 1571 1481 1614 (v.
1500 1571 1573 1612 87.)
1590 1571 1666 1604 fer—

932 1618 1060 1652 culum
1085 1619 1306 1662 primarium
1330 1618 1414 1660 fuit,
1439 1621 1482 1651 ut
1507 1618 1666 1651 arbitra-

931 1669 992 1699 tur
1017 1665 1176 1699 Becker.
1203 1684 1247 1690 —
1276 1664 1538 1707 leni-Austro]
1566 1675 1665 1707 „non

931 1712 1044 1746 nimis
1070 1712 1249 1754 fervido“,
1284 1722 1360 1756 quo
1393 1711 1503 1745 facile
1528 1712 1570 1744 in
1595 1723 1665 1756 pu-

932 1759 1117 1793 tredinem
1143 1760 1297 1800 abisset,
1324 1758 1390 1792 sed
1411 1759 1494 1801 lem',
1521 1759 1569 1792 ad
1595 1760 1665 1793 hoc

931 1806 1125 1840 dumtaxat
1145 1806 1368 1848 sufficiente,
1394 1808 1438 1839 ut
1455 1816 1542 1840 caro
1567 1807 1667 1841 lassa

930 1853 1050 1895 fieret,
1075 1853 1114 1886 id
1133 1855 1200 1896 est,
1224 1855 1405 1895 requieta,
1430 1855 1473 1886 ut
1488 1856 1591 1888 recte
1609 1857 1668 1888 est

930 1900 970 1933 in
996 1900 1267 1945 Porphyrionis
1293 1900 1359 1934 Ed.
1391 1900 1567 1945 principe
1593 1901 1667 1935 Ve-

931 1950 1019 1982 neta
1054 1950 1176 1991 1481.;
1213 1948 1324 1993 volgo
1358 1950 1536 1993 corrupte
1573 1949 1666 1982 irre-

931 1996 1066 2035 quieta.

979 2045 1068 2076 7-9.
1103 2051 1213 2075 cenae
1235 2043 1364 2086 pater]
1398 2045 1442 2076 ut
1473 2042 1575 2088 apud
1601 2041 1665 2076 Gr.

932 2087 1058 2137 πατὴρ
1091 2086 1230 2133 λόγου,
1263 2088 1474 2134 δόγματος,
1519 2115 1536 2133 ,,
1550 2100 1666 2124 cenae

932 2137 1129 2179 dominus,
1163 2138 1332 2171 convivis
1359 2137 1548 2182 significat
1572 2138 1668 2182 opti-

931 2195 1028 2218 mam
1054 2195 1157 2218 nunc
1174 2185 1298 2228 ipsum
1321 2195 1403 2219 esse
1429 2185 1528 2219 hanc
1552 2195 1666 2229 apru-

932 2233 1079 2277 gnam“,
1105 2232 1193 2265 dum
1220 2243 1261 2265 re
1286 2243 1377 2266 vera
1393 2242 1576 2266 excusare
1603 2242 1666 2266 co-

932 2282 1044 2313 natur
1077 2279 1318 2313 rancidulum
1350 2279 1425 2313 iam
1450 2279 1533 2314 eius
1560 2290 1666 2324 sapo-

931 2337 1012 2360 rem
1038 2327 1084 2360 ob
1111 2337 1268 2371 eamque
1294 2326 1414 2370 ipsam
1433 2337 1586 2360 causam
1610 2329 1665 2360 tot

933 2374 1093 2408 cinctam
1118 2374 1234 2407 rebus
1260 2373 1430 2417 apponit,
1456 2384 1554 2418 quae
1580 2373 1663 2418 qui-

932 2421 1018 2455 dem
1043 2431 1119 2454 non
1147 2431 1262 2454 cenae
1294 2420 1424 2462 initio,
1459 2420 1526 2454 sed
1551 2421 1666 2455 lassa·

931 2471 969 2502 to
994 2469 1068 2502 iam
1086 2467 1297 2501 ventriculo
1321 2467 1422 2512 apud
1438 2467 1533 2502 alios
1558 2478 1667 2512 prae-

931 2515 1013 2550 beri
1040 2515 1172 2549 solitae
1198 2516 1324 2556 erant,
1358 2525 1434 2559 quo
1459 2515 1586 2549 acrius
1611 2515 1667 2548 bi-

931 2563 1067 2596 berent
1093 2562 1282 2595 convivae.
1302 2581 1345 2585 —
1363 2561 1514 2605 circum]
1539 2562 1579 2595 in
1606 2571 1666 2596 ca-

932 2610 1024 2643 tillis
1057 2609 1191 2654 posita.
1242 2609 1349 2643 Conf.
1376 2608 1450 2642 Sat.
1484 2610 1524 2651 2,
1555 2611 1594 2651 4,
1620 2610 1665 2643 73

933 2668 1014 2702 sqq.
1053 2675 1096 2680 —-
1134 2657 1287 2697 Rapula
1329 2655 1422 2699 cet]
1461 2657 1665 2690 Badies-

932 2705 1065 2746 chen,
1101 2704 1311 2746 Latiari,
1345 2704 1544 2737 Retlich.
1587 2702 1663 2737 Cfr.

933 2751 1006 2785 Sat.
1033 2753 1074 2793 2,
1100 2753 1141 2791 2,
1167 2752 1224 2784 43.
1251 2752 1290 2792 2,
1315 2752 1355 2792 4,
1381 2752 1437 2785 59.
1464 2769 1509 2774 —
1535 2751 1664 2791 qualia
