1786 2912
113 129 196 170 134

612 127 820 163 HORATII
846 127 1133 162 SATIRARUM

227 228 371 271 Flebit
403 232 446 272 et
476 229 660 285 insignis
692 232 784 270 tota
815 228 1056 270 cantabitur
1086 228 1206 271 urbe.

229 299 408 342 Cervius
440 299 574 342 iratus
605 300 726 354 leges
757 299 979 341 minitatur
1011 303 1054 342 et
1083 314 1255 353 urnam,

230 370 411 412 Canidia
441 370 613 424 Albuti,
647 370 802 426 quibus
835 373 902 412 est
931 370 1124 425 inimica,
1155 384 1389 424 venenum,

230 441 402 484 Grande
434 442 596 483 malum
627 440 804 495 Turius,
837 441 874 482 si
907 440 1010 496 quid
1041 455 1088 484 se
1119 440 1260 484 iudice
1292 445 1444 484 certes.

228 511 304 566 Ut,
339 526 422 568 quo
455 512 636 568 quisque
666 512 804 565 valet,
838 515 1058 567 suspectos
1090 515 1272 565 terreat,
1304 515 1437 568 utque

1579 511 1636 553 50

227 583 414 639 Imperet
445 583 526 624 hoc
557 585 712 625 natura
742 586 916 638 potensi,
950 583 1012 624 sic
1043 583 1197 638 collige
1229 596 1418 625 mecum:

227 653 372 696 Dente
403 654 550 710 lupus,
585 668 717 695 cornu
747 656 894 696 taurus
926 654 1058 709 petit:
1091 653 1206 696 unde
1235 653 1320 694 nisi
1350 654 1466 694 intus

228 724 545 767 Monstratum?
577 723 765 767 Scaevae
799 724 989 766 vivacem
1021 724 1146 767 crede
1176 725 1323 781 nepoti

206 855 263 887 47.
288 855 434 888 Servius
460 853 564 887 LCF.
591 873 636 878 —-
662 855 719 887 49.
745 855 777 887 si
803 855 1065 894 quis--certet
1091 853 1238 898 cp,LCt.

111 954 392 997 „commoverit,
418 954 644 996 lacessierit,
671 964 850 998 provoca-

111 1001 196 1035 rit.“
246 1001 343 1035 ACR.
369 1001 664 1047 Rutgersianum
690 1001 786 1034 illud
813 1004 850 1035 et

109 1049 224 1083 unius
259 1048 408 1082 Codicis
445 1050 656 1082 commordit
690 1047 848 1082 Horatio

110 1106 350 1140 nequaquam
385 1095 503 1129 tribui
537 1097 677 1140 potest,
704 1105 789 1128 cum
815 1106 847 1128 V.

110 1145 354 1176 commorderc
389 1153 492 1176 nunc
524 1143 715 1176 dumtaxat
748 1142 848 1186 apud

110 1190 316 1234 scriptores
332 1200 467 1234 prosae
483 1190 664 1224 orationis
674 1189 847 1234 Augusto

109 1237 340 1281 posteriores
374 1237 597 1280 reperiatur.
637 1256 679 1260 —
719 1238 848 1269 melius

110 1284 213 1326 (erit)
240 1293 314 1317 non
348 1284 535 1326 tanqcret]
574 1283 754 1317 Formula
778 1284 847 1317 mi-

109 1331 294 1365 nantium.
347 1333 487 1374 „Wehe
520 1332 619 1373 dem,
657 1332 722 1364 der
753 1333 849 1364 mich

109 1378 314 1412 anrithrt!“
366 1378 517 1412 Terent.
560 1378 719 1423 Adelph.
747 1380 788 1420 2,
817 1381 848 1421 1,

110 1427 176 1460 26:
201 1428 292 1459 Ante
310 1427 410 1459 aedis
435 1434 509 1458 non
533 1427 659 1467 fecisse
686 1427 753 1458 erit
775 1434 847 1458 mc-

112 1473 181 1506 tius
215 1474 271 1506 hic
297 1474 518 1506 convicium:
562 1474 657 1507 Nam
681 1474 713 1505 si
738 1474 848 1506 molc-

108 1522 185 1552 stus
202 1521 327 1561 perqis
348 1529 431 1561 esse,
456 1522 530 1553 iam
547 1521 645 1552 intro
663 1521 848 1561 abripiere

111 1569 221 1607 atque
247 1568 297 1600 ibi
326 1569 439 1607 Usque
465 1569 514 1600 ad
538 1575 661 1599 necem
686 1568 848 1608 operiere

112 1615 211 1647 toris.
237 1633 283 1637 —
309 1614 447 1657 Flebit]
492 1613 692 1656 „dolebit“,
731 1613 847 1647 Grae-

110 1660 269 1703 cismus,
304 1657 509 1704 οἰμώξεται
533 1661 593 1694 vel
628 1658 845 1701 κλαύσεται.

110 1708 193 1741 vid.
221 1708 267 1742 ad
295 1708 370 1742 Sat.
400 1711 430 1750 1,
459 1711 514 1747 10,
540 1710 596 1742 91.
615 1709 847 1749 —insiqnis-

110 1755 336 1798 cantabitur]
368 1755 567 1798 „omnibus
593 1755 667 1789 iam
693 1757 847 1799 propter

109 1802 394 1846 perversitatem
430 1804 542 1836 notus
576 1801 845 1836 deridebitur.“

111 1851 273 1891 Camari,
292 1852 334 1883 ut
352 1847 568 1892 ὑμνεῖσθαι,
590 1850 788 1891 „omnibus
806 1849 846 1882 in

110 1907 174 1930 ore
194 1907 289 1939 esse,
316 1900 353 1930 et
370 1897 525 1941 quidem
549 1907 633 1930 cum
658 1896 845 1930 infamia.“

158 1945 280 1977 47-49.
321 1944 485 1987 Cervius]
512 1943 785 1988 quadruplator
812 1947 848 1977 et

109 1990 254 2024 rabula.
283 1991 476 2033 „Cervius,
502 1990 657 2024 Ascanii
677 1990 847 2032 libertus,

109 2038 304 2072 accusavit
319 2038 386 2071 Cn.
398 2036 633 2081 (Domitium)
651 2037 847 2072 Calvinum

111 2085 202 2127 (cos.
223 2096 257 2119 a.
274 2096 311 2119 u.
327 2096 358 2118 o.
378 2086 473 2128 701.)
501 2086 582 2130 lege
601 2085 646 2118 de
666 2085 845 2119 sicariis.“

111 2132 242 2166 Coma.
271 2132 336 2166 CR.
362 2134 509 2166 Servius
529 2133 643 2166 C2dd.
669 2132 765 2166 Feae
792 2143 847 2166 es-

111 2182 168 2213 set
210 2179 364 2214 Servius
406 2180 499 2214 Pola
540 2184 759 2221 aecusator,
801 2179 846 2213 de

110 2237 185 2270 quo
213 2225 363 2261 Caelius
389 2227 437 2261 ad
462 2227 562 2262 Fam.
590 2229 628 2269 8,
656 2229 716 2268 12,
744 2229 763 2260 2
791 2236 845 2271 sq.

110 2273 187 2308 Cic.
213 2273 259 2307 ad
286 2273 327 2313 Q.
359 2275 420 2308 Fr.
448 2277 487 2316 2,
523 2277 584 2316 13,
619 2276 662 2307 2:
704 2275 847 2316 Vereor,

108 2329 152 2353 ne
179 2322 284 2353 homo
311 2323 425 2354 taeter
458 2324 489 2354 et
514 2323 624 2363 serus,
651 2322 742 2354 Pota
766 2323 847 2355 Ser-

108 2368 206 2410 vius,
251 2370 299 2401 ad
337 2369 603 2401 accusationem
640 2370 774 2401 veniat.
803 2387 845 2391 ——

111 2415 271 2455 teges-et
297 2415 445 2457 urnam]
486 2414 552 2448 Sil.
585 2415 668 2449 Ital.
705 2418 744 2457 9,
779 2417 846 2448 26;

109 2463 328 2496 Meruerunt
371 2463 482 2503 talia,
526 2463 590 2502 qui
624 2465 658 2496 te
694 2463 846 2503 Leqibus

110 2512 219 2549 atque
237 2517 356 2542 urnae
381 2510 466 2542 dira
492 2510 660 2550 eripuere
678 2511 845 2542 minanti.

113 2557 214 2589 Urna
251 2559 309 2590 est
346 2566 410 2590 vas
449 2556 636 2601 suffragiis
675 2556 845 2590 iudicum

110 2602 337 2646 recipiendis
356 2603 596 2636 destinatum.
613 2622 655 2626 —
677 2603 845 2646 Canidia]

110 2660 139 2683 s.
167 2649 347 2700 sifatidia.
374 2649 491 2694 Epod.
518 2651 538 2682 5
566 2653 602 2683 et
630 2652 683 2683 17.
711 2650 785 2684 Sat.
815 2653 846 2693 1,

110 2697 143 2729 8.
171 2708 213 2722 ⁴·-
240 2697 608 2740 Albuti--venenum]
634 2697 735 2731 Haec
762 2698 846 2730 iun-

898 953 1032 998 genda.
1085 953 1184 996 „Hic
1222 953 1321 988 enim
1357 953 1537 988 Albutius
1575 964 1637 987 ve-

899 1011 999 1034 neno
1033 1011 1188 1035 uxorem
1219 1012 1324 1035 suam
1357 1001 1495 1034 dicitur
1528 1011 1638 1045 pere-

898 1048 1046 1082 misse.“
1096 1049 1246 1082 PORPH.
1286 1047 1386 1082 Acro
1411 1048 1522 1082 matri
1549 1058 1635 1082 eum

898 1106 1085 1129 venenum
1132 1095 1333 1130 miscuisse
1381 1095 1507 1129 refert.
1559 1094 1634 1128 Cfr.

899 1141 973 1176 Sat.
1001 1144 1033 1185 2,
1060 1144 1092 1184 2,
1119 1145 1175 1176 67.
1225 1143 1302 1176 Alii
1336 1143 1503 1187 iungunt
1529 1143 1636 1175 Cani-

897 1191 960 1222 dia
996 1190 1139 1231 Albuti,
1182 1192 1224 1223 ut
1266 1190 1363 1224 desit
1403 1191 1470 1224 aut
1512 1189 1633 1230 „filia“

898 1239 963 1270 aut
999 1238 1135 1278 „uxor“
1171 1237 1231 1271 vel
1262 1237 1389 1281 potius
1423 1235 1634 1279 „moecha“,

898 1284 983 1317 coll.
1023 1284 1126 1329 Virg.
1158 1284 1252 1318 Aen.
1279 1285 1312 1326 3,
1339 1285 1426 1318 319:
1464 1284 1636 1320 Hei-tom

898 1332 1162 1364 Andromache.
1211 1330 1306 1364 Aen.
1345 1333 1365 1364 6
1381 1356 1390 1373 ,
1433 1332 1500 1364 36:
1551 1331 1637 1364 Dei-

894 1379 1010 1419 phobe
1036 1379 1180 1412 Glauci.
1209 1398 1252 1402 —
1280 1377 1430 1420 Turius]
1466 1377 1635 1411 Iudicem

899 1426 1225 1470 corruptissimum
1244 1425 1448 1470 significari
1463 1427 1636 1470 apertum

899 1475 974 1514 est,
1002 1475 1038 1506 et
1063 1473 1201 1506 docent
1227 1472 1478 1515 Scholiastae,
1503 1482 1524 1506 e
1550 1472 1635 1516 qui-

899 1520 969 1553 bus
1012 1519 1222 1564 Porphyrio
1274 1530 1361 1554 eum
1413 1521 1446 1553 C.
1485 1521 1636 1552 Turium

895 1569 1116 1608 praetorem,
1142 1566 1241 1601 Acro
1261 1568 1412 1600 Turium
1432 1566 1634 1609 Marinum,

899 1613 1178 1647 Commentator
1205 1613 1367 1658 Cruquii
1394 1615 1428 1646 C.
1453 1614 1636 1648 Martium

899 1662 1051 1693 Turium
1070 1661 1257 1694 nominat.
1280 1679 1323 1684 -
1350 1661 1381 1693 si
1406 1661 1494 1700 quid
1517 1669 1554 1693 se
1578 1661 1635 1693 iu-

898 1708 976 1740 dice
1011 1706 1144 1749 ccrtes]
1182 1706 1323 1741 Eadem
1349 1707 1635 1741 constructione

899 1754 972 1788 Sat.
993 1755 1025 1795 2,
1052 1757 1085 1796 5,
1111 1755 1179 1787 27:
1204 1756 1347 1796 Maqna
1363 1755 1526 1788 minorve
1551 1756 1635 1796 soro

896 1803 927 1833 si
953 1810 1011 1834 res
1038 1803 1238 1834 certabitur
1262 1803 1361 1835 otim.

945 1850 1068 1881 50-52.
1122 1851 1175 1890 Ut,
1202 1857 1273 1889 quo
1300 1849 1384 1892 cet.]
1418 1847 1502 1891 „sie
1528 1848 1636 1883 colli-

897 1895 1019 1940 gendo
1057 1906 1103 1929 ex
1140 1896 1391 1940 argumentis,
1431 1906 1527 1940 quae
1565 1895 1633 1929 tibi

897 1953 1116 1986 proponam,
1143 1942 1389 1987 (συλλογίζων
1411 1944 1492 1986 μετ’
1510 1942 1634 1986 ε’μοῦ,)

897 1989 1043 2032 iudica,
1083 1990 1268 2034 quomodo
1307 1990 1390 2032 fiat,
1429 1992 1470 2023 ut
1508 2000 1552 2023 ea
1584 1990 1632 2032 vi,

899 2047 973 2081 qua
991 2037 1154 2081 quisque
1171 2037 1330 2071 maxime
1350 2036 1547 2081 praeditus
1565 2039 1633 2079 est,

897 2088 1083 2118 terrorem
1101 2084 1263 2118 incutiat
1281 2084 1354 2118 sibi
1372 2085 1559 2129 suspectis
1577 2086 1632 2118 at-

898 2142 972 2175 que
1009 2131 1166 2165 exosis.“
1196 2151 1239 2154 —
1265 2133 1316 2164 sic
1342 2131 1485 2174 cottiae]
1525 2130 1632 2164 Conf.

897 2178 990 2222 Epp.
1017 2181 1056 2221 2,
1085 2181 1122 2221 1,
1151 2180 1229 2212 119.
1258 2198 1300 2201 —
1326 2180 1424 2212 unde
1449 2179 1521 2211 nisi
1546 2177 1631 2220 cet.]

897 2226 935 2258 in
963 2236 1075 2270 prosa
1101 2226 1290 2260 oratione:
1319 2225 1379 2268 „id
1398 2225 1499 2270 quod
1517 2225 1630 2258 unice

895 2273 1000 2307 intus
1019 2273 1073 2307 eis
1091 2275 1339 2306 monstratum
1353 2273 1451 2315 est;“
1477 2273 1549 2306 hoc
1566 2282 1632 2306 au-

896 2323 970 2354 tem
997 2320 1181 2354 convertit
1211 2320 1251 2352 in
1276 2319 1630 2364 interrogationem:

899 2369 1015 2409 „unde
1035 2367 1119 2409 (hoc
1138 2366 1207 2408 eis)
1225 2368 1469 2399 monstratum
1488 2368 1538 2399 est
1559 2366 1631 2399 nisi

895 2416 1004 2456 intus,
1031 2414 1213 2448 instinctu
1232 2413 1395 2458 quodam
1413 2412 1628 2446 naturali?“

944 2463 1065 2495 53-56.
1102 2462 1258 2494 Scaevae
1285 2460 1370 2503 cet.]
1410 2459 1631 2503 „Committe

895 2509 983 2542 huic
1009 2508 1175 2542 vivacem
1191 2510 1348 2541 matrem
1367 2509 1404 2541 et
1421 2518 1498 2541 non
1515 2506 1630 2540 faciet

896 2555 1043 2599 aliquid
1061 2554 1216 2589 sceleris
1234 2554 1297 2598 pia
1316 2555 1457 2596 dextra,
1483 2553 1548 2588 sed
1566 2563 1627 2587 ve-

896 2613 994 2636 neno
1020 2605 1160 2644 utetur,
1186 2601 1224 2634 id
1251 2605 1317 2644 est,
1343 2612 1419 2635 non
1438 2612 1518 2635 eam
1543 2611 1629 2644 per-

895 2650 985 2683 imet
1009 2649 1144 2694 gladio.
1184 2648 1322 2683 Scaeva
1340 2648 1493 2693 quidam
1519 2648 1628 2681 luxu·
1680 2647 1688 2655 '

895 2697 1019 2730 riosus
1046 2696 1240 2731 dicebatur
1275 2696 1392 2730 fuisse
1419 2697 1456 2729 et
1483 2704 1628 2738 pronus
