1774 2930
649 155 743 190 Lm.
766 155 796 190 Ι.
844 152 998 190 ΕΡΙΒΤ.
1021 153 1124 189 XVI.

1558 155 1640 197 361

246 257 331 306 Qui
361 257 555 300 consulta
583 261 773 313 patrum,
805 257 878 312 qui
907 256 1027 312 leges
1058 256 1238 312 iuraque
1267 259 1429 307 servat,

245 327 341 376 Quo
369 329 530 371 multae
560 341 828 384 magnaeque
859 330 1059 370 secantur
1086 327 1229 370 iudice
1257 326 1376 379 lites,

245 397 340 447 Quo
369 412 439 441 res
470 412 676 455 sponsore
708 402 752 440 et
783 412 867 454 quo
898 411 1053 440 causae
1083 401 1197 440 teste
1226 401 1440 440 tenentur.

246 468 334 512 Sed
351 469 479 511 videt
508 469 623 511 hune
654 469 791 511 omnis
822 468 973 511 domus
995 472 1048 510 -et
1077 456 1247 510 vicinia²
1263 471 1353 510 tota

243 539 476 582 Introrsum
506 544 695 595 turpem,
727 540 969 596 speciosum
999 539 1113 595 pelle
1143 538 1312 581 decora.

1587 538 1645 579 45

243 609 335 653 Nec
363 610 523 652 furtum
554 610 636 653 feci
664 624 746 652 nec
777 609 888 666 fugi,
922 610 959 651 si
990 609 1096 651 mihi
1127 609 1240 652 dicat

221 711 279 743 43.
317 711 396 752 Quo
419 718 635 751 responsore
659 687 810 754 bSEcp,
834 709 892 743 Lt.
918 727 964 733 —
989 711 1047 742 45.
1073 711 1280 742 Introrsum
1306 707 1371 751 Sc,
1403 707 1535 742 LGtOs
1561 712 1599 742 et

175 767 272 791 corr.
296 757 347 790 E:
379 759 560 790 introrsus
583 756 652 800 bp,
676 757 872 791 Bentleius
897 759 935 790 et
958 756 1007 798 F,
1038 758 1149 789 Hunc
1171 764 1325 797 prorsus
1348 766 1406 800 pr.
1431 754 1461 788 E
1486 758 1525 789 et
1549 755 1597 789 M.

178 803 283 838 Conf.
321 803 396 839 Sat.
422 806 463 846 2,
503 807 543 846 1,
579 805 637 838 65.
674 823 717 827 —
751 805 809 838 46.
841 805 937 838 dicat
969 803 1121 848 bScEp,
1158 802 1338 838 LctFOs:
1375 804 1461 836 dicit
1484 803 1598 837 Bent-

176 851 272 884 leius
298 853 335 885 et
358 849 407 884 M.

126 943 243 967 sanae
266 933 526 978 philosophiae
552 943 622 976 ope
639 933 686 967 ab
706 933 752 966 iis
768 943 860 977 pur-

127 982 238 1026 getur
278 991 321 1014 ac
362 979 476 1014 vitam
518 990 623 1014 suam
661 979 860 1013 emendare

127 1024 356 1061 condiscat!⁵
402 1026 478 1060 Otr.
509 1037 605 1060 vcra.
630 1027 688 1060 22.
730 1026 860 1060 Lectio

127 1074 337 1107 mendacem
369 1073 537 1118 profecta
577 1073 669 1106 mihi
711 1074 860 1108 videtur

127 1119 175 1154 ab
200 1131 257 1163 eo,
282 1120 349 1165 qui
370 1131 404 1153 v.
420 1122 674 1154 medicandum
700 1131 776 1155 non
803 1131 861 1155 sa-

125 1167 175 1202 tis
214 1167 434 1212 intelligens
476 1179 497 1202 a
538 1167 789 1211 praecedente
826 1178 860 1201 v.

124 1214 288 1248 mendax
310 1213 358 1248 ad
385 1215 439 1248 ita
470 1214 777 1259 interpolantium
804 1215 861 1247 in-

127 1259 264 1295 ductus
277 1263 388 1303 esset,
405 1266 575 1306 argutam
592 1263 751 1306 insuper
762 1263 859 1295 hanc

126 1307 239 1352 quasi
270 1305 475 1355 ἀναφορὰν
507 1312 700 1352 reputans.
727 1328 770 1332 ——
799 1310 862 1342 Vir

129 1354 243 1388 bonus
275 1357 325 1387 est
356 1355 476 1398 qui-er]
520 1355 619 1397 „Iam
643 1356 768 1397 vero“,
802 1355 861 1388 in-

127 1401 221 1445 quit,
248 1402 483 1442 „accuratius
510 1402 621 1435 etiam
638 1403 779 1446 popelli
804 1402 862 1435 iu-

128 1448 228 1482 dicia
252 1449 496 1489 excutiamus,
527 1459 600 1493 quo
627 1460 739 1493 quam
765 1450 862 1483 levia

125 1494 207 1528 sint
231 1498 490 1540 quantumque
515 1506 538 1529 a
561 1504 650 1529 vera
676 1496 862 1540 sapientia

127 1541 373 1583 abhorreant,
421 1543 694 1586 perspiciamus
740 1553 861 1587 eaque

129 1591 369 1623 contemnere
398 1589 597 1623 discamus.
649 1589 710 1623 Sic
735 1590 860 1623 virum

126 1635 270 1669 bonum
295 1636 460 1680 appellat
484 1637 628 1682 volgus,
652 1637 762 1671 cuius
784 1637 862 1671 vita

129 1681 282 1728 quidem
300 1682 424 1717 civilis
437 1685 540 1717 certa
554 1683 714 1728 quadam
732 1687 861 1718 aucto-

127 1729 239 1763 ritate
279 1729 418 1774 gaudet
456 1741 527 1764 nec
571 1731 859 1774 reprehensioni

126 1775 289 1810 obnoxia
322 1779 397 1818 est,
439 1777 527 1810 dum
560 1778 718 1820 vicinia,
761 1789 859 1822 quae

128 1822 212 1857 eins
227 1834 350 1857 mores
367 1824 502 1858 melius
520 1825 635 1866 novit,
659 1836 736 1858 non
754 1825 860 1870 igno-

126 1872 188 1903 rat
204 1870 370 1904 eiusdem
387 1870 500 1904 vitam
516 1871 759 1906 domesticam
777 1882 860 1906 esse

128 1917 417 1960 turpissimam}
438 1937 479 1941 —
508 1920 580 1960 Qui
604 1920 769 1952 consulta
791 1928 860 1960 pa—

128 1965 227 1996 trum
258 1964 348 2006 cet]
383 1964 452 1998 Est
488 1965 587 2010 volgi
624 1977 859 2010 responsum.

130 2008 292 2043 Senatus
317 2013 442 2043 autem
466 2012 641 2045 consulta
664 2013 738 2046 iam
770 2015 859 2046 tune

128 2055 208 2088 iuri
225 2056 329 2089 civili
342 2056 582 2091 adnumerari
596 2062 729 2102 coepta
742 2062 860 2100 erant,

79 2099 83 2101 ’
130 2102 263 2135 saltem
287 2113 332 2136 ex
355 2106 473 2146 parte.
512 2104 590 2138 Cic.
616 2105 709 2149 Top.
736 2108 768 2146 5,
795 2107 860 2138 28:

128 2149 169 2182 si
205 2150 286 2189 quis
320 2150 378 2182 ius
419 2151 524 2183 civile
566 2153 662 2184 dicat
698 2153 738 2184 id
774 2161 859 2193 esse,

131 2196 229 2235 quod
250 2197 290 2228 in
316 2197 470 2239 levibus,
502 2201 648 2242 senalus
677 2199 860 2239 consultis,

130 2243 239 2275 rebus
285 2244 474 2285 iudicatis,
522 2246 615 2277 iuris
659 2246 862 2286 peritorum

131 2291 367 2331 maritale,
405 2292 528 2324 edictis
565 2294 860 2334 mavi-stratuum,

130 2342 251 2378 more,
290 2338 477 2377 aequitate
513 2340 693 2371 consistat.
744 2338 860 2373 Gaius

132 2384 165 2415 1.
190 2382 223 2425 §-
248 2385 289 2416 4:
321 2385 475 2418 senatus
498 2386 759 2420 consumam--
775 2387 862 2427 leuis

129 2430 244 2462 vicem
276 2431 428 2472 obtinet,
461 2434 627 2472 quamvis
658 2434 728 2474 suit
753 2441 863 2473 quae-

129 2477 251 2509 situm.
285 2495 328 2500 —
361 2478 555 2521 secantur]
594 2479 861 2521 „deciduntur‚

129 2524 429 2568 transiguntur.“
461 2524 537 2559 cfr.
562 2525 636 2560 Sat.
664 2529 695 2568 1,
723 2529 779 2568 10,
806 2529 860 2560 15.

130 2567 299 2604 Arbitria
306 2571 541 2615 potissimum
551 2573 750 2618 significat,
764 2585 862 2618 quae

130 2625 156 2649 a
178 2616 415 2662 litigantibus
439 2619 485 2652 ad
512 2630 595 2653 eum
628 2620 862 2663 deferuntur,

134 2663 223 2706 quia
238 2665 278 2697 in
295 2666 410 2699 rebus
426 2667 654 2710 pecuniariis
673 2668 781 2701 homo
804 2668 861 2700 in-

117 2710 238 2753 'teger
262 2714 375 2756 atque
400 2713 581 2747 honestus
615 2715 862 2749 existimatur.

957 934 1016 966 43.
1043 934 1122 974 Quo
1147 941 1206 965 res
1231 932 1419 974 sponsore]
1446 931 1523 965 Cfr.
1541 932 1645 966 Pers.

910 981 951 1021 5,
994 982 1057 1014 79:
1098 980 1229 1015 Marco
1268 980 1464 1021 spondente
1499 988 1647 1013 recusas

911 1027 1064 1060 Credere
1081 1029 1121 1060 tu
1138 1028 1329 1059 nummos?
1355 1025 1498 1067 „Quem
1515 1037 1646 1060 omnes

908 1084 977 1118 pro
1013 1084 1196 1118 sponsore
1231 1074 1321 1107 satis
1359 1073 1549 1118 locuplete
1580 1073 1647 1107 ha-

909 1120 1018 1163 bent,
1053 1121 1162 1165 cuius
1194 1120 1235 1153 in
1267 1119 1340 1155 fide
1375 1122 1456 1154 tuto
1490 1120 1647 1165 adquie-

910 1171 1029 1201 scant.
1055 1167 1203 1202 Pariter
1222 1167 1288 1201 ubi
1305 1168 1413 1202 testis
1437 1167 1479 1200 in
1505 1168 1645 1202 iudicio

910 1218 967 1248 est
990 1214 1218 1259 productus,
1252 1225 1361 1248 nemo
1396 1225 1482 1248 eum
1515 1225 1646 1249 verum

910 1262 1168 1295 testimonium
1182 1261 1308 1295 dicere
1322 1261 1529 1303 addubitat,
1542 1261 1646 1296 ideo-

910 1319 985 1352 que
1009 1309 1063 1350 is,
1088 1319 1157 1353 pro
1184 1319 1258 1352 quo
1283 1307 1395 1346 dicit,
1420 1308 1532 1342 facile
1558 1320 1647 1343 cau-

910 1366 989 1389 sam
1014 1355 1178 1397 obtinet,
1210 1355 1328 1390 vincit
1352 1355 1645 1390 adversarium.“

911 1402 1086 1436 Ceterum
1115 1413 1201 1436 cum
1226 1411 1286 1435 res
1318 1403 1527 1447 (pecuniae
1559 1403 1645 1438 aliis

911 1449 1099 1492 creditae)
1133 1452 1171 1483 et
1205 1450 1284 1482 lites
1315 1450 1352 1483 h.
1387 1450 1411 1482 1.
1446 1450 1646 1485 manifesto

910 1496 983 1529 sibi
1018 1499 1277 1541 opponantur,
1311 1507 1345 1529 v.
1369 1505 1523 1538 sponsor
1559 1498 1647 1532 sim·

908 1543 1060 1587 pliciter
1093 1543 1356 1588 explicandum
1390 1554 1436 1577 ex
1468 1543 1577 1578 Varr.
1602 1545 1645 1578 L.

908 1590 951 1623 L.
977 1593 1018 1632 6,
1044 1593 1110 1624 69:
1150 1592 1307 1632 spondet
1340 1592 1449 1624 eliam
1481 1600 1644 1633 sponsor,

911 1639 974 1678 qui
996 1639 1090 1670 idem
1114 1639 1230 1679 saciat
1255 1638 1459 1681 obliquam-3
1486 1642 1524 1672 et
1549 1638 1644 1673 Gaio

910 1686 950 1725 3,
987 1686 1073 1718 115:
1112 1686 1185 1718 Pro
1216 1693 1256 1718 eo
1282 1693 1443 1727 quoque,
1476 1687 1540 1726 qui
1561 1694 1648 1727 pro-

908 1733 1030 1773 mittit,
1055 1733 1172 1765 solent
1198 1732 1267 1765 alii
1283 1732 1464 1773 obliqari‚·
1489 1740 1646 1773 quorum

909 1779 1002 1811 alios
1025 1787 1235 1820 sponsores,
1262 1780 1357 1812 alios
1380 1780 1645 1821 fidepromisso-

908 1834 986 1867 res,
1025 1827 1119 1859 alios
1150 1826 1377 1868 fideiussores
1402 1827 1645 1868 appellamus.

907 1872 1004 1906 rbid.
1032 1875 1118 1906 116:
1159 1875 1319 1914 Sponsor
1351 1875 1407 1906 ila
1438 1875 1646 1916 inter-roua-

908 1922 988 1952 ωτι
1022 1928 1143 1953 mnu
1173 1928 1292 1953 nam
1326 1922 1572 1955 sronnns‘?
1600 1941 1643 1945 —

909 1967 1101 2009 tenentur]
1141 1967 1218 2000 Cic.
1251 1979 1319 2011 pro
1347 1967 1455 2002 Caec.
1482 1970 1546 2010 24,
1581 1970 1644 2003 67:

907 2014 1118 2046 Scaevolam
1169 2016 1296 2048 αἰτίαι·
1343 2024 1493 2048 causam
1545 2018 1645 2057 apud

910 2062 1150 2093 centumviros
1174 2070 1246 2094 non
1272 2063 1440 2094 tenuisse.
1484 2061 1645 2097 Contra-

910 2107 1008 2139 rium
1034 2110 1092 2140 est
1117 2116 1229 2140 causa
1257 2110 1398 2141 cadere.

957 2201 1079 2233 44-49.
1107 2202 1314 2233 mcv-orsum
1338 2201 1424 2244 cet.]
1451 2201 1526 2235 Sat.
1551 2205 1585 2244 2,
1612 2205 1645 2244 1,

911 2248 974 2279 64:
1012 2247 1165 2290 pellem,
1206 2249 1344 2281 nitidus
1382 2258 1455 2289 qua
1493 2251 1645 2291 quisque

906 2301 977 2334 per
1000 2302 1068 2327 ora
1094 2295 1258 2335 cederet,
1290 2296 1490 2329 introrsum
1514 2298 1644 2339 turpis.

911 2359 954 2363 -
980 2341 1145 2384 turpem]
1179 2341 1339 2376 maxime
1365 2342 1414 2376 ob
1446 2343 1575 2388 gulam
1599 2355 1643 2378 ac

908 2387 1088 2422 libidines
1102 2398 1271 2422 arcanas.
1283 2408 1326 2412 —
1335 2391 1535 2431 speciosum
1546 2393 1643 2432 pelle

908 2435 1055 2478 decora]
1089 2435 1195 2469 Cous.
1219 2435 1325 2470 Pers.
1351 2438 1385 2478 4,
1413 2440 1475 2470 14:
1501 2446 1644 2471 summa

910 2483 1127 2522 nequiqvam
1162 2484 1259 2524 pelle
1295 2485 1459 2517 decorus.
1491 2505 1535 2508 -—
1569 2487 1645 2519 Nec

909 2529 1049 2569 turtum
1062 2530 1146 2573 cet]
1177 2530 1330 2575 „Neque
1348 2531 1452 2565 aliud
1472 2532 1642 2576 profecto

910 2578 986 2617 est,
1020 2576 1052 2609 si
1078 2575 1126 2610 ad
1150 2578 1229 2610 veri
1263 2579 1444 2611 trutinam
1471 2579 1643 2623 exigatur

910 2621 1031 2666 plebis
1057 2623 1102 2657 de
1127 2623 1207 2657 viro
1233 2624 1299 2658 illo
1324 2625 1422 2658 bono
1449 2625 1644 2667 iudicium,

911 2679 1023 2713 quam
1049 2670 1081 2703 si
1106 2681 1237 2704 servus
1255 2671 1392 2715 aliquis
1416 2671 1500 2705 ideo
1518 2672 1642 2706 bonus

911 2719 948 2750 et
980 2716 1079 2762 frugi
1112 2717 1244 2751 haberi
1283 2718 1390 2758 velit,
1436 2719 1536 2763 quod
1574 2720 1642 2752 im-
