1774 2930
192 143 279 184 426

664 143 871 178 HORATII
895 143 1243 178 EPISTOLARUM

311 243 414 285 Plus
438 245 594 298 oneris,
628 248 786 300 quanto
817 244 970 287 veniae
989 245 1144 287 minus.
1176 245 1378 302 Adspice,
1409 247 1589 290 Plautus
1624 249 1707 290 170

312 313 406 362 Quo
438 319 563 370 pacto
594 319 738 370 partes
771 319 933 357 tutetur
965 316 1146 358 amantis
1177 316 1351 372 ephebi,
1463 325 1467 327 ’

310 385 367 426 Ut
397 386 531 441 patris
563 387 736 439 attenti,
768 386 935 428 lenonis
966 390 1014 428 ut
1044 387 1262 442 insidiosi3

312 455 506 504 Quantus
539 457 595 498 sit
624 456 877 500 Dossennus
911 457 1111 500 edacibus
1144 459 1189 500 in
1220 459 1440 515 parasitis,

311 526 450 575 Quam
480 542 566 569 non
597 528 799 570 adstricto
830 533 1049 584 percurrat
1078 530 1247 585 pulpita
1277 544 1422 585 socco,

311 597 454 641 Gestit
486 599 600 641 enim
632 614 851 641 nummum
872 600 917 641 in
937 600 1097 642 loculos
1120 600 1359 656 demittere,
1390 601 1588 658 posthoc
1623 603 1706 644 175

309 668 513 723 Securus,
547 670 672 712 cadat
704 685 755 712 an
788 676 904 713 recto
937 675 1020 714 stet
1051 671 1196 714 fabula
1224 672 1325 714 talo.

287 806 364 838 175.
390 806 569 839 dimittere
595 806 624 838 E
651 809 688 841 et
713 817 809 841 corr.
836 808 870 850 b,
897 807 1078 841 Schmidii
1105 810 1294 852 quattuor,
1319 807 1377 842 Lt.
1398 828 1441 832 —
1462 812 1545 850 post
1570 811 1660 843 haec

238 851 351 885 Codd.
377 853 534 898 aliquot.

188 966 336 1006 tractat,
365 964 516 999 videtur
541 966 737 999 minimum
763 966 924 1001 difficul-

188 1011 275 1045 tatis
313 1011 487 1047 habere.“
527 1032 572 1036 -—-
608 1015 739 1047 veniae
780 1014 920 1057 minus]

188 1058 307 1101 Quia,
333 1059 398 1093 ubi
425 1060 515 1104 quid
541 1060 666 1095 minus
692 1062 771 1095 veri
798 1062 921 1095 simile

187 1116 258 1140 nec
292 1110 392 1140 recte
428 1118 474 1141 ex
506 1110 643 1142 natura
675 1109 921 1153 moribusque

185 1153 382 1187 hominum
421 1165 641 1199 expressum
679 1159 754 1198 est,
798 1157 921 1190 statim

187 1211 324 1235 omnes
355 1202 502 1244 vident,
543 1202 653 1236 etiam
692 1203 844 1237 idiotae.
877 1223 920 1226 —

185 1250 357 1291 Adspice,
408 1251 566 1283 Plautus
609 1250 701 1292 cet.]
743 1250 922 1285 Plautum

185 1297 264 1330 acri
284 1297 408 1331 ironia
424 1308 517 1331 usus
535 1298 793 1342 reprehendit,
821 1298 921 1342 quod

185 1343 312 1376 minus
339 1355 425 1378 vere
445 1347 482 1378 et
500 1345 692 1390 eleganter
717 1357 829 1390 quam
847 1345 922 1379 Me-

185 1391 350 1433 nander,
384 1391 574 1434 Philemo,
606 1392 805 1437 Diphilus,
838 1404 922 1437 par-

185 1441 262 1480 tes,
298 1450 392 1483 quas
427 1440 587 1484 exempli
622 1440 742 1485 gratia
769 1451 922 1474 enume—

184 1487 262 1527 rat,
289 1489 427 1520 lutatus
455 1486 521 1530 sit,
552 1487 590 1520 id
617 1490 692 1530 est,
726 1499 848 1532 usque
874 1488 921 1522 ad

183 1533 335 1567 fabulae
371 1532 650 1581 καταστροφήν
684 1536 778 1569 scite
813 1538 850 1569 et
875 1535 921 1569 ad

184 1580 277 1614 artis
303 1582 404 1626 leges
431 1582 710 1616 accommodate
735 1582 921 1637 perduxe-

183 1628 244 1661 rit.
283 1648 324 1651 —
366 1629 517 1672 attenti]
559 1630 635 1671 „ad
672 1640 770 1672 rem,
808 1630 920 1664 nimis

182 1675 322 1720 parci.“
352 1675 427 1710 Cfr.
455 1676 529 1711 Sat.
557 1679 588 1719 2,
616 1680 647 1719 6,
676 1677 731 1711 82.

232 1725 431 1757 173—176.
473 1724 703 1766 Dossennus]
748 1724 918 1767 „Atella-

182 1779 317 1803 narum
366 1772 570 1815 scriptor.“
624 1771 752 1805 COMM.
797 1771 916 1809 CRVQ.

184 1816 305 1851 Silent
352 1818 450 1852 Acro
501 1821 538 1852 et
586 1818 807 1863 Porphyrio.
869 1819 918 1851 At

184 1863 378 1899 Glossator
409 1864 556 1899 Codicis
580 1865 630 1898 E:
667 1868 917 1908 „Dossennus,

182 1922 345 1955 persona
370 1912 523 1946 comica.
530 1914 546 1930 “
579 1912 652 1952 Qui
676 1912 917 1947 Dossennum

181 1969 250 2003 pro
283 1961 395 2003 poeta
419 1960 561 1994 comico
593 1961 670 1994 sive
695 1960 917 2003 Atellarum,

183 2006 261 2040 sive
295 2010 524 2052 togatarum,
564 2007 641 2041 sive
675 2008 917 2054 palliatarum

183 2054 367 2098 scriptore
409 2055 567 2096 habent,
609 2055 763 2089 aliunde
806 2043 916 2089 mihis

181 2111 267 2134 eum
304 2112 460 2146 prorsus
494 2102 664 2146 ignotum
702 2113 784 2136 esse
824 2102 918 2136 fate-

182 2151 294 2182 antur
321 2160 474 2183 necesse
500 2153 567 2183 est.
605 2150 765 2183 Videtur
791 2152 916 2184 autem

182 2197 274 2230 satis
318 2197 460 2230 rustice
509 2207 725 2231 scurrarum
768 2207 916 2241 semper

182 2244 417 2277 esurientum
451 2255 494 2278 ac
531 2245 750 2289 gulosorum
787 2255 915 2288 perso-

181 2300 249 2324 nas
267 2291 307 2324 in
333 2292 558 2326 tabernariis
585 2293 664 2326 suis
691 2292 914 2336 expressise.

179 2337 312 2382 Aeque
354 2342 479 2373 autem
521 2342 632 2383 atque
673 2339 713 2372 in
751 2339 915 2382 palliatis

182 2385 293 2418 etiam
320 2386 359 2418 in
386 2387 521 2431 togatis
547 2396 590 2420 ac
607 2387 729 2420 mimis
755 2387 824 2420 hoc
850 2387 915 2420 ho-

180 2432 324 2470 minum
357 2444 478 2478 genus
513 2434 644 2467 crebro
676 2433 914 2468 describeba—

180 2481 262 2521 tur,
300 2481 354 2513 uti
387 2483 490 2524 patet
523 2492 568 2514 ex
601 2481 773 2524 reliquiis
807 2481 915 2514 Afra-

180 2526 235 2560 nii
274 2527 337 2569 (in
377 2527 563 2571 Vopisco)
603 2531 640 2562 et
678 2527 811 2561 Titinii
851 2528 914 2570 (in

182 2573 372 2618 Gemina).
422 2575 557 2608 Festus
595 2586 632 2619 p.
670 2576 751 2608 326.
789 2575 914 2608 Malla

179 2622 429 2655 secundarum
472 2623 640 2663 partium
687 2625 790 2655 actor
837 2624 914 2663 sere

180 2670 344 2702 omnibus
377 2670 417 2702 in
447 2671 565 2702 mimis
594 2671 783 2711 parasitus
808 2671 915 2703 indu-

180 2717 286 2749 citur.
327 2735 369 2740 -
413 2718 582 2750 edacibus
630 2718 670 2750 in
715 2717 914 2759 parasitis]

974 967 1127 1002 Terent.
1152 967 1287 1002 Heaut.
1312 968 1413 1003 Prol.
1440 970 1502 1003 37:
1534 970 1589 1003 Ne
1613 978 1706 1003 sem-

969 1024 1037 1056 per
1068 1024 1192 1048 servus
1227 1024 1396 1058 currens,
1430 1018 1551 1050 iratus
1583 1025 1704 1060 senex,

970 1064 1081 1096 Edam
1103 1064 1304 1104 parasitus,
1328 1065 1554 1104 sincophanta
1579 1066 1703 1098 aulem

970 1111 1180 1151 impudens,
1229 1111 1374 1143 Avarus
1417 1112 1517 1152 leno,
1560 1113 1705 1145 assidue

972 1158 1107 1198 aqendi
1147 1158 1218 1190 sini
1259 1158 1357 1190 mihi.
1390 1176 1438 1180 —-
1469 1157 1593 1200 socco]
1633 1158 1703 1192 Co-

971 1204 1140 1238 moediae
1172 1212 1294 1237 soccus
1328 1205 1532 1249 opponitur
1557 1207 1704 1250 tragoe-

971 1251 1055 1285 diae
1082 1253 1268 1284 cothurno.
1294 1251 1338 1284 A.
1363 1251 1405 1285 P.
1431 1253 1487 1285 80.
1511 1251 1610 1294 Iam,
1636 1253 1703 1296 qui

973 1299 1092 1332 soccis
1134 1307 1208 1331 non
1256 1298 1347 1332 satis
1389 1299 1589 1340 adstrictis,
1636 1299 1703 1333 sed

971 1345 1066 1380 laxis
1094 1345 1376 1388 (schloilrio)
1401 1346 1553 1389 incedit,
1582 1346 1712 1391 negli-'

971 1395 1120 1438 gentem
1146 1396 1183 1426 et
1200 1392 1386 1427 rusticum
1403 1404 1443 1427 se
1469 1404 1551 1427 esse
1578 1395 1703 1428 osten-

971 1440 1037 1474 dit.
1088 1439 1177 1474 Sine
1202 1440 1365 1485 imagine
1399 1440 1585 1486 significat
1609 1441 1704 1476 rude

971 1498 1015 1521 ac
1050 1487 1275 1529 dissolutum
1308 1487 1460 1522 dicendi
1494 1498 1634 1533 genus,
1667 1491 1706 1523 et

971 1536 1092 1569 omnis
1118 1535 1269 1579 generis
1293 1535 1386 1569 vitia
1415 1538 1528 1580 atque
1554 1546 1705 1570 errores

970 1583 1010 1616 in
1045 1583 1213 1616 moribus
1246 1582 1438 1617 imitandis
1473 1583 1706 1617 commissos.

972 1649 1014 1653 —
1043 1631 1158 1664 Gesta
1184 1629 1269 1672 cet.]
1304 1629 1417 1672 „Non
1451 1630 1551 1664 enim
1578 1630 1702 1664 laudis

967 1677 1138 1721 poeticae
1165 1687 1281 1711 causa
1305 1677 1453 1722 antiqui
1477 1677 1555 1719 illi,
1586 1677 1702 1710 Plau-

967 1727 1048 1767 tus,
1085 1725 1327 1766 Dossennus,
1364 1724 1449 1766 alii,
1487 1723 1703 1758 comoedias

968 1773 1273 1816 composuerunt,
1299 1770 1366 1805 sed
1392 1771 1477 1805 ideo
1495 1771 1700 1814 dumtaxat,

966 1821 1010 1851 ut
1038 1829 1150 1862 quam
1182 1819 1346 1862 primum
1379 1817 1527 1852 fabulas
1563 1818 1701 1852 vende-

966 1869 1052 1899 rent
1085 1865 1308 1899 aedilibus.“
1338 1884 1380 1889 —
1415 1865 1572 1908 loculos]
1608 1876 1702 1907 „ca-

965 1914 1096 1957 psulas
1113 1911 1363 1946 asservandae
1380 1912 1564 1957 pecuniae
1583 1912 1697 1946 desti-

966 1961 1114 1994 natas.“
1159 1979 1203 1983 —
1241 1961 1325 2001 post
1364 1961 1430 1993 hoc
1477 1959 1568 2003 cet]
1607 1959 1700 1994 Post

966 2007 1115 2041 lucrum
1157 2010 1282 2041 autem
1330 2010 1526 2051 receptum
1564 2017 1699 2051 parum

967 2055 1121 2088 solliciti
1148 2057 1274 2097 erant,
1308 2057 1435 2088 utrum
1463 2054 1613 2089 fabulae
1639 2063 1698 2088 ca-

965 2103 1101 2144 derent,
1128 2102 1167 2135 id
1193 2104 1268 2144 est,
1294 2101 1606 2146 exploderentur‚
1633 2102 1702 2144 (ut

965 2149 1202 2191 ἐκπίπτειν,)
1241 2160 1289 2183 an
1321 2152 1461 2183 starent
1493 2149 1534 2182 in
1572 2159 1698 2192 scena,

967 2197 1067 2240 quod
1093 2200 1151 2230 est
1176 2196 1332 2230 verbum
1356 2197 1553 2241 proprium
1578 2196 1624 2230 de
1649 2195 1700 2230 iis

965 2244 1122 2285 fabulis,
1157 2254 1256 2288 quae
1280 2244 1422 2288 populo
1447 2244 1599 2289 placent
1622 2242 1697 2277 fre-

966 2294 1204 2336 quenterque
1230 2294 1494 2335 reposcuntur.
1545 2290 1696 2325 Terent.

964 2339 1055 2372 Hec.
1082 2338 1182 2372 i'rol.
1209 2340 1242 2380 2,
1268 2340 1287 2371 ’ἶ
1299 2349 1308 2371 ;
1334 2340 1399 2372 vix
1422 2340 1504 2372 steti
1529 2339 1632 2383 (ego,
1658 2337 1699 2371 id

965 2390 1039 2428 est,
1076 2385 1238 2428 fabula).
1290 2385 1366 2419 Cic.
1400 2385 1503 2419 Orat.
1537 2387 1602 2427 28,
1628 2386 1697 2419 98:

963 2442 1118 2475 mumius
1156 2435 1334 2475 emtor,-
1351 2434 1415 2465 -si
1450 2433 1561 2466 semel
1592 2441 1698 2466 con-

962 2482 1167 2522 stiterit,
1202 2488 1391 2521 nunquam
1425 2481 1568 2514 cadet.
1619 2478 1695 2512 Cfr.

965 2527 1038 2561 Sat.
1067 2529 1181 2570 1,10,
1210 2529 1264 2560 17.
1284 2526 1584 2569 ——recto--lalo]
1612 2525 1697 2568 „fir-

964 2575 1094 2616 miter,

964 2618 1130 2663 ’ἔστασας
1162 2622 1225 2654 επὶ
1258 2621 1394 2668 σφυρῷ
1426 2620 1535 2654 Pind.
1564 2620 1694 2654 Isthm.

966 2672 1006 2712 6,
1034 2671 1088 2703 12.
1113 2669 1218 2703 Pers.
1244 2670 1285 2710 5,
1320 2671 1410 2702 104:
1442 2670 1540 2702 recto
1572 2669 1696 2702 vivere
1762 2685 1770 2701 a

965 2718 1052 2750 talo.

1167 2576 1210 2607 ut
1247 2574 1347 2618 apud
1385 2573 1549 2608 Graecos
1590 2570 1696 2618 ὀρθῷ
1755 2591 1774 2611 ..-
