1774 2930
170 130 255 170 424

642 130 850 165 HORATII
872 131 1219 167 EPISTOLARUM

288 230 438 294 Intulit
468 233 627 287 agresti
658 232 804 286 Lati03
838 233 899 274 sic
929 232 1125 275 horridus
1157 234 1229 277 ille

287 301 481 345 Defluxit
511 317 713 345 numerus
747 302 992 358 Saturnius,
1026 308 1068 347 et
1100 319 1229 361 grave
1261 306 1375 348 virus

286 373 522 416 Munditiae
553 375 782 431 pepulere3
818 375 894 417 sed
923 375 969 416 in
999 375 1175 431 longum
1205 380 1348 419 tamen
1377 391 1529 420 aevum

286 444 537 487 Manserunt
567 445 780 501 hodieque
810 449 985 488 manent
1014 447 1199 502 vestigia
1227 448 1352 489 ruris.

1602 451 1683 491 160

286 515 417 557 Serus
451 517 566 558 enim
599 516 775 559 Graecis
809 517 996 559 admovit
1027 518 1222 560 acumina
1253 518 1430 572 chartis,

284 585 341 628 Et
371 591 470 643 post
500 587 666 630 Punica
696 588 809 630 bella
841 588 1009 644 quietus
1043 603 1248 645 quaerere
1281 590 1444 646 coepit,

285 657 399 706 Quid
430 658 663 715 Sophocles
697 663 740 701 et
773 659 959 715 Thespis
993 664 1035 701 et
1065 659 1304 721 Aeschylus
1335 661 1441 703 utile
1473 661 1644 705 ferrent.

166 787 213 820 ad
250 788 415 822 indolem
458 789 598 823 sensim
639 789 901 832 traduxerunt,

165 836 371 879 repetenda
406 836 455 870 sit
487 847 509 870 a
540 836 645 871 Livio
680 837 899 871 Andronico

166 883 223 925 (a.
264 895 300 917 u.
335 894 366 917 c.
405 885 529 927 514.)‚
566 883 725 926 Naevio,
764 884 899 927 Ennio,

164 929 351 973 Pacuvio,
391 931 457 975 qui
496 942 623 965 omnes
663 935 748 965 ante
785 931 900 965 Grae-

165 978 261 1011 ciam
311 981 457 1022 captam
505 979 727 1013 floruerunt.
786 979 898 1021 Quid,

164 1025 267 1069 quod
292 1026 390 1059 Livii
408 1026 615 1060 Andronici
641 1028 742 1060 aetas
769 1026 897 1060 multis

163 1074 274 1107 annis
332 1074 540 1120 praecessit
597 1074 708 1107 etiam
771 1077 897 1117 captas

164 1119 369 1164 Syracusas
397 1121 453 1163 (a.
480 1132 515 1154 u.
544 1131 574 1154 c.
602 1122 711 1162 542),
740 1121 786 1155 de
814 1121 897 1165 qui-

162 1166 233 1201 bus
267 1168 398 1201 Livius
433 1170 498 1210 25,
524 1170 588 1202 40:
621 1170 705 1202 inde
737 1169 899 1210 primum

161 1216 308 1248 initium
325 1217 490 1248 mirandi
509 1216 736 1249 Graecarum
761 1217 898 1248 artium

162 1270 285 1303 opera.
312 1282 356 1286 -—
384 1263 497 1306 cepit]
533 1264 637 1304 Capit
671 1265 708 1297 et
740 1263 792 1305 is,
830 1263 897 1306 qui

161 1310 299 1348 vincit,
334 1312 372 1344 et
404 1311 457 1352 is,
493 1311 557 1355 qui
594 1310 765 1345 delectat.
815 1310 897 1344 Hoc

161 1356 279 1402 igitur
306 1357 416 1391 dicit:
452 1358 584 1400 „Artes
611 1360 648 1392 et
673 1357 897 1402 disciplinae

163 1404 395 1439 Graecorum
451 1405 631 1439 Romanis
691 1405 897 1439 etiamtunc

162 1454 364 1494 aqrcstibus
399 1453 664 1495 (rudioribus)
699 1452 792 1486 adeo
819 1453 898 1497 pla-

162 1503 344 1543 cuerunt,
378 1503 420 1534 ut
452 1503 642 1545 tamquam
675 1501 706 1534 si
732 1500 805 1544 ipsi
832 1500 895 1534 de-

161 1547 251 1580 victi
286 1550 412 1582 essent
445 1559 466 1582 a
497 1547 671 1590 Graecis,
704 1547 896 1592 propriam

160 1594 327 1629 indolem
370 1595 416 1629 ad
463 1596 532 1629 hos
581 1595 893 1629 conformarent.“

161 1641 252 1676 Cato
291 1643 391 1687 apud
429 1642 508 1676 Liv.
548 1645 612 1686 34,
655 1645 695 1676 4:
720 1645 820 1680 ¹Iam
856 1644 897 1675 in

162 1690 358 1723 Graeciam
383 1691 581 1731 Asiamque
608 1691 896 1723 transcendimus

161 1739 326 1770 omnibus
355 1739 544 1771 libidinum
569 1739 751 1771 illecebris
776 1738 895 1778 reple-

161 1786 216 1817 tas
243 1788 274 1817 et
291 1786 414 1826 regias
432 1786 543 1818 etiam
567 1787 805 1818 attrectamus
831 1793 894 1825 qa-

159 1840 239 1871 zas,·
267 1841 306 1864 eo
329 1833 414 1873 plus
432 1833 574 1873 horreo,
602 1841 646 1864 ne
671 1833 761 1864 illae
777 1832 894 1872 maqis

159 1887 218 1911 res
259 1887 339 1912 nos
382 1880 596 1920 ceperint
638 1887 771 1918 quam
812 1887 894 1911 nos

159 1927 288 1959 illas.

209 1999 407 2031 158—160.
449 1996 635 2039 Delluoeil]
676 1996 894 2038 „Paulatim

159 2044 287 2078 Latini
321 2055 364 2078 eo
399 2044 456 2077 uti
490 2044 718 2078 desierunt.“
755 2063 796 2067 ——
830 2045 894 2077 Sa-

161 2092 329 2135 turnius]
364 2092 605 2126 Hermannus
638 2091 736 2135 Epit.
775 2091 893 2125 doctr.

160 2142 266 2173 metr.
308 2150 344 2183 p.
387 2142 477 2173 214:
530 2138 740 2182 „Numeros
781 2139 895 2172 habet

159 2187 246 2220 hos:
272 2188 421 2220 Dabunt
439 2187 580 2220 malum
596 2187 738 2221 Metelli
755 2187 893 2220 Naevio

157 2237 300 2275 poetae.
352 2233 561 2276 (Naeviusz
611 2235 747 2267 Novem
796 2234 894 2266 Iovis

161 2283 355 2315 concordes
388 2283 488 2323 filiae
525 2280 695 2324 sorores.)
748 2280 819 2314 Sed
857 2283 894 2314 et

161 2339 355 2363 caesuram
382 2340 493 2373 saepe
512 2329 762 2373 neglexerunt
779 2327 893 2362 rudes

159 2375 223 2409 isti
250 2378 402 2419 poetae,
434 2380 471 2410 et
496 2377 597 2409 omni
623 2386 763 2420 genere
792 2376 894 2409 solu-

159 2423 304 2456 tionum
331 2424 390 2457 usi
418 2423 795 2457 sunt.--Postremus
820 2423 894 2456 Ro-

158 2481 368 2511 manorum,
396 2471 460 2514 qui
477 2471 549 2504 hoc
573 2473 690 2504 metro
710 2472 892 2511 uteretur,

159 2517 280 2552 Varro
313 2517 433 2551 fuisse
466 2518 615 2551 videtur
649 2517 690 2550 in
724 2517 890 2551 Satiris.“

159 2585 204 2589 —
228 2565 343 2607 virus]
371 2565 593 2609 plerumque
621 2575 733 2598 sucus
758 2564 892 2599 noxius

160 2623 203 2646 ac
229 2615 448 2653 venenatus,
475 2614 553 2645 tum
572 2614 609 2645 et
625 2611 758 2645 foedus
789 2612 891 2653 odor,

159 2663 202 2693 ut
234 2660 413 2702 castorei,
448 2659 552 2704 Virg.
587 2659 652 2692 Ge.
688 2661 727 2701 1,
753 2661 821 2700 58„
856 2663 892 2692 et

159 2707 331 2752 ingratus
358 2717 480 2751 sapor,
506 2709 548 2740 ut
573 2717 693 2751 aquae
713 2706 890 2748 marinae,

951 801 1047 834 quae
1090 791 1192 824 notio
1234 791 1270 824 h.
1309 790 1333 824 l.
1371 791 1493 835 aptior
1534 792 1677 826 videtur

950 848 1063 882 quam
1097 841 1161 871 aut
1192 838 1295 872 virus
1331 839 1584 882 serpentium,
1617 842 1678 874 aut

950 885 1074 919 sanies
1110 895 1246 919 canum
1278 885 1514 920 rabiosorum
1542 890 1607 920 aut
1630 888 1676 921 ii-

947 941 1012 965 rus
1060 934 1283 966 acerbitatis.
1334 932 1434 975 (Cic.
1477 933 1579 968 Lael.
1622 936 1675 977 23,

949 980 1021 1021 87.)
1070 979 1153 1014 Non
1193 981 1292 1013 enim
1326 982 1400 1013 tam
1436 981 1600 1015 refertur
1630 981 1676 1015 ad

946 1026 1089 1060 famosa
1139 1027 1306 1061 carmina
1356 1030 1393 1061 et
1434 1028 1577 1062 rabiem
1616 1030 1672 1072 (v.

949 1074 1064 1115 148.),
1113 1085 1226 1118 quam
1267 1073 1314 1108 ad
1356 1076 1471 1108 totam
1513 1075 1675 1110 indolem

946 1121 1125 1155 rusticam
1163 1124 1275 1166 atque
1312 1121 1493 1155 incultam
1529 1123 1674 1167 priscae

945 1169 1071 1212 poesis
1096 1168 1273 1211 Latinae,
1307 1179 1352 1202 ex
1376 1168 1518 1203 iudicio
1546 1169 1675 1204 saltem

945 1215 1105 1250 Horatii.
1147 1217 1266 1250 Grave
1295 1218 1418 1250 autem
1444 1216 1592 1250 solitum
1619 1220 1677 1251 est

946 1263 1059 1297 huius
1099 1273 1180 1297 voc.
1223 1263 1400 1296 ἐπίθετον
1438 1263 1675 1307 (widerlich).

947 1329 985 1333 —-
1008 1310 1230 1353 Munditiae]
1255 1310 1393 1354 partim
1418 1312 1537 1344 metra
1563 1310 1676 1345 Grae·
1712 1333 1716 1336 -

947 1368 1010 1399 ca,
1041 1357 1179 1402 partim
1213 1357 1351 1391 cultior
1378 1359 1416 1391 et
1443 1357 1573 1402 purior
1599 1369 1676 1392 ser-

946 1415 1026 1448 mo3
1060 1405 1159 1439 idem
1188 1415 1305 1450 prope
1339 1406 1451 1449 atque
1485 1405 1675 1449 elevantia,

947 1463 1109 1497 quacum
1134 1453 1305 1497 iungitur
1328 1453 1510 1486 munditia
1534 1464 1556 1487 a
1573 1452 1677 1487 Cice-

946 1511 1038 1534 rone
1065 1500 1104 1533 in
1132 1499 1233 1534 Orat.
1259 1502 1316 1542 23,
1341 1501 1398 1534 79.
1418 1519 1462 1523 —
1487 1500 1676 1544 hodieque]

945 1548 1148 1591 praecipue
1182 1548 1222 1581 in
1254 1547 1484 1582 carminibus
1514 1547 1675 1582 Fescen-

946 1595 1048 1628 ninis
1075 1597 1112 1628 et
1137 1595 1175 1628 in
1195 1594 1317 1628 mimis
1335 1594 1609 1639 Atellanisque.
1630 1614 1673 1618 -

944 1642 1065 1686 ruris]
1105 1642 1393 1685 „rusticitatis.“
1445 1641 1582 1676 Catull.
1620 1643 1676 1683 22,

948 1692 1002 1723 14.
1045 1689 1091 1723 de
1140 1689 1317 1723 Suffeno:
1367 1690 1469 1721 Idem
1515 1689 1674 1730 infaceto

945 1739 994 1769 est
1019 1738 1216 1778 infacetior
1240 1744 1340 1779 rure,
1365 1736 1481 1769 Simul
1503 1737 1676 1776 poemata

944 1785 1076 1824 attiqit.
1605 1783 1607 1786 “

994 1855 1190 1887 161—163.
1216 1854 1325 1887 Serus
1345 1854 1439 1886 enim
1456 1852 1541 1895 oet]
1570 1852 1676 1893 „Ete-

943 1901 1021 1934 nim
1039 1901 1244 1943 Romanus,
1268 1901 1377 1945 prius
1403 1899 1540 1934 litteris
1559 1899 1674 1934 Grae-

945 1948 997 1982 cis
1015 1959 1093 1982 non
1110 1947 1296 1990 initiatus,
1322 1947 1471 1981 demum
1487 1950 1573 1991 post
1597 1947 1676 1992 pri-

943 2007 1046 2029 mum
1072 1998 1109 2029 et
1144 1995 1352 2029 secundum
1377 1994 1564 2028 Punicum
1598 1994 1675 2029 bel-

944 2044 1032 2085 lum,
1060 2053 1144 2076 cum
1163 2042 1289 2076 omnia
1311 2042 1520 2086 tranquilla
1538 2045 1675 2084 essent,

945 2093 1097 2124 acutum
1123 2101 1233 2124 suum
1266 2089 1460 2135 ingenium
1494 2089 1542 2122 ad
1567 2099 1676 2123 accu-

944 2139 1063 2172 ratius
1090 2137 1256 2171 studium
1275 2138 1482 2181 scitamque
1499 2136 1675 2171 imitatio-

944 2196 1030 2219 nem
1071 2187 1268 2228 poetarum
1310 2183 1540 2218 Graecorum
1588 2194 1676 2218 con-

943 2233 1088 2266 vertit.“
1163 2232 1320 2266 Porcius
1369 2231 1526 2265 Licinus
1575 2230 1674 2275 apud

945 2280 1041 2313 Gell.
1078 2281 1139 2322 17,
1178 2281 1242 2322 21,
1279 2282 1348 2313 45:
1390 2279 1543 2312 Poenico
1581 2279 1674 2312 bello

941 2328 1096 2360 secundo
1129 2327 1238 2362 Musa
1267 2327 1423 2368 pinnato
1457 2327 1577 2367 qradu
1611 2327 1674 2358 In-

943 2376 1025 2408 tulit
1051 2384 1087 2408 se
1114 2375 1321 2407 bellicosam
1351 2374 1392 2406 in
1416 2373 1565 2406 Romuli
1589 2381 1673 2414 oen-

943 2425 1013 2455 tem
1045 2424 1175 2463 seram.
1225 2421 1349 2465 Atque
1379 2420 1424 2454 de
1458 2419 1588 2454 eadem
1613 2430 1674 2453 ae-

942 2471 1017 2503 tate
1050 2468 1271 2513 explicanda
1304 2470 1394 2501 sunt
1417 2467 1566 2501 Horatii
1591 2477 1673 2500 ver-

941 2517 999 2550 ba.
1021 2535 1061 2539 —
1081 2515 1238 2558 quietus]
1256 2512 1410 2562 εῖρήνην
1426 2511 1542 2558 ἄγων,
1559 2515 1672 2558 iunge

942 2574 1026 2597 cum
1064 2574 1120 2596 vv.
1152 2565 1233 2604 post
1267 2563 1408 2595 Punica
1441 2562 1556 2602 bella,
1596 2570 1672 2593 non

941 2621 1027 2645 cum
1060 2622 1093 2643 v.
1127 2618 1316 2650 quaerere.
1368 2608 1442 2642 Gfr.
1475 2618 1509 2641 v.
1543 2610 1600 2641 93.
1627 2626 1670 2631 -

942 2657 1108 2700 Thespis]
1145 2656 1219 2690 Cfr.
1253 2656 1295 2689 A.
1322 2655 1362 2688 P.
1397 2657 1466 2688 276
1493 2665 1548 2699 sq.
1575 2654 1620 2687 H.
1646 2654 1672 2687 1.

940 2705 1096 2740 honoris
1131 2714 1245 2739 causa
1270 2702 1506 2744 nominatur,
1541 2703 1670 2746 utpote
