1774 2930
147 163 234 204 270

619 161 825 196 HORATII
847 162 1194 198 EPISTOLARUM

267 262 354 305 Gur
384 263 445 305 ita
475 263 747 316 crediderim,
779 263 863 305 nisi
895 263 997 319 quid
1026 269 1070 307 te
1101 265 1282 320 detinet,
1315 267 1428 309 audi.
1641 269 1667 309 5
1716 261 1720 265 ’

266 333 448 388 Fabula,
483 348 567 390 qua
596 334 765 376 Paridis
797 338 971 391 propter
1001 341 1196 379 narratur
1227 351 1414 380 amorem
1480 330 1484 332 “

267 404 447 448 Graecia
476 405 711 447 Barbariae
742 406 859 448 lento
892 406 1040 448 collisa
1069 406 1230 462 duello,

266 476 501 518 Stultorum
533 490 683 532 regum
715 480 758 518 et
788 477 1042 532 populorum
1075 478 1264 521 continet
1295 483 1451 522 aestus,

265 547 459 589 Antenor
491 551 637 590 censet
667 547 767 590 belli
801 547 1047 603 praecidere
1080 563 1264 591 causam.

267 618 380 666 Quid
410 619 567 660 Paris?
602 618 654 660 Ut
686 620 828 661 salvus
860 623 1011 674 regnet
1041 620 1242 676 vivatque
1271 620 1442 675 beatus,

769 690 926 732 Nestor
957 705 1212 747 componere
1240 692 1339 734 lites

266 689 374 745 Cogi
405 703 533 745 posse
564 694 707 745 negat.

1615 623 1666 663 10

246 804 298 835 10.
350 803 446 844 Quid
479 803 614 835 Paris?
667 804 707 835 Ut
746 801 1045 846 bScdp,LCtFO:
1097 805 1200 846 Quod
1234 806 1360 846 Paris,
1402 806 1442 838 ut
1468 804 1518 847 E,
1555 815 1621 839 sex

193 848 376 892 Pottierii,
400 849 597 883 Bentleius
624 852 660 883 et
685 849 732 883 M.

144 942 301 977 Hieron.
350 944 469 988 Epist.
497 946 552 977 57.
579 947 684 977 notat
716 947 882 978 contorta

146 992 335 1032 Chrysippi
360 993 544 1025 acumina.
571 1011 613 1015 —
638 991 783 1034 melius]
813 992 880 1034 „ad

143 1049 269 1072 veram
310 1039 473 1072 hominis
515 1042 686 1073 naturam
737 1049 881 1072 accom-

144 1086 332 1120 modatius
381 1088 494 1131 atque
536 1086 581 1120 ad
625 1086 879 1120 emendandos

143 1143 266 1167 mores
293 1133 483 1167 efficacius
512 1145 624 1177 quam
649 1134 690 1167 fit
715 1134 879 1178 philoso-

143 1181 304 1225 phorum
338 1181 443 1214 tricis
477 1183 514 1214 et
547 1181 800 1226 ambagibus.“
836 1200 879 1204 —

145 1227 357 1270 Chrysippo]
387 1228 461 1261 Cfr.
491 1228 572 1262 Sat..
594 1230 633 1271 1,
660 1230 700 1270 3,
730 1230 795 1261 126
823 1239 879 1272 sq.

145 1294 187 1298 ——
210 1275 399 1318 Crantore]
427 1275 603 1318 Crantor,
634 1278 676 1309 ut
703 1275 879 1320 Chrysip-

142 1333 226 1367 pus,
246 1322 426 1365 Solensis,
440 1322 667 1357 Xenocratis
681 1323 753 1356 fuit
766 1323 880 1356 disci-

142 1370 258 1414 pulus
300 1373 337 1403 et
376 1370 547 1404 Platonis
589 1370 751 1404 auditor.
803 1370 879 1404 Cic.

144 1417 255 1451 Tusa.
282 1420 323 1459 3,
350 1420 388 1460 6,
420 1419 481 1451 12;
521 1419 676 1451 Crantor
701 1419 782 1460 ille,
818 1419 882 1458 qui

142 1465 182 1497 in
215 1467 342 1498 nostra
375 1465 576 1499 Academia
608 1466 666 1498 vel
701 1466 879 1506 imprimis

141 1513 213 1552 suit
254 1513 395 1545 nobilis.
445 1513 560 1547 Acad.
600 1513 640 1554 2,
682 1514 746 1555 44,
793 1514 879 1546 135:

141 1560 310 1600 Leqimus
347 1569 468 1593 omnes
507 1561 711 1602 Crantoris,
749 1562 879 1594 veteris

141 1607 365 1649 Academici,
416 1609 459 1640 de
511 1608 619 1640 luctu.
670 1610 734 1640 Est
785 1609 880 1640 enim

142 1662 216 1686 non
233 1662 398 1697 maanus,
423 1663 551 1688 verum
569 1656 743 1688 aureolus
769 1657 812 1697 et,
839 1658 878 1688 ul

142 1702 323 1735 Tuberoni
354 1703 557 1736 Panaetius
592 1703 792 1745 praecipit,
831 1704 880 1736 ad

141 1750 289 1782 verbum
323 1750 532 1783 ediscendus
570 1750 731 1792 libellus;
767 1760 878 1794 quem

141 1799 294 1830 secutus
329 1799 387 1830 cst
413 1796 545 1830 Cicero
579 1796 618 1829 in
653 1796 806 1830 Tuscul.
833 1796 878 1829 li-

141 1842 209 1877 bro
243 1843 364 1888 primo
392 1845 428 1877 et
451 1843 680 1877 Plutarchus
713 1843 752 1876 in
781 1843 878 1877 Gon-

141 1890 326 1924 solatione
352 1890 399 1924 ad
424 1890 680 1935 Apollonium.

189 1939 262 1970 5-8,
295 1938 450 1981 detinet]
477 1937 521 1971 V.
548 1939 707 1971 detinere
734 1936 879 1982 signifi-

141 1987 201 2018 cat
225 1985 390 2030 aliquem
424 1985 575 2030 longius
611 1985 721 2018 solito
748 1987 876 2018 tenere

140 2032 240 2076 apud
267 2043 317 2075 se,
345 2035 387 2066 ut
413 2032 481 2066 Od.
511 2034 623 2074 1,,33,
655 2034 717 2065 13;
751 2033 878 2073 Ipsum

139 2081 371 2113 me--Grata
396 2081 550 2114 detinuit
585 2080 751 2121 compede
777 2081 877 2120 Myr-

144 2128 228 2161 tale.
281 2126 422 2161 Contra
471 2128 636 2160 distineri
684 2126 877 2169 dicuntur,

141 2174 207 2218 qui
242 2175 286 2208 ab
321 2175 449 2220 aliqua
481 2185 523 2208 re
558 2177 801 2219 separantur,
836 2178 878 2208 ut

141 2221 210 2255 Od.
229 2225 262 2265 4,
281 2224 314 2265 7,
334 2225 396 2256 11:
425 2224 660 2256 Cunctantem
687 2223 876 2265 (iuvenem

139 2268 275 2312 Notus)
301 2271 418 2312 spatio
453 2271 594 2312 lonqius
621 2279 743 2303 annuo
769 2271 878 2303 Dulci

140 2318 285 2350 distinet
319 2326 343 2351 a
380 2318 497 2351 domo.
542 2337 584 2340 m
627 2317 793 2360 Fabula]
836 2320 878 2350 ut

138 2364 277 2407 μῦθος,
304 2367 422 2398 totum
447 2364 630 2408 poematis
657 2364 813 2406 heroici,
839 2364 876 2397 h.

139 2412 164 2446 l.
195 2410 345 2454 Iliadis,
383 2415 659 2457 argumentum.
698 2431 741 2435 ——
782 2413 876 2445 Bar-

141 2458 289 2501 bariae]
315 2458 522 2503 Phrygiae,
560 2461 602 2492 ut
628 2469 752 2503 saepe.
803 2458 877 2491 En-

140 2504 227 2539 nius
254 2505 295 2539 in
319 2506 582 2539 Andromacha
607 2518 642 2550 p.
668 2508 723 2540 35.
747 2506 876 2540 Both.:

141 2554 309 2586 adstante
350 2561 417 2594 ope
465 2554 679 2596 barbarica,
728 2553 767 2586 id
809 2555 875 2595 est,

141 2600 317 2645 Phrygia.
367 2599 435 2633 Od.
463 2601 503 2641 2,
530 2603 570 2639 4,
598 2603 637 2633 9:
681 2602 875 2633 Barbarae

137 2650 333 2689 postquam
374 2648 532 2680 cecidere
582 2650 735 2680 turmae.
798 2647 875 2681 Cfr.

141 2705 238 2739 quae
265 2694 525 2728 adnotavimus
552 2694 598 2728 ad
624 2694 739 2738 Epod.
767 2697 806 2736 9,
842 2698 874 2728 6.

142 2761 184 2765 -
203 2743 296 2775 lento
315 2743 441 2776 collisa
460 2741 597 2784 duello]
617 2743 751 2786 „longo
777 2742 875 2776 bello

931 945 1163 988 conflictata,
1205 946 1390 980 violenter
1433 947 1664 982 commissa.“

929 992 1022 1036 Epp.
1050 995 1082 1035 2,
1109 995 1141 1034 2,
1168 995 1233 1026 98;
1271 994 1383 1027 Lento
1415 995 1593 1028 Samnites
1618 997 1666 1029 ad

933 1040 1073 1073 lumina
1095 1041 1219 1081 prima
1244 1041 1379 1074 duello.
1431 1040 1521 1075 Stat.
1549 1042 1665 1076 Theb.

931 1089 963 1127 6,
990 1088 1077 1120 435:
1104 1089 1304 1121 Ambitiosa
1318 1089 1399 1129 pios
1425 1090 1563 1122 collidit
1588 1090 1664 1131 qlo-

929 1135 988 1167 r‘t'a
1037 1136 1184 1176 fratres.
1243 1133 1303 1168 Sic
1353 1133 1592 1182 συγκρούειν.
1621 1155 1663 1160 —

927 1181 1150 1225 Stultorum]
1185 1185 1340 1226 propter
1366 1184 1664 1227 perversitatem,

931 1239 1027 1272 quae
1058 1239 1121 1262 eos
1155 1231 1390 1264 transversos
1418 1230 1504 1275 egit.
1532 1249 1575 1254 ——
1603 1240 1664 1265 ae-

929 1276 1023 1318 stus]
1058 1277 1195 1319 „animi
1220 1276 1528 1320 perturbationes
1553 1278 1665 1312 vehe-

929 1323 1166 1357 mentiores.“
1221 1323 1296 1357 cfr.
1331 1323 1405 1357 Sat.
1434 1326 1474 1366 1,
1509 1326 1550 1366 2,
1585 1326 1664 1360 110.

930 1369 1023 1403 Max.
1051 1370 1136 1416 Tyr.
1173 1373 1212 1413 1,
1249 1373 1285 1404 1:
1325 1368 1391 1404 τὸν
1427 1371 1496 1415 τῆς
1531 1371 1666 1416 ψυχῆς

930 1414 1062 1451 σάλον.
1112 1417 1216 1463 Virg.
1253 1417 1327 1452 Gir.
1363 1420 1450 1452 340:
1491 1420 1664 1462 sollicitos

929 1466 1044 1499 animi
1067 1466 1295 1499 relevaverat
1321 1469 1454 1499 aestus.

977 1514 1089 1546 9-12.
1128 1514 1288 1546 Antenor
1314 1513 1399 1556 cet]
1439 1513 1514 1548 Gfr.
1551 1514 1662 1549 Hom.

927 1559 1033 1593 Iliad.
1059 1572 1096 1603 η,
1123 1562 1190 1594 347
1216 1571 1297 1605 sqq.
1335 1559 1415 1594 Liv.
1444 1563 1484 1604 1,
1512 1563 1550 1595 1:
1576 1563 1665 1596 duo-

930 1609 993 1640 bus
1034 1608 1179 1641 Aeneae
1223 1609 1491 1651 Antenorique,
1510 1627 1525 1634 -
1542 1627 1557 1634 -
1574 1610 1663 1649 quia

925 1656 1028 1696 pacis
1064 1655 1341 1695 reddendaeque
1371 1656 1535 1688 Helenae
1571 1664 1663 1688 sem-

925 1710 995 1743 per
1012 1704 1178 1735 auctores
1196 1703 1353 1743 fuerant,
1381 1711 1484 1735 omne
1499 1703 1559 1735 ius
1577 1703 1664 1736 belli

927 1750 1080 1782 Achivos
1122 1749 1336 1782 abstinuisse
1378 1749 1586 1792 (constat).
1619 1748 1662 1774 -—‘

925 1795 1161 1838 praecidere]
1191 1797 1234 1828 ut
1258 1798 1394 1830 nautae
1419 1807 1581 1831 ancorae
1605 1797 1665 1831 fu-

928 1853 1013 1876 nem
1040 1843 1186 1885 securi,
1214 1843 1405 1885 kappen.
1449 1843 1526 1877 Cic.
1553 1844 1662 1879 Verr.

926 1890 1015 1923 Ace.
1042 1891 1083 1932 5,
1110 1891 1174 1932 33,
1199 1891 1264 1923 88:
1306 1891 1479 1932 Pri‘nceps
1506 1893 1663 1925 Cleome-

928 1946 990 1970 nes
1015 1938 1054 1970 in
1079 1938 1308 1978 quadriremi
1321 1939 1559 1980 Centuripina
1583 1947 1662 1972 ma-

930 1985 1005 2017 lum
1031 1986 1140 2027 eriqi,
1169 1985 1252 2018 vela
1277 1986 1375 2028 fieri,
1406 1987 1573 2027 praecidi
1597 1995 1663 2019 an-

927 2040 1030 2066 coras
1067 2033 1274 2073 imperavit.
1308 2051 1353 2056 —
1389 2033 1484 2074 Quid
1513 2034 1621 2066 Paris
1630 2033 1662 2076 Y]

929 2079 1050 2122 „Quid
1069 2080 1202 2113 contra
1218 2079 1309 2113 facit
1324 2079 1432 2114 Paris
1442 2081 1481 2113 1²⁴⁴
1509 2080 1661 2114 Terent.

926 2127 1042 2161 Andr.
1071 2129 1109 2169 1,
1137 2129 1177 2168 1,
1204 2129 1268 2160 61:
1303 2128 1399 2169 Quid
1423 2128 1660 2169 Pamphilus?

927 2176 1040 2215 quid?
1089 2175 1297 2216 symbolam
1345 2175 1460 2217 dedit,
1511 2175 1661 2208 cenavit.

925 2221 1146 2266 Respondet
1170 2221 1196 2254 1.
1234 2223 1259 2255 l.
1283 2233 1318 2255 v.
1345 2223 1432 2256 362:
1477 2219 1662 2269 ,Ἀντικρύ

926 2268 957 2301 δ’
975 2266 1173 2312 ἀπόφημι,
1198 2272 1362 2313 γυναῖκα
1385 2268 1457 2312 μὲν
1474 2266 1546 2302 οὐκ
1563 2266 1662 2302 ἀπο-

926 2313 1056 2358 δώσω,
1084 2316 1150 2350 sed
1177 2326 1267 2361 opes
1293 2326 1378 2350 cum
1402 2316 1470 2350 illa
1494 2318 1662 2360 asporta·

925 2365 1017 2398 tas.“
1055 2363 1147 2396 Κατ’
1178 2364 1372 2410 εἰρωνείαν
1398 2364 1479 2397 eius
1504 2373 1662 2407 respon-

927 2422 1009 2444 sum
1041 2411 1094 2445 ita
1127 2410 1313 2445 convertit
1342 2420 1385 2444 ac
1419 2411 1450 2444 si
1484 2409 1660 2444 dixisset:

928 2457 1133 2503 „Equidem
1168 2468 1236 2502 ego
1271 2457 1379 2491 nulla
1402 2457 1440 2491 vi
1466 2457 1551 2503 cogi
1575 2467 1661 2502 pos-

926 2516 1027 2548 sum,
1065 2507 1107 2538 ut
1141 2505 1293 2549 optione
1326 2504 1418 2538 mihi
1452 2504 1539 2539 data
1568 2514 1659 2548 prae

926 2552 1082 2586 interitu
1119 2552 1255 2597 eligam
1281 2551 1395 2586 vitam
1429 2552 1574 2586 beatam
1599 2561 1659 2585 re-

925 2610 1117 2645 gnumque
1131 2609 1308 2633 securum
1319 2599 1351 2643 ;“
1366 2598 1539 2644 proprie:
1551 2597 1658 2642 „Ipse

926 2658 1035 2681 suum
1054 2647 1207 2680 exitium
1226 2648 1365 2680 temere
1387 2648 1500 2690 atque
1526 2645 1658 2679 incon-

926 2694 1025 2728 sulto
1065 2694 1179 2728 saluti
1215 2693 1443 2738 anteponit.“
1479 2711 1524 2716 —-
1554 2700 1659 2734 posse

925 2740 1048 2784 neqat]
1056 2741 1195 2775 Eadem
1204 2740 1484 2775 constructione
1493 2739 1658 2785 (graeca)
