1774 2930
616 155 711 191 Lm.
733 155 784 190 11.
831 153 985 189 EPIST.
1007 152 1056 188 Π.

1506 150 1594 192 445

194 258 255 302 Et
282 259 386 302 laris
415 261 460 301 et
489 257 610 300 fundi
638 259 871 313 paupertas
901 254 1071 311 impulit
1101 253 1261 307 audax,

195 329 255 372 Ut
283 343 434 372 versus
465 328 674 382 facerem3
707 326 803 381 sed,
836 325 951 382 quod
978 339 1065 367 non
1095 324 1227 378 desit,
1258 323 1490 366 habentem

198 399 320 449 Quae
349 402 551 457 poterunt
580 412 770 454 unquam
799 397 905 439 satis
936 409 1177 452 expurgare
1207 395 1389 447 cicutae,

197 471 254 514 Ni
283 470 437 514 melius
467 470 652 512 dormire
682 472 830 525 putem
861 481 987 523 quam
1018 466 1206 509 scribere
1236 464 1417 509 versus?

199 541 378 598 Singula
405 540 460 584 de
489 540 614 582 nobis
646 540 748 582 811111
777 537 1036 595 praedantur
1065 541 1239 590 euntes3

1539 534 1594 575 55

196 611 407 668 Eripuere
436 612 584 664 iocos,
605 623 823 662 venerem,
855 608 1067 661 convivia,
1098 607 1268 661 ludum3

199 682 402 725 Tendunt
431 685 687 737 extorquere
716 683 938 736 poemata3
971 679 1073 735 quid
1103 678 1257 721 faciam
1284 677 1382 719 vis?

197 752 397 809 Denique
426 767 514 795 non
544 765 692 794 omnes
724 750 874 793 eadem
902 750 1110 792 mirantur
1139 752 1390 805 amantque:

199 823 399 866 Carmine
428 827 477 864 tu
506 822 687 879 gaudes,
718 821 789 864 hic
820 821 1054 864 delectatur
1082 819 1257 874 iambis,

197 894 275 938 Ille
303 894 481 937 Bioneis
512 892 777 936 sermonibus
809 896 852 934 et
882 892 972 934 sale
1002 891 1139 946 nigro.

82 1071 211 1104 nolunt
242 1071 387 1104 eaedem
416 1070 571 1102 renasci.
619 1068 743 1102 Etiam
776 1067 813 1101 h.

80 1117 106 1150 l.
139 1116 254 1150 Codd.
287 1116 433 1161 aliquot
463 1116 561 1150 Feae
595 1117 733 1157 pinnis.
769 1134 812 1138 —

80 1165 128 1197 m
165 1164 255 1197 lar-'s
293 1165 326 1197 et
358 1163 488 1206 fundi]
522 1162 616 1197 Cum
648 1165 733 1206 post
766 1161 813 1196 0-

82 1210 246 1244 ctaviani
280 1212 318 1244 et
340 1210 496 1244 Antonii
526 1210 723 1244 victoriam
746 1210 814 1244 ho-

81 1267 167 1290 rum
190 1257 379 1291 veteranis
404 1258 485 1302 agri
515 1257 813 1301 assignarentur,

82 1303 165 1348 ipse
191 1314 343 1348 quoque
366 1307 565 1348 paternum
589 1303 751 1337 fundum
777 1306 815 1337 et

82 1351 234 1384 domum
259 1350 395 1393 amisit,
419 1353 461 1383 ut
487 1361 532 1384 ex
547 1353 655 1394 parte
682 1350 814 1384 saltem

82 1397 196 1432 etiam
209 1397 395 1443 Virgilius
408 1400 446 1431 et
458 1397 647 1431 Tibullus.
663 1416 705 1420 ——
717 1406 814 1438 pau-

0 1462 9 1490 »T
78 1447 207 1486 pertas
232 1444 403 1488 impulit]
427 1444 577 1478 Ironica
607 1444 815 1488 hyperbola

0 1496 18 1537 ξε
80 1502 174 1526 usus
199 1491 292 1525 dicit
315 1502 356 1525 se
380 1491 514 1535 primis
537 1491 616 1525 suis
640 1491 813 1525 versibus

81 1538 228 1581 (satiris
245 1541 284 1573 et
306 1538 451 1582 epodis)
479 1538 625 1572 civibus
651 1538 731 1572 suis
755 1539 814 1571 in-

80 1588 280 1620 notescere
305 1585 555 1630 omnibusque
581 1585 813 1619 demonstra-

81 1643 124 1666 re
149 1632 336 1675 voluisse,
368 1632 491 1667 maius
516 1632 591 1666 sibi
616 1632 813 1677 ingenium

80 1689 177 1723 esse,
202 1690 314 1724 quam
338 1682 382 1713 ut
404 1679 446 1713 in
467 1680 611 1724 scriptu
637 1682 813 1724 quaesto·

80 1727 151 1769 rio,
175 1737 288 1771 quem
313 1726 386 1761 sibi
411 1729 655 1770 compararat,
681 1737 813 1760 conse-

79 1776 266 1808 nesceret.
289 1773 431 1807 Procul
447 1773 562 1808 dubio
587 1776 713 1807 autem
737 1774 814 1818 pri-

79 1820 151 1854 mis
182 1820 261 1855 illis
292 1820 476 1865 poiimatis
507 1820 664 1866 Virgilii
690 1820 814 1854 Varii-

9 1897 23 1918 ,Ι
81 1878 156 1911 que
178 1867 476 1902 familiaritatem
493 1868 568 1902 sibi
586 1868 813 1911 conciliavit,

81 1914 149 1958 qui
174 1925 260 1948 eum
275 1914 484 1948 Maecenati
502 1915 814 1949 commendarunt

83 1960 185 2003 (Sat.
211 1963 251 2002 1,
275 1963 310 2002 6,
334 1962 428 2003 55.),
453 1962 563 1995 cuius
587 1962 813 1995 liberalitate

82 2017 128 2040 ac
173 2006 442 2042 munificentia.
469 2008 592 2051 ipsius
641 2008 813 2042 condicio

70 2052 219 2092 ⁴melior
243 2053 344 2086 facta
368 2055 436 2087 est.

132 2100 284 2133 52—57.
317 2101 413 2140 qaod
445 2108 519 2133 non
550 2102 643 2133 desit
680 2102 813 2134 haben-

84 2145 168 2189 tem]
194 2145 418 2190 „Postquam
440 2147 571 2189 habeo,
598 2147 698 2191 quod
722 2148 813 2181 1111111

84 2193 176 2227 satis
200 2193 251 2227 sit
282 2193 458 2247 quodque
490 2194 623 2228 deesse
649 2205 727 2228 non
751 2194 814 2228 de-

82 2239 170 2274 beat
208 2239 256 2274 ad
296 2240 409 2274 vitam
446 2240 638 2275 commode
675 2241 814 2286 degen-

83 2286 189 2329 dam,
213 2289 288 2321 tam
313 2287 470 2322 insanus
496 2298 636 2330 essem,
663 2289 696 2322 si
722 2289 814 2322 scri-

82 2333 174 2368 bere
190 2344 323 2368 versus
340 2335 490 2368 mallem
513 2346 624 2379 quam
648 2336 689 2368 in
714 2335 813 2369 diem

84 2380 268 2424 dormire,
308 2383 352 2414 ut
388 2382 627 2425 quantumvis
668 2382 813 2416 cicutae

84 2438 279 2472 nunquam
311 2431 438 2472 posset
471 2429 561 2463 satis
594 2440 652 2463 me
679 2438 812 2471 expur-

84 2483 184 2517 aare,
201 2478 347 2510 aestum
358 2475 531 2509 febrilem
543 2476 810 2521 refrigerare;“

84 2531 171 2555 nam
211 2524 365 2556 auctore
389 2522 513 2557 *Celso
549 2525 590 2565 5,
634 2526 689 2557 15.
727 2534 811 2557 cum

84 2567 171 2602 aliis
195 2570 325 2603 multis
355 2570 472 2612 (velut
495 2581 581 2604 aere
607 2571 812 2613 combusto,

85 2616 281 2658 papaveris
306 2617 473 2658 lacrima,
499 2618 667 2659 sesamo)
692 2619 811 2651 ‘mollit

87 2661 197 2695 etiam
229 2665 367 2698 cicutae
398 2673 526 2698 semen.
558 2664 658 2698 Plin.
690 2665 738 2698 H.
765 2664 810 2699 N.

89 2707 153 2749 25,
179 2710 243 2751 13,
267 2712 331 2744 95:
370 2712 513 2745 Cicutae
544 2713 673 2745 semim·
697 2714 730 2745 et
755 2713 811 2753 fo-

1538 888 1596 930 60

863 1068 923 1100 liis
953 1067 1238 1108 resn’qeratoria
1269 1067 1335 1099 vis.
1361 1084 1407 1089 —
1438 1066 1595 1106 Sinoula

862 1114 948 1157 cet]
984 1114 1177 1158 „Insuper
1205 1112 1473 1158 progrediente
1499 1123 1595 1147 sem-

860 1172 929 1206 per
962 1164 1083 1195 aetate
1117 1160 1334 1205 languidior
1368 1170 1526 1205 quoque
1545 1159 1596 1194 fio

862 1209 910 1242 ad
939 1208 1080 1252 scripta
1112 1207 1375 1241 elaboranda.“
1424 1207 1530 1241 Inest
1553 1206 1595 1240 in

862 1256 921 1289 his
936 1255 1126 1289 maestitia
1150 1254 1333 1299 quaedam
1349 1254 1444 1288 mire
1469 1258 1595 1288 tamen

862 1303 978 1336 mixta
991 1312 1077 1335 cum
1090 1302 1219 1336 nescio
1235 1313 1309 1346 qua
1321 1302 1463 1344 ironia3
1481 1304 1595 1346 atquo

862 1350 957 1383 tales
976 1360 1061 1383 cum
1078 1350 1282 1383 etiamtunc
1297 1349 1477 1393 epistolas
1495 1359 1595 1382 com-

861 1399 1030 1441 poneret,
1055 1397 1102 1430 de
1127 1396 1256 1441 lyricis
1282 1395 1514 1430 carminibus
1529 1406 1597 1440 po-

862 1444 1049 1478 tissimum
1075 1443 1325 1488 cogitavit.—
1347 1442 1596 1485 praedamur}

861 1490 1114 1550 Pseudoplato
1168 1491 1341 1535 Epinom.
1398 1492 1480 1545 976.
1533 1489 1596 1523 A:

861 1534 968 1571 ὅσων
1005 1532 1102 1584 ωραι
1116 1557 1137 1563 -
1152 1557 1173 1563 -
1188 1537 1381 1581 ληϊζονται
1417 1535 1488 1581 τὴν
1519 1536 1596 1570 τῶν

861 1582 967 1627 ζώων
993 1585 1124 1627 φύσιν.
1149 1604 1193 1609 --
1220 1585 1357 1628 euntes]
1382 1583 1597 1628 Od.2,14,

862 1635 903 1666 5:
937 1635 1111 1674 quotquot
1144 1635 1230 1666 eum
1261 1633 1347 1665 dies.
1397 1631 1466 1665 Od.
1492 1634 1535 1673 4,
1560 1633 1596 1674 5,

862 1682 907 1713 7:
945 1682 1090 1721 oration·
1125 1681 1154 1712 it
1190 1681 1278 1713 dies.
1327 1678 1436 1712 Ovid.
1473 1678 1518 1713 A.
1549 1678 1595 1712 A.

862 1729 896 1769 3,
933 1729 999 1761 62:
1035 1728 1185 1760 Ludite.-
1222 1728 1331 1760 eunt
1368 1727 1458 1759 anm’
1492 1734 1596 1759 more

862 1775 1006 1816 fluentis
1032 1783 1163 1815 aquae.
1183 1793 1226 1797 —
1254 1773 1488 1816 extorquere]
1515 1773 1596 1815 „in-

862 1821 939 1855 vito
972 1821 1099 1863 mihis*
1139 1832 1214 1865 quo
1252 1821 1368 1854 verbo
1407 1819 1596 1865 significat

862 1879 902 1902 se
939 1868 1059 1902 multo
1095 1868 1215 1913 magis
1252 1867 1420 1901 retinere
1453 1877 1596 1911 cupere

860 1915 1077 1950 facultatem
1108 1916 1295 1960 poeticam
1329 1925 1440 1959 quam
1474 1917 1595 1948 cetera

865 1964 1006 1996 ludicra
1032 1962 1147 2006 (Epp.
1175 1965 1215 2005 1,
1242 1966 1282 2004 1,
1309 1963 1392 2004 10.),
1422 1961 1539 2006 idque
1563 1961 1596 1994 i-

862 2019 972 2053 psum
1007 2010 1194 2054 significat
1229 2010 1323 2051 scita
1354 2010 1426 2043 hac
1460 2008 1597 2053 grada-

862 2056 984 2089 tione:
1030 2057 1227 2098 praedari,
1270 2057 1430 2097 eripere,
1473 2058 1597 2089 extor-

862 2111 989 2144 quere,
1026 2104 1233 2144 entsiihren,
1268 2104 1481 2144 emreissen,
1517 2105 1595 2135 enl-

861 2150 1003 2182 minden
1041 2148 1198 2182 Merkel.
1240 2168 1284 2172 —
1326 2150 1413 2190 quia
1457 2150 1597 2189 faciam

860 2196 960 2238 υἰεῖ]
988 2195 1084 2238 „Sed
1111 2195 1320 2230 cedendum
1345 2199 1404 2230 est
1427 2196 1593 2230 necessi-

862 2243 941 2275 tati.
992 2243 1078 2284 „Sic
1101 2243 1208 2276 Itali:
1251 2244 1318 2277 Che
1350 2245 1438 2277 vuoi
1470 2244 1524 2276 ch’
1556 2245 1596 2277 io

860 2290 1005 2330 faccia?
1031 2291 1097 2324 Che
1114 2291 1222 2331 sare?
1246 2290 1321 2324 Cfr.
1341 2290 1415 2324 Sat.
1434 2292 1467 2332 2,
1487 2293 1518 2332 1,
1536 2292 1592 2324 24.

908 2338 952 2370 59
956 2339 1030 2370 -64,
1057 2337 1238 2380 Carmine]
1258 2348 1418 2383 „genere
1435 2315 1591 2382 lyribo,“

861 2385 904 2416 ut
928 2383 975 2417 ad
999 2381 1153 2418 Florum
1179 2385 1348 2419 scribens
1372 2385 1467 2429 Epp.
1495 2387 1533 2426 1,
1559 2387 1594 2429 3,

861 2431 926 2464 24:
966 2440 1031 2464 seu
1072 2433 1194 2465 condis
1234 2433 1392 2466 amabile
1434 2440 1591 2466 carmen.

862 2476 937 2511 cfr.
962 2489 996 2511 v.
1024 2480 1080 2512 91.
1106 2498 1150 2502 —
1175 2480 1328 2522 tambis]
1364 2479 1433 2521 „ad
1457 2479 1591 2512 Archi-

860 2525 961 2558 lochi
1011 2527 1200 2570 exemplar
1255 2527 1492 2571 compositis,
1550 2528 1595 2559 ut

858 2571 1014 2615 Epodi.“
1066 2572 1142 2606 cfr.
1174 2573 1268 2617 Epp.
1304 2577 1342 2616 1,
1373 2577 1437 2615 19,
1464 2575 1521 2608 23.
1546 2592 1591 2597 ——-

858 2619 1027 2662 Bioneis]
1060 2620 1156 2653 Bion
1188 2620 1495 2665 Borysthenites,
1533 2620 1591 2653 di-

859 2666 1029 2710 scipulus
1040 2667 1302 2711 Theophrasti,
1316 2668 1505 2711 exemplar
1514 2668 1592 2701 Lu-

859 2713 981 2757 ciani,
1011 2714 1141 2748 floruit
1166 2714 1268 2748 circa
1292 2714 1351 2748 01.
1378 2717 1458 2748 130.
1485 2715 1590 2757 (256.
