1774 2930
211 130 297 172 394

679 136 886 172 HORA'PH
910 138 1255 177 EPISTOLARUM

328 233 452 277 Hunc
484 250 564 291 ego
595 251 681 279 non
712 239 796 280 alio
829 239 987 282 dictum
1018 243 1137 297 prius
1169 258 1241 287 ore
1271 244 1452 290 Latinus
1513 236 1530 250 '⁸

327 303 507 360 Volgavi
538 307 715 362 fidicen3
748 309 867 351 iuvat
898 311 1190 356 immemorata
1219 315 1427 360 ferentem
1458 320 1463 322 ’

324 374 525 432 Ingenuis
558 379 776 435 oculisque
807 381 893 436 legi
924 384 1204 441 manibusque
1235 389 1384 430 teneri.

326 445 441 489 Scire
472 448 598 502 velis,
631 464 728 493 mea
759 465 833 493 cur
862 452 1054 508 ingratus
1086 457 1291 512 opuscula
1317 459 1451 501 lector

1659 463 1717 504 35

322 516 489 561 Laudet
521 525 718 576 ametque
750 522 885 577 domi,
916 530 1083 580 premat
1113 531 1235 570 extra
1263 528 1395 572 limen
1425 531 1626 587 iniquus?

321 587 417 631 Non
448 604 528 645 ego
560 596 764 635 ventosae
795 594 934 650 plebis
966 596 1170 653 suffragia
1198 606 1331 642 venor

319 659 528 716 Impensis
562 676 760 705 cenarum
794 669 836 707 et
866 666 992 709 tritae
1026 682 1200 711 munere
1230 671 1386 725 vestis;

201 788 349 831 poetico
379 790 436 824 vel
469 794 812 835 praestantissimos
846 797 934 839 poe-

199 837 255 868 tas
266 837 479 881 aequavit;“
491 840 547 872 die
557 841 931 884 mannlich-lcrafliqe.

200 901 243 905 -—-
261 884 431 927 Alcaeus]
459 885 535 919 Cfr.
562 886 630 920 Od.
660 891 690 930 1,
717 891 773 931 32,
800 893 820 924 5
848 901 929 935 sqq.

246 955 302 987 30.
339 957 395 989 31.
433 958 506 990 Nec
538 967 702 991 socerum
740 961 824 1003 cet]
857 961 929 994 Ex-

196 1001 319 1044 emplo
368 1003 567 1038 manifesto
616 1008 728 1050 atque
771 1007 927 1042 indubio

196 1047 444 1092 demonstrat,
482 1052 668 1095 quomodo
703 1053 851 1098 Sappho
892 1060 929 1090 et

193 1094 357 1131 Alcaeus
403 1098 478 1131 alia
523 1102 635 1144 atque
677 1100 926 1137 Archilochus

194 1148 415 1187 argumenta
448 1147 658 1181 tractarint.
686 1168 727 1171 —
757 1151 925 1193 qaaerit]

194 1194 320 1231 „certo
355 1193 514 1227 consilio
541 1194 691 1239 deligit,
729 1207 840 1240 quem
866 1209 926 1232 ve-

192 1236 262 1270 luti
289 1238 367 1272 luto
393 1240 598 1284 inquinans
629 1242 785 1277 infamet
809 1246 925 1279 versi-

192 1283 262 1318 bus
289 1286 496 1329 perniciem
523 1289 557 1322 ei
581 1289 860 1325 affe1·entibus.“
881 1312 923 1316 —-

192 1333 306 1375 atris]
343 1336 572 1375 „venenosis
607 1347 650 1370 ac
685 1339 923 1382 mortiferis,“

192 1381 233 1412 ut
259 1383 364 1414 atrae
389 1383 540 1423 viperae
566 1383 634 1417 Od.
662 1387 699 1427 3,
725 1388 758 1428 4,
787 1388 840 1420 17.
889 1387 924 1420 Ι-

189 1437 298 1471 psum
324 1439 511 1462 venenum
542 1430 679 1465 dicitur
706 1435 828 1466 airum
854 1434 922 1469 Od.

192 1475 221 1515 1,
249 1476 305 1517 37,
332 1477 388 1510 27.
417 1476 491 1510 Cfr.
516 1477 636 1522 Epod.
655 1483 686 1522 6,
707 1482 769 1514 15:
795 1482 923 1522 siquis

189 1523 270 1554 atro
303 1524 408 1557 dente
439 1533 496 1558 me
526 1527 706 1566 petiverit.
741 1548 783 1551 —
815 1538 923 1570 spon-

187 1569 262 1612 sae]
288 1569 491 1606 Neobulae.
509 1591 557 1596 —
579 1574 720 1614 famoso
747 1578 921 1620 carmine]

189 1616 345 1657 „famam
372 1619 454 1653 eius
480 1620 686 1655 laedente.“
738 1622 799 1656 Sic
826 1623 922 1658 Sue-

188 1666 264 1696 ton.
293 1664 398 1699 Caes.
419 1668 482 1700 73:
508 1669 653 1708 famosa
679 1671 921 1711 epiqramma-

186 1713 224 1743 ca
244 1710 393 1755 (Calvi).
413 1713 541 1748 Octav.
560 1717 624 1749 55:
642 1718 776 1758 famosi
796 1719 918 1753 libelli.

235 1760 371 1794 32-34.
405 1762 535 1804 Hanc]
562 1762 735 1798 Proxime
767 1765 918 1808 quidem

185 1805 349 1840 refertur
366 1807 413 1841 ad
430 1808 624 1851 Alcaeum,
651 1821 738 1852 non,
765 1814 807 1845 ut
824 1813 919 1845 mul-

185 1852 213 1884 ti
231 1854 445 1897 voluerunt,
472 1855 518 1888 ad
536 1856 818 1900 Archilochum,
836 1870 917 1902 nec,

184 1902 227 1932 ut
251 1902 448 1943 nonnulli,
474 1903 520 1936 ad
546 1914 578 1936 v.
602 1906 751 1945 pedem,
775 1916 916 1950 verum,

183 1948 496 1991 quemadmodum
543 1961 598 1984 vv,
642 1953 698 1985 30.
741 1955 797 1986 31.
839 1965 915 1987 non

181 1995 307 2029 minus
357 1997 403 2030 ad
453 1997 690 2041 Sapphonem
747 2004 916 2044 spectant

183 2052 295 2086 quam
330 2043 377 2077 ad
409 2045 608 2089 Alcaeum,
647 2047 701 2080 sic
736 2048 837 2091 quod
868 2049 914 2082 ad

181 2089 295 2124 huius
322 2090 397 2124 loci
416 2103 567 2126 sensum
586 2094 805 2128 universum
831 2097 914 2129 atti-

181 2139 246 2170 net
271 2141 476 2183 utrumque
493 2142 642 2184 poetam
660 2143 772 2175 simul
799 2143 914 2188 signi-

180 2184 279 2218 ficat.
307 2185 381 2219 Cfr.
409 2186 476 2220 Od.
504 2189 545 2230 2,
574 2190 636 2230 13,
664 2191 708 2222 24
735 2200 817 2234 sqq.
844 2190 912 2224 Od.

981 801 1108 879 gagg,
1142 810 1238 843 quos
1264 805 1459 836 enumerat
1485 801 1560 838 Sat.
1590 807 1628 846 1,
1656 807 1711 849 10,

1028 905 1148 938 35-38.
1176 907 1276 940 Scire
1301 907 1386 950 cet]
1411 908 1584 943 Forsitan
1612 912 1709 947 scire

979 951 1082 992 velis,
1113 964 1180 997 cur
1205 964 1288 988 mea
1313 955 1481 990 carmina
1507 957 1708 1002 (opuscula,

979 1000 1020 1031 ut
1043 999 1137 1043 Epp.
1164 1003 1203 1042 1,
1227 1004 1269 1043 4,
1295 1003 1343 1044 3.)
1374 1002 1447 1047 ipsi
1471 1006 1610 1039 aemuli
1636 1007 1709 1040 mei

977 1045 1077 1079 intra
1118 1046 1344 1083 domesticos
1388 1051 1550 1094 parietes
1591 1064 1709 1098 prope

975 1091 1085 1126 inviti
1127 1094 1379 1138 admirentur,
1421 1097 1506 1139 sed,
1546 1110 1630 1133 cum
1667 1101 1706 1134 in

976 1140 1154 1174 similium
1189 1141 1408 1187 iniquorum
1441 1156 1610 1180 meorum
1635 1148 1706 1182 cir-

975 1187 1080 1221 culos
1105 1188 1343 1234 devenerint,
1374 1193 1544 1226 certatim
1568 1194 1616 1228 iis
1643 1195 1707 1229 ob-

975 1236 1148 1278 trectent,
1165 1237 1237 1270 hoo
1253 1236 1438 1272 ideo.fieri
1457 1239 1563 1282 scito,
1581 1242 1704 1285 quod‘*

975 1284 1045 1314 cet.
1074 1301 1115 1305 —
1143 1284 1332 1327 inaratae]
1361 1286 1457 1330 „qui
1483 1296 1568 1320 cum
1593 1288 1706 1323 debe-

974 1333 1031 1362 ret
1055 1333 1185 1374 gratus
1210 1330 1410 1377 mihiesse
1434 1343 1504 1377 pro
1530 1336 1706 1370 carmini-

973 1375 1044 1409 bus
1071 1377 1183 1420 meis,
1218 1389 1262 1412 ea
1296 1379 1336 1412 in
1371 1381 1704 1425 congressionibus

973 1423 1215 1458 familiarium
1255 1427 1536 1470 reprehendere
1573 1430 1702 1464 solet.“

974 1489 1016 1493 —
1040 1473 1208 1516 premat]
1243 1473 1459 1518 „deprimat
1489 1478 1601 1520 atque
1627 1477 1704 1512 ele-

972 1519 1066 1552 vat.“
1094 1519 1199 1565 Virg.
1216 1521 1309 1554 Aen.
1329 1523 1385 1562 11,
1411 1524 1499 1556 401:
1524 1525 1579 1558 Ne
1603 1533 1702 1568 cessa

971 1583 986 1590 -
1002 1584 1018 1590 -
1036 1568 1210 1601 eoelollere
1257 1569 1350 1602 vires
1392 1570 1517 1604 Gentis
1557 1573 1609 1604 bis
1649 1574 1702 1606 vi-

970 1615 1067 1656 ctae,
1093 1617 1223 1648 contra
1244 1624 1411 1656 premere
1436 1626 1544 1651 arma
1566 1619 1700 1653 Latini.

971 1659 1128 1699 Quintil.
1172 1664 1234 1704 12,
1279 1664 1341 1706 10,
1385 1666 1450 1698 14:
1497 1667 1703 1707 Praecipue

965 1712 1177 1749 presseram
1203 1719 1285 1743 eam
1311 1710 1381 1752 (M.
1409 1711 1611 1753 Tullium),
1637 1715 1701 1754 qai

968 1756 1083 1788 videri
1107 1757 1310 1789 Atticorum
1341 1758 1543 1791 imitatores
1577 1761 1699 1801 cupie-

968 1805 1066 1835 rant.
1086 1821 1128 1825 —
1147 1804 1230 1836 Non
1256 1813 1321 1844 eqo
1347 1804 1430 1847 cet.]
1457 1805 1551 1839 Tota
1576 1806 1696 1852 imago

966 1858 989 1880 a
1027 1849 1236 1884 candidatis
1277 1851 1441 1886 honores
1482 1853 1697 1897 petentibus

966 1895 1078 1929 ducta
1097 1899 1164 1930 est.
1183 1916 1226 1920 —
1238 1898 1430 1942 ventosae]
1455 1900 1626 1941 „mobilis
1643 1905 1698 1935 at-

966 1953 1039 1987 que
1066 1943 1317 1979 inconstantis
1342 1945 1522 1991 falsisque
1548 1957 1695 1992 semper

964 1989 1118 2025 iudiciis
1144 1991 1318 2034 utentis,“
1345 1993 1388 2026 ui:
1403 1993 1497 2038 Epp.
1523 1996 1555 2036 1,
1581 1997 1614 2036 8,
1641 1998 1695 2030 12.

966 2056 1008 2060 -
1031 2039 1168 2082 plebis]
1203 2041 1423 2083 „poetarum
1452 2043 1490 2075 et
1513 2052 1695 2087 gramma-

963 2085 1123 2119 ticorum
1165 2086 1284 2120 infimi
1322 2087 1502 2122 ordinis.“
1537 2108 1581 2113 —
1618 2092 1695 2132 sus-

962 2134 1089 2173 sraqia
1114 2134 1246 2177 venor]
1273 2137 1314 2168 ut
1340 2135 1577 2182 „07903l1ac‚“
1607 2147 1694 2178 „au-

963 2190 1099 2224 capot,
1126 2181 1266 2225 capto.“
1319 2181 1434 2226 (Epp.
1461 2184 1502 2226 2,
1528 2185 1566 2226 2,
1602 2186 1692 2218 103:

181 2233 221 2273 3,
247 2234 310 2274 30,
338 2235 380 2266 13
408 2244 463 2278 sq.
491 2254 533 2257 —
560 2237 711 2270 Latmus
728 2256 743 2263 -
762 2238 912 2281 fidicen]
958 2228 1091 2268 populi
1122 2230 1303 2269 sum-amu
1338 2231 1472 2274 capla)
1522 2230 1692 2275 Scriptor

182 2282 323 2322 „poeta
348 2281 524 2325 lyricus‚“
553 2285 595 2316 ut
620 2282 688 2317 Od.
714 2287 752 2326 4,
779 2286 818 2326 3,
845 2287 912 2318 23:

179 2328 370 2361 Romanae
411 2330 541 2370 fidicen
590 2331 702 2370 lyrae.
746 2351 785 2354 —
835 2333 913 2366 Vol—

180 2374 287 2415 qari]
317 2374 520 2419 „Sapphus
555 2380 592 2410 et
625 2377 756 2412 Alcaei
791 2390 911 2424 genus

179 2421 352 2456 omnibus
370 2422 444 2456 iam
463 2424 556 2458 meis
581 2426 827 2469 popularibus
845 2437 912 2461 no-

178 2470 258 2501 tum
284 2469 465 2503 reddidi.“
494 2490 536 2494 -—
562 2473 840 2516 immemorata]
869 2485 912 2516 „a

179 2515 284 2548 nullo
321 2527 366 2550 ex
391 2516 536 2551 Latinis
569 2523 655 2552 ante
691 2531 748 2554 me
774 2521 909 2555 dictast

178 2562 327 2597 Pomm.
338 2582 383 2587 —-
395 2565 585 2608 serentem]
603 2569 814 2611 „tamquam
829 2579 911 2613 gra-

143 2609 149 2614 “
179 2612 256 2643 tum
295 2610 433 2644 donum
472 2622 493 2645 a
529 2623 587 2646 me
624 2613 769 2648 Latinis
808 2616 910 2650 obla-

177 2657 290 2690 tum.“
320 2677 363 2681 —
389 2659 585 2702 Inqenuis]
623 2663 847 2705 „generosis
874 2667 911 2697 et

177 2704 348 2739 candidis
391 2706 638 2749 lectoribus,“
683 2710 814 2752 quales
850 2710 908 2743 ilii

963 2274 1009 2307 ad
1034 2274 1124 2309 Her.
1151 2279 1192 2314 4,
1219 2278 1260 2318 3,
1286 2279 1330 2310 5:
1354 2285 1502 2319 vereor,
1528 2286 1591 2320 ne,
1618 2287 1693 2319 qua

961 2323 1001 2354 in
1025 2330 1065 2354 re
1100 2323 1245 2356 laudem
1277 2325 1471 2358 modestiae
1503 2328 1691 2369 venemur,

961 2370 1002 2401 in
1034 2378 1078 2403 ea
1101 2371 1182 2411 ipsa
1205 2379 1246 2403 re
1278 2372 1350 2404 sini
1384 2372 1620 2413 impudentes.
1646 2392 1691 2397 ——-

962 2417 1070 2450 tritae
1094 2425 1244 2451 ”canere
1267 2417 1388 2461 vestis]
1415 2417 1540 2462 „Nam,
1565 2419 1598 2453 si
1615 2420 1691 2454 vel-

960 2463 1033 2497 lem
1066 2464 1288 2499 muneribus
1320 2465 1380 2499 vel
1412 2466 1603 2500 vilissimis
1629 2477 1692 2500 eo-

961 2522 1044 2544 rum
1061 2511 1219 2555 gratiam
1232 2512 1324 2545 mihi
1344 2513 1560 2556 conciliare,
1577 2513 1689 2547 facile

959 2559 1140 2602 possem.“

1007 2619 1063 2651 39.
1081 2620 1138 2651 40.
1156 2619 1333 2651 nobilium
1347 2618 1577 2662 scriptorum]
1595 2629 1688 2664 qua-

959 2663 1014 2698 les
1049 2667 1139 2698 tunc
1172 2667 1279 2698 erant
1311 2665 1453 2708 Pollio,
1489 2664 1687 2711 Virgilius,

960 2711 1117 2754 Varius,
1144 2712 1338 2754 Tibullus,
1367 2712 1589 2747 Fundanius
1615 2716 1685 2747 cet.

1760 2773 1774 2825 ,ἔ

1752 2845 1770 2930 ξ
