1774 2930
156 154 250 195 454

279 252 507 296 Adsciscet
537 267 672 306 nova,
705 266 816 309 quae
847 251 1019 309 genitor
1048 251 1301 308 produxerit
1329 266 1448 309 usus.

278 324 527 368 Vehemens
561 327 605 367 et
635 323 823 380 liquidus
855 336 1049 380 puroque
1083 323 1323 366 simillimus
1356 323 1470 366 amni

636 150 846 186 HORATII
869 150 1220 185 EPISTULARUM

1604 292 1706 365 120*

277 395 448 438 Fundet
480 409 585 452 opes
614 393 876 450 Latiumque
907 393 1055 437 beabit
1086 394 1218 437 divite
1248 394 1420 450 lingua3

276 466 566 511 Luxuriantia
596 469 857 522 compescet,
889 465 1017 508 nimis
1050 478 1204 522 aspera
1233 478 1339 508 sano

275 537 463 580 Levabit
493 537 629 592 cultu,
660 537 820 579 virtute
851 537 1040 579 carentia
1068 536 1210 590 tollet,

256 698 334 732 120.
368 699 416 731 Et
443 698 602 738 liquidus
626 697 817 730 vehemens
849 695 1063 740 (superscr.
1100 696 1291 730 Vehemens
1325 698 1358 729 et
1395 695 1552 736 liquidus
1558 694 1574 738 )
1601 694 1637 738 S,

206 746 278 778 Hic
302 745 503 788 vehemens,
533 745 691 785 liquidus
718 754 737 778 e
765 742 880 778 Godd.
905 742 946 776 1⁴¹.

161 880 294 915 ductas
343 880 561 915 deformat.“
611 879 664 914 Ut
703 880 785 922 hic,
835 878 899 913 Se-

159 938 254 963 neca
271 927 391 973 Epist.
411 929 468 971 58,
486 929 527 961 3:
553 930 593 960 ut
618 936 663 961 ea:
687 928 752 960 hoc
779 935 899 960 emem-

156 977 220 1017 plo
245 976 458 1017 intelleqas,
494 977 673 1016 quantum
698 976 798 1016 apud
823 976 898 1007 En-

157 1024 261 1057 nium
309 1025 341 1056 et
381 1023 528 1057 Accium
572 1023 767 1055 verborum
807 1022 897 1054 suus

158 1072 402 1112 occupaverit.
455 1069 530 1103 Cfr.
564 1068 608 1102 A.
643 1069 684 1103 P.
720 1070 784 1102 61:
817 1077 898 1102 ver-

159 1119 288 1151 borum
312 1120 417 1151 vetus
445 1118 570 1150 interit
597 1118 700 1150 aetas
725 1118 771 1149 Et
797 1117 897 1149 iuve-

157 1174 246 1199 num
270 1167 346 1199 ritu
372 1166 504 1207 florent
527 1165 634 1198 modo
651 1166 742 1197 nata
758 1164 897 1205 viqent-

159 1221 239 1254 que.
268 1231 311 1236 —
338 1211 496 1254 deserta]
526 1211 594 1254 „ab
621 1210 798 1245 omnibus
824 1211 897 1244 iam

158 1260 367 1306 neglecta.“
403 1279 448 1283 —
482 1258 601 1302 nova]
640 1258 686 1292 ab
719 1258 802 1303 ipso
837 1258 897 1291 vel

158 1307 204 1342 ab
232 1307 318 1342 aliis
345 1307 398 1341 ita
422 1307 539 1349 facta,
574 1308 617 1340 ut
647 1306 802 1350 linguae
827 1304 898 1339 La-

157 1355 260 1389 tinae
308 1354 520 1400 analogiam
563 1352 808 1398 sequantur.“
853 1372 896 1376 -

158 1403 301 1443 qenitor
319 1421 333 1427 -
351 1402 461 1445 usus]
496 1400 707 1446 Singularis
740 1400 897 1445 brachy-

158 1449 263 1495 logia
287 1460 356 1494 pro
374 1448 454 1483 his:
483 1459 603 1493 „quae
622 1448 781 1482 simulac
798 1448 898 1481 facta

159 1500 268 1540 sunt,
303 1497 349 1531 ab
376 1496 550 1531 omnibus
576 1496 836 1540 approbantur
862 1497 899 1529 et

158 1547 414 1589 usurpantur,
449 1544 501 1578 ita
534 1545 576 1577 ut
600 1543 688 1577 inde
723 1543 768 1577 ab
802 1542 896 1587 ipsis

158 1591 313 1636 linguae
330 1591 548 1636 primordiis
562 1592 602 1624 in
621 1590 896 1625 consuetudine

158 1639 276 1673 fuisse
302 1638 537 1675 videantut.“
588 1638 663 1672 Ofr.
689 1638 733 1679 A.
759 1637 800 1671 P.
827 1639 896 1672 70:

158 1688 282 1722 Multa
306 1688 555 1728 renascentur,
588 1694 682 1727 quae
707 1686 782 1718 iam
808 1686 898 1718 ceci-

160 1735 257 1776 dere,
285 1736 489 1774 cadentque
509 1735 611 1775 Quae
636 1741 733 1766 nunc
758 1735 842 1765 sunt
859 1734 899 1765 in

159 1782 296 1814 honore
332 1782 531 1823 vocabula,
568 1782 601 1813 si
636 1781 733 1813 volet
765 1788 896 1821 usus,

161 1829 276 1870 Quem
298 1837 410 1870 penes
435 1829 633 1861 arbitrium
659 1829 709 1860 est
730 1829 763 1859 et
781 1827 838 1859 ius
865 1828 897 1859 et

159 1884 290 1909 norma
318 1876 501 1916 loquendi.

210 1924 408 1956 120—123.
450 1920 660 1963 Vehemens]
693 1931 762 1965 per
796 1919 897 1965 syni-

161 1970 265 2004 zesin
291 1971 331 2003 in
351 1969 560 2014 spondeum
580 1968 770 2010 coalescit,
795 1967 896 2001 unde

161 2020 264 2051 ortae
299 2020 389 2051 sunt
419 2015 667 2060 corruptelae.
719 2014 794 2048 Cfr.
822 2015 897 2048 Sat.

164 2067 203 2107 1,
230 2068 270 2107 5,
303 2066 360 2099 67.
394 2064 565 2099 Passow:
599 2064 699 2096 voll
731 2064 896 2104 Feuer,

160 2111 306 2146 Merkel
346 2113 517 2154 [eurio.
567 2109 664 2145 Sane
707 2110 762 2144 sic
804 2110 898 2143 verti

161 2162 304 2204 potest3
331 2170 460 2193 verum
486 2160 580 2192 haec
598 2168 748 2203 quoque
775 2157 898 2202 imago

161 2208 288 2251 potius
323 2206 436 2240 ducta
462 2208 520 2240 est
544 2206 591 2240 ab
625 2205 727 2239 amni
753 2205 899 2249 ingenti

162 2257 200 2288 et
224 2256 428 2298 propterea
451 2263 588 2298 magna
613 2263 698 2286 cum
723 2252 759 2285 vi
777 2252 899 2285 undas

162 2302 348 2336 volvente.
376 2321 419 2325 —
451 2301 624 2344 liquidus]
653 2301 780 2341 klar,
806 2299 900 2333 adeo

162 2351 205 2382 ut
242 2349 348 2382 nulla
384 2348 478 2382 insit
515 2348 651 2382 vitiosa
690 2346 900 2380 obscuritas

162 2406 233 2430 nec
251 2396 354 2429 ullae
373 2395 557 2429 sermonis
581 2394 716 2428 rustici
735 2394 899 2428 sordes.“

161 2442 259 2477 Mira
283 2443 342 2476 his
369 2442 573 2476 intercedit
591 2441 798 2476 similitudo
818 2451 901 2474 cum

164 2489 359 2525 Ciceronis
400 2489 539 2523 iudicio
583 2489 629 2523 de
670 2488 719 2522 M.
763 2488 901 2522 Calidii

164 2539 334 2572 oratione
372 2537 477 2570 Brut.
513 2538 577 2578 79,
615 2538 703 2570 274:
739 2536 902 2577 primum

163 2586 216 2618 ita
250 2593 374 2626 puna
410 2586 507 2626 erat,
550 2586 589 2616 ut
627 2584 719 2616 nihil
758 2583 904 2623 liqui-

164 2633 288 2674 dius,
339 2633 393 2665 ita
443 2632 554 2664 libere
603 2624 838 2672 fluebat,'
862 2631 903 2662 ut

163 2687 347 2720 nusquam
364 2680 660 2720 adhaeresceret3
688 2686 758 2711 nec
776 2678 900 2710 tamen

164 2727 211 2761 de
252 2726 463 2760 imitatione
515 2724 687 2759 consulto
730 2723 904 2768 quaesita

949 879 1154 924 cogitarim.
1167 897 1209 902 --
1225 879 1368 912 Fundet
1381 877 1480 921 opes]
1495 877 1683 923 „insignis

948 927 1021 960 erit
1044 929 1156 971 poeta
1181 929 1217 960 et
1241 925 1444 960 verborum
1470 927 1507 959 et
1533 927 1685 959 senten-

947 974 1085 1008 tiarum
1120 974 1230 1020 copia
1266 975 1380 1018 atque
1416 973 1572 1017 propter
1609 972 1683 1006 hoc

946 1022 1071 1065 ipsum
1104 1021 1279 1063 Latinos,
1319 1031 1480 1064 quorum
1513 1020 1682 1065 linguam

947 1071 984 1102 et
1009 1070 1120 1102 ornat
1146 1070 1182 1102 et
1207 1069 1329 1113 auget,
1355 1077 1593 1111 summopere
1619 1066 1684 1100 de-

946 1115 1111 1150 lectabit.
1126 1116 1142 1133 “
1195 1134 1238 1139 —-
1290 1115 1540 1148 Luoeuriantia
1588 1121 1683 1146 com-

944 1162 1085 1205 pescet]
1122 1162 1250 1205 „Dum
1282 1162 1393 1196 beata
1430 1161 1539 1205 copia
1574 1171 1684 1205 prae-

946 1210 1048 1244 ditus
1075 1212 1151 1252 est,
1177 1209 1366 1243 luxuriem
1391 1210 1516 1242 tamen
1543 1218 1682 1242 sermo·

947 1258 1007 1292 nis
1041 1267 1084 1292 ac
1122 1260 1307 1291 tumorem
1341 1255 1507 1289 vitabit.“
1557 1255 1691 1288 Lama:

945 1306 1019 1338 ries
1056 1315 1113 1349 pr.
1153 1304 1198 1338 de
1237 1302 1429 1348 segetibus
1466 1301 1682 1346 vitibusque

947 1352 1031 1386 sine
1055 1352 1183 1386 fructu
1201 1351 1315 1385 nimis
1335 1350 1433 1384 laete
1450 1349 1682 1394 pubentibus

948 1401 984 1433 et
1010 1399 1277 1441 crescentibus,
1305 1408 1401 1442 quae
1425 1397 1594 1431 luxuries
1620 1398 1681 1430 de-

945 1448 1048 1488 pasci
1064 1446 1176 1481 debet
1191 1447 1231 1480 in
1255 1446 1380 1490 segete
1400 1444 1495 1488 (Cic.
1512 1444 1557 1478 de
1577 1443 1680 1478 Orat.

947 1496 979 1537 2,
1006 1496 1062 1536 23,
1089 1496 1146 1528 96.
1170 1494 1275 1538 Virg.
1303 1492 1369 1526 Ge.
1395 1495 1427 1534 1,
1454 1491 1561 1534 112),
1587 1499 1681 1524 com-

942 1543 1042 1583 pesci
1065 1541 1106 1575 in
1132 1541 1207 1575 vite
1234 1540 1318 1584 (Ge.
1342 1541 1375 1583 2,
1401 1539 1510 1582 370.),
1535 1538 1576 1572 in
1603 1548 1682 1572 car-

946 1588 1111 1623 minibus
1129 1588 1217 1622 stilo
1236 1588 1404 1628 asti-invi.
1432 1585 1607 1629 (Quintil.
1626 1587 1682 1628 10,

947 1639 987 1679 4,
1018 1636 1064 1679 1.)
1100 1635 1175 1670 Cfr.
1209 1635 1254 1669 A.
1287 1634 1330 1668 P.
1362 1635 1456 1667 447:
1489 1634 1683 1666 ambitiosa

946 1685 1082 1717 recidet
1103 1685 1340 1717 ornamenta.
1360 1700 1403 1705 —-
1422 1680 1583 1722 Levabit]
1601 1679 1683 1712 Uti-

947 1741 1023 1775 que
1058 1730 1223 1775 expoliet
1255 1731 1292 1763 et
1324 1729 1421 1762 levia
1459 1726 1605 1770 (nitida
1637 1736 1681 1760 ac

946 1778 1080 1821 plana)
1115 1776 1269 1818 reddet,
1307 1785 1404 1819 quae
1443 1776 1531 1808 sunt
1567 1773 1681 1807 nimis

946 1835 1081 1868 aspera
1115 1826 1153 1857 et
1185 1823 1337 1864 scabra,
1374 1822 1428 1855 ita
1460 1823 1605 1862 tamen,
1638 1823 1683 1854 ut

946 1872 1008 1904 hic
1034 1871 1158 1904 cultus
1185 1881 1213 1904 s.
1248 1867 1450 1914 perpolitio
1477 1878 1612 1902 nervos
1637 1877 1682 1902 ac

947 1918 1145 1952 sanitatem
1171 1918 1226 1951 eis
1245 1927 1322 1951 non
1341 1915 1550 1950 detrahat}
1578 1914 1621 1948 A.
1639 1914 1680 1948 P.

947 1968 1010 1999 26:
1036 1967 1231 2000 sectantem
1258 1965 1352 1997 levia
1375 1964 1480 1996 nervi
1501 1963 1683 2004 Deficiunt

948 2014 1145 2054 animique.
1173 2031 1213 2036 —
1249 2012 1384 2045 virtute
1418 2009 1602 2052 carentia]
1635 2008 1681 2042 V.

949 2062 1028 2094 112.
1047 2062 1124 2093 sine
1134 2061 1296 2102 pondere
1313 2058 1478 2092 refertur
1494 2057 1620 2102 potius
1634 2055 1682 2090 ad

949 2108 1101 2152 singula
1125 2106 1259 2150 verba3
1291 2106 1363 2139 hoc
1389 2104 1436 2139 ad
1463 2103 1682 2146 sententias,

950 2166 1068 2200 „quae
1101 2156 1257 2199 proptei·
1290 2152 1513 2187 tenuitatem
1538 2151 1682 2184 nullam

949 2205 1015 2236 aut
1049 2202 1219 2247 exiguam
1253 2201 1328 2234 vim
1361 2201 1540 2234 exercent
1564 2199 1604 2232 in
1630 2198 1682 2231 le-

950 2249 1065 2284 ctoris
1084 2248 1283 2283 animum.“
1299 2266 1342 2271 -—-
1362 2246 1477 2289 tollet]
1496 2245 1682 2290 Equidem

950 2297 1096 2342 explico
1133 2307 1178 2330 ex
1203 2294 1360 2335 Quintil.
1392 2297 1455 2336 10,
1481 2295 1523 2335 4,
1549 2295 1588 2326 1:
1621 2294 1683 2326 Se-

951 2346 1076 2385 quitur
1106 2343 1326 2384 emendatio,
1357 2349 1446 2383 pars
1478 2341 1684 2374 studiorum

953 2393 1056 2433 lonqe
1098 2391 1305 2424 utilissima.
1324 2407 1338 2413 -
1357 2407 1372 2414 -
1400 2389 1520 2422 Huius
1561 2389 1685 2420 autem

951 2440 1068 2480 operis
1088 2441 1166 2472 est·
1180 2456 1194 2462 -
1207 2444 1370 2479 premere
1395 2436 1581 2477 tumentia,
1607 2435 1684 2467 hu·

950 2487 1078 2519 milia
1112 2485 1349 2526 emtottere,
1385 2482 1619 2516 luxuriantia
1643 2489 1684 2513 a-

951 2535 1146 2575 strinqere,
1171 2533 1385 2565 inordinata
1409 2530 1592 2571 diaerere,
1625 2536 1683 2560 so-

954 2582 1031 2614 luta
1065 2587 1297 2621 componere,
1334 2576 1556 2611 eaesultantia
1583 2577 1683 2608 coer-

952 2637 1043 2661 cere.
1092 2627 1146 2660 Id.
1173 2629 1213 2668 8,
1241 2628 1280 2668 6,
1308 2627 1371 2658 11:
1404 2624 1607 2664 Praecipue
1639 2630 1685 2655 em

954 2677 1008 2708 his
1034 2672 1154 2708 oritur
1177 2673 1398 2714 sublimitas,
1430 2679 1524 2712 quae
1551 2669 1685 2702 audaci

953 2725 985 2755 et
1015 2723 1182 2763 promime
1204 2720 1411 2762 periculum
1445 2717 1684 2751 translatione
