1774 2930
639 149 733 184 Lm.
756 148 805 184 IL
852 145 1006 182 mus'r.
1028 146 1059 180 I.

1516 140 1603 184 40⁷

209 254 420 298 Venimus
451 252 506 295 ad
536 264 748 293 summum
778 249 988 301 fortunae,
1018 246 1236 303 pingimus
1265 249 1394 300 atque

209 324 441 367 Psallimus
472 326 515 365 et
544 322 755 364 luctamur
783 319 961 362 Achivis
993 317 1159 360 doctius
1187 315 1342 358 unctis.

212 394 259 437 Si
290 394 468 437 meliora.
497 393 605 446 dies,
636 396 685 433 ut
713 391 828 444 vina,
858 392 1058 446 poemata
1086 387 1246 441 reddit,

213 464 332 508 Scire
351 464 494 517 velim,
523 463 682 506 chartis
703 461 890 518 pretium
910 463 1066 516 quotus
1087 460 1259 514 arroget
1277 470 1430 499 annus.

1552 453 1608 495 35

149 565 151 568 .
213 534 416 591 Scriptor,
448 534 604 576 abhinc
634 546 769 575 annos
799 534 970 573 centum
999 530 1072 586 qui
1102 528 1283 581 decidit,
1314 527 1426 569 inter

211 605 430 648 Perfectos
462 608 716 658 veteresque
747 601 896 644 referri
927 600 1068 653 debet,
1101 613 1157 641 an
1186 598 1299 640 inter

212 676 334 719 Viles
365 679 494 731 atque
524 673 691 716 novos?
719 671 933 714 Excludat
963 670 1104 726 iurgia
1132 669 1243 711 finis.

211 745 294 788 Est
323 750 449 788 vetus
481 749 609 800 atque
639 743 799 800 probus
831 746 1001 784 centum
1034 741 1105 796 qui
1135 739 1302 796 perficit
1333 752 1481 783 annos.

217 815 348 870 Quid,
381 816 454 872 qui
486 815 667 871 deperiit
698 814 837 855 minor
864 826 950 854 uno
982 825 1132 854 mense
1162 810 1232 852 vel
1263 823 1389 863 anno,

98 922 154 963 (in
178 931 252 965 quo
270 932 303 955 v.
318 922 439 965 prima
461 920 605 965 syllaba
627 922 685 954 est
706 919 830 964 longa,

98 978 122 1002 a
144 967 291 1003 Latinis
317 967 543 1012 corripitur)
568 977 624 1011 pr.
649 966 830 1007 foramen,

97 1015 200 1049 intra
230 1014 334 1060 quod
365 1017 423 1049 est
457 1014 575 1059 ligula
611 1024 640 1047 s.
674 1023 830 1047 examen

98 1061 139 1094 in
164 1060 279 1104 h'bra,
307 1062 529 1106 plerumque
553 1071 621 1105 pro
647 1059 748 1093 libra
772 1058 830 1093 bi-

97 1108 197 1142 lanci
223 1110 261 1142 et
284 1109 424 1142 statera
446 1108 547 1152 ipsa,
571 1109 614 1141 ut
638 1106 712 1140 Sat.
740 1109 771 1148 1,
797 1108 830 1148 3,

97 1155 284 1189 'ta—Nil
298 1156 400 1188 intra
425 1155 509 1197 cet]
534 1154 603 1188 Est
626 1153 831 1196 ἐνθύμημα

98 1203 329 1235 contractum
355 1203 394 1235 et
416 1202 647 1246 implicatum
674 1211 719 1234 ex
743 1200 830 1234 his:

100 1247 137 1290 1)
164 1247 295 1291 „Oliva
319 1251 358 1283 et
381 1259 459 1282 nux
484 1248 626 1282 similes
648 1250 736 1281 sunt
752 1247 831 1280 fru-

99 1297 202 1337 ctus,
234 1295 412 1340 quoniam
444 1305 490 1329 ex
520 1297 681 1339 utraque
708 1294 832 1328 oleum

99 1344 246 1386 trapeto
271 1341 481 1376 conficitur.
530 1343 574 1383 2)
611 1340 716 1374 Nihil
747 1341 831 1374 duri

100 1391 160 1421 est
180 1387 283 1422 intra
305 1398 462 1430 nucem3
499 1398 587 1433 ergo
618 1398 741 1432 neque
775 1387 833 1420 in-

101 1437 160 1468 tra
184 1435 330 1469 olivam.
368 1435 405 1477 3)
429 1435 534 1468 Nihil
551 1435 636 1468 duri
655 1438 712 1468 est
729 1437 834 1468 extra

102 1481 243 1524 oleam3
268 1492 358 1526 ergo
383 1492 507 1526 neque
533 1484 638 1515 extra
662 1483 832 1515 nucem.“

99 1527 179 1561 Iam
209 1529 270 1562 his
300 1528 511 1562 falsissimis
541 1528 835 1573 argumentatio-

101 1574 235 1617 nibus,
272 1575 411 1619 quibus
443 1579 631 1619 tamquam
664 1575 834 1609 fallaciae

102 1621 283 1666 exemplis
304 1622 463 1656 fortasse
488 1622 528 1655 in
554 1622 694 1656 scholis
719 1622 836 1655 inter-

101 1668 191 1701 dum
214 1668 420 1702 utebantur
443 1668 588 1714 logicae
611 1668 834 1713 disciplinae

100 1715 284 1760 magistri,
306 1716 525 1760 aequiparat
546 1716 669 1749 illam:
697 1715 836 1758 „Grae-

100 1771 231 1796 corum
266 1762 519 1807 antiquissimi
557 1765 688 1806 poetae
721 1763 834 1796 iidem

101 1811 192 1843 sunt
226 1809 376 1854 optimi;
413 1820 502 1855 ergo
540 1810 652 1843 etiam
682 1809 836 1844 Latino-

100 1866 186 1889 rum
225 1856 478 1901 antiquissimi
522 1857 707 1901 quique.“
758 1856 835 1890 Cfr.

99 1901 201 1936 Plin.
224 1902 272 1936 H.
296 1903 340 1936 N.
368 1906 423 1945 15,
448 1905 505 1943 28,
530 1906 598 1937 34:
636 1904 723 1936 Alia
757 1904 836 1948 (gi-

101 1950 292 1994 gnuntur)
326 1951 457 1991 baccis,
489 1959 646 1990 quarum
670 1952 767 1983 intus
795 1952 837 1983 ti-

102 2003 213 2036 mum
238 1998 271 2028 et
296 1998 404 2029 extra
427 2005 526 2039 earo,
560 2000 601 2029 ut
632 1998 747 2038 olivis,
781 2006 836 2030 ce-

102 2043 211 2074 rasis.
252 2059 268 2066 -
292 2060 308 2066 -
331 2043 496 2076 Aliorum
524 2044 624 2076 intus
649 2052 779 2084 corpus
804 2046 837 2076 et

72 2091 76 2093 '
104 2089 195 2128 [oris
221 2089 371 2131 tionum,
394 2092 434 2122 ut
460 2098 605 2122 nucum.
631 2108 675 2113 —
702 2089 835 2132 oleam]

105 2133 260 2168 Variata
286 2137 534 2178 constructio,
571 2136 682 2170 etiam
716 2147 738 2169 a
769 2147 837 2170 no-

106 2181 194 2214 stris
211 2180 326 2215 Codd.
342 2182 499 2224 firmata,
526 2193 594 2216 cur
614 2186 780 2216 mutetur
797 2183 836 2216 in

105 2228 199 2270 olea,
223 2238 301 2262 non
325 2228 447 2262 video.
489 2229 565 2263 Cfr.
590 2229 701 2263 Hand
727 2229 838 2263 Turs.

104 2273 153 2307 11.
182 2285 220 2318 p.
244 2276 326 2308 681.
363 2278 401 2309 et
431 2275 496 2309 111.
535 2287 571 2320 p.
604 2278 686 2310 440.
720 2287 840 2310 exem-

105 2322 169 2365 pla
215 2321 450 2364 afferentem,
503 2323 570 2356 ubi
618 2323 659 2356 in
708 2323 838 2357 eodem

106 2368 318 2410 enuntiato,
349 2371 392 2402 ut
414 2370 495 2412 hic,
525 2371 626 2403 intra
650 2372 708 2404 est
732 2381 840 2414 prae-

104 2414 255 2459 positio,
279 2415 497 2450 adverbium
523 2419 640 2450 επεν-α.
676 2416 756 2450 Liv.
782 2419 839 2459 31,

106 2463 176 2495 24:
200 2463 303 2496 intra
327 2471 407 2496 eam
434 2464 622 2508 (portam)
651 2467 838 2504 extraque.

105 2508 235 2542 Horat.
259 2509 354 2554 Epp.
381 2513 421 2551 1,
446 2511 487 2553 2,
515 2513 584 2544 16:
626 2512 761 2544 Iliacos
784 2512 840 2543 in·

107 2557 168 2588 tra
206 2564 331 2590 muros
367 2560 542 2598 peccatur
577 2560 610 2590 et
652 2560 768 2592 extra.
796 2577 840 2582 —

110 2602 280 2635 Venimus
305 2603 391 2646 cet-J
416 2603 613 2638 Artissime
638 2605 730 2638 haec
756 2615 841 2638 cnm

108 2649 422 2691 praecedentibus
470 2651 684 2685 cohaerent.
758 2651 840 2685 Hoc

110 2694 209 2727 enim
234 2695 347 2731 dicit:
374 2696 541 2739 „Eodem
566 2708 723 2742 prorsus
748 2698 843 2740 iure,

1554 807 1612 848 40

878 917 917 951 id
943 919 1012 958 est,
1037 926 1158 961 aeque
1184 914 1359 957 absurde,
1386 913 1614 948 contendere

877 974 1078 1009 possumus
1112 973 1181 997 nos
1214 963 1254 996 in
1289 961 1462 996 omnibus
1498 961 1616 994 rebus

877 1011 1017 1056 primas
1035 1013 1164 1044 tenere
1185 1009 1345 1053 ideoque
1364 1008 1511 1042 nullum
1527 1017 1615 1051 pro-

878 1068 1049 1104 gressum
1074 1057 1200 1091 facere
1225 1066 1356 1101 posse,
1389 1066 1467 1089 non
1493 1054 1615 1089 solum

878 1106 919 1138 in
952 1107 1033 1139 arte
1063 1104 1237 1146 militari,
1271 1102 1337 1138 sed
1362 1102 1475 1136 etiam
1500 1102 1541 1135 in
1566 1101 1616 1136 iis

879 1152 1044 1193 artibus,
1082 1162 1195 1196 quas,
1228 1151 1449 1195 quicunque
1480 1158 1616 1183 caecus

880 1210 967 1233 non.
995 1203 1070 1240 est,
1107 1198 1241 1232 scitius
1278 1209 1301 1232 a
1334 1197 1489 1231 Graecis
1527 1196 1617 1230 olim

881 1246 1065 1280 exercitas
1115 1256 1198 1279 esse
1247 1247 1362 1289 atque
1411 1254 1457 1278 ex
1510 1246 1618 1287 parto

882 1293 1098 1327 etiamnunc
1122 1292 1290 1326 exerceri
1313 1291 1486 1325 fatetur-¹⁶
1507 1309 1551 1313 —
1569 1290 1619 1324 ad

881 1348 1061 1373 summum
1085 1338 1274 1381 [ortunae]
1298 1338 1431 1382 Eurip.
1455 1337 1517 1370 Fr.
1541 1335 1620 1370 An-

882 1387 946 1432 tig.
975 1389 1029 1422 13.
1053 1385 1192 1419 Dind.:
1226 1385 1284 1418 ἐπ’
1317 1381 1438 1432 ἄκραν
1471 1380 1620 1428 ἥκομεν

882 1431 1064 1480 γραμμήν
1088 1432 1229 1465 κακῶν.
1249 1452 1293 1466 ,-
1307 1432 1464 1473 Achivis]
1492 1431 1622 1464 Traia-

882 1491 955 1514 nus
980 1480 1028 1514 ad
1052 1480 1151 1513 Plin.
1173 1479 1269 1524 Epp.
1295 1482 1350 1521 10,
1367 1481 1432 1513 49:
1458 1480 1620 1519 Gymna—

881 1529 946 1560 siis
977 1528 1166 1568 induloent
1200 1527 1384 1560 Graeculi.
1409 1543 1459 1550 —-
1484 1525 1619 1568 unctis]

884 1573 1019 1608 Graeci
1046 1584 1130 1607 cum
1156 1573 1307 1607 assidue
1339 1573 1380 1606 in
1411 1573 1620 1617 palaestras

884 1632 971 1655 suas
989 1621 1218 1655 descendere
1235 1620 1413 1662 solerent,
1438 1620 1619 1663 frequen-

883 1671 942 1702 ter
968 1668 1051 1702 oleo
1077 1668 1331 1713 ungebantur.

931 1764 1050 1795 34-44.
1074 1763 1114 1796 Si
1129 1762 1285 1795 meliora
1305 1760 1390 1803 cet]
1414 1760 1492 1794 Iam
1518 1764 1622 1794 astu-

884 1812 920 1843 te
945 1820 1038 1843 usus
1064 1809 1180 1843 sorite
1205 1808 1386 1850 ostendit,
1419 1819 1532 1852 quam
1556 1807 1622 1842 ab·

885 1857 1000 1890 surda
1024 1856 1102 1890 sint
1117 1855 1219 1900 volgi
1243 1855 1497 1889 litteratorum
1522 1854 1622 1888 iudi·

885 1904 954 1937 cia.
1002 1903 1156 1948 Ineptos
1195 1902 1413 1936 huiusmodi
1450 1903 1623 1946 antiquap

884 1950 962 1984 rios
988 1950 1136 1984 deridet
1153 1950 1266 1984 etiam
1282 1949 1466 1983 Martialis
1490 1952 1546 1991 11,
1564 1950 1622 1990 90,

885 1999 930 2030 5:
963 1998 1219 2037 Attonitusque
1248 1998 1335 2038 leuis
1360 1998 1478 2030 terrai·
1502 1996 1622 2041 frugi-

884 2044 999 2085 fera'i,
1022 2045 1142 2077 Attius
1167 2046 1199 2077 et
1225 2044 1403 2084 quidquid
1426 2045 1623 2076 Pacuvius-

886 2099 953 2130 que
977 2093 1137 2124 vomunt.
1157 2109 1198 2113 -
1219 2090 1381 2132 arroqet]
1413 2091 1538 2130 „velut
1561 2099 1623 2123 ar-

886 2137 1081 2181 rogatione
1106 2137 1146 2169 in
1166 2136 1328 2170 comitiis
1346 2136 1503 2170 curiatis
1526 2137 1624 2170 facta

886 2183 1054 2228 legitime
1091 2183 1222 2217 afferat
1258 2193 1302 2216 ac
1336 2183 1510 2218 tribuat.“
1562 2183 1625 2217 Sic

887 2229 955 2263 Od.
988 2233 1031 2272 4,
1065 2233 1127 2273 14,
1160 2232 1229 2264 39:
1266 2233 1432 2272 optatum
1463 2232 1626 2272 peractis

887 2278 1059 2318 Imperiis
1076 2278 1183 2311 decus
1200 2279 1401 2319 arrooam't.
1416 2296 1460 2301 —
1477 2277 1625 2321 decidit]

889 2326 1088 2365 „mortuus
1124 2325 1230 2366 est,“
1270 2324 1433 2369 imagine
1466 2335 1489 2358 a
1521 2324 1624 2358 foliis

889 2371 1043 2405 caducis
1068 2372 1240 2416 repetita.
1272 2371 1395 2405 Plaut.
1414 2372 1623 2405 Trinumm.

888 2420 929 2460 2,
953 2420 995 2460 4,
1022 2420 1113 2452 143:
1144 2420 1263 2452 cuncti
1286 2420 1474 2452 solstitiali
1497 2420 1623 2452 morbo

887 2466 1067 2499 decidunt.
1116 2464 1187 2499 od,
1210 2468 1251 2507 4,
1276 2467 1316 2506 7,
1342 2468 1409 2499 14:
1446 2467 1536 2507 Nos,
1562 2467 1626 2498 um·

887 2513 1100 2553 decidimus,
1127 2514 1206 2554 Quo
1230 2514 1340 2545 Pater
1363 2514 1527 2553 Aeneas,
1552 2521 1624 2552 quo

888 2560 992 2592 divus
1024 2560 1151 2592 Tullus
1189 2562 1221 2593 et
1254 2561 1393 2601 Ancus,
1427 2560 1555 2592 Pulvis
1589 2561 1624 2592 et

887 2607 1020 2639 umbra
1042 2615 1178 2640 sumus.
1206 2625 1248 2629 ——
1274 2606 1472 2648 Per-sectos]
1504 2605 1624 2647 „Ideo

888 2652 1076 2696 perfectos
1094 2653 1184 2698 quia
1201 2654 1378 2687 veteres.“
1395 2652 1524 2686 Comi.
1539 2652 1624 2694 CR.;

891 2699 979 2733 item
1004 2697 1098 2733 ’κατ’
1132 2701 1336 2746 εἰρωνείαν.
1368 2718 1411 2723 -
1443 2700 1626 2733 Eaectuaat
