1774 2930
653 145 747 182 ΔΒΕ
769 142 995 181 Pomm.

1497 139 1583 182 503

191 251 416 305 Inciderit3
447 263 528 292 nec
557 251 709 305 quarta
737 216 855 302 loqui
884 257 1069 302 persona
1096 242 1274 285 laboret.

194 322 363 366 Actoris
393 324 537 378 partes
568 319 723 362 chorus
754 317 1025 372 officiumque
1054 314 1179 356 virile

194 392 428 446 Defendet,
459 404 544 433 neu
575 389 678 446 quid
707 387 870 431 medios
900 386 1127 429 intercinat
1157 388 1291 436 actus,

78 603 126 631 ex
147 593 270 638 ipsius
294 591 446 626 fabulae
470 589 712 625 oeconomica
735 588 811 623 dis-

78 640 268 686 positione
298 638 450 684 prodire
483 648 526 672 ac
557 648 625 682 per
651 647 691 670 se
715 635 812 669 dilu-

81 687 166 722 cida
189 697 271 722 esse
295 686 440 727 debeat,
465 695 577 729 saepe
596 683 706 718 abusi
724 685 812 717 sunt

77 733 280 778 Euripides
313 735 352 767 et
382 733 459 774 illi,
493 731 539 766 de
565 731 704 776 quibus
727 729 812 763 Ari-

81 781 237 816 stoteles
273 780 377 815 Poet.
404 781 560 821 18,11:
603 777 738 811 πολλοὶ
772 775 813 809 δὲ

82 827 284 871 πλέξαντες
306 827 348 861 εὖ
371 823 509 860 λύουσι
531 825 669 867 κακῶς.
708 823 814 858 Idem

84 877 232 918 15,11:
265 873 436 929 φανερὸν
467 869 529 908 ὅτι
560 874 626 905 καὶ
659 869 725 912 τὰς
749 867 816 904 λύ-

82 932 164 964 σεις
195 921 269 955 τῶν
300 918 436 964 μύθων
459 920 501 964 ἐξ
525 918 644 953 αὑτοῦ
667 918 727 952 δεῖ
747 918 815 952 τοῦ

82 966 211 1012 μύθου
235 968 481 1012 συμβαίνειν,
516 968 582 1000 καὶ
604 964 662 1010 μὴ
686 960 815 1013 ὥσπερ

83 1015 127 1050 ἐν
148 1015 198 1062 τῇ
218 1015 369 1060 Μηδείᾳ
391 1013 470 1049 ἀπὸ
493 1013 703 1071 μηχανῆς.
707 1013 815 1047 Plato

85 1051 273 1108 (21⁸3pr
274 1063 390 1098 ..425
418 1062 475 1096 D:
511 1070 639 1118 maxe?
662 1061 703 1094 οἱ
723 1071 817 1114 τρα-

83 1073 310 1165 γῳδοποιοί,
345 1108 499 1143 ἐπειδάν
534 1119 570 1142 τι
605 1107 815 1163 αποςῶσιν,

83 1145 148 1190 ἐπὶ
191 1154 262 1198 τὰς
314 1154 494 1200 μηχανὰς
547 1165 817 1199 αποφευγουσι

83 1201 200 1245 θεοὺς
367 1215 417 1246 ες.
454 1223 497 1228 -
534 1203 698 1246 intersit]
746 1203 815 1245 „in

85 1250 301 1294 tragoediae
324 1251 400 1285 fine
424 1251 650 1285 interveniat
674 1250 721 1284 ad
743 1249 817 1284 sol-

86 1297 248 1331 vendum
277 1297 428 1332 tandem
453 1298 536 1332 eius
559 1297 701 1331 nodum
726 1297 819 1330 alio—

88 1343 182 1388 quin
229 1344 537 1379 inextricabilem.
555 1346 573 1363 ⁴⁶
610 1364 653 1368 —
690 1345 820 1385 diuma

86 1391 228 1424 νικῶσι
262 1391 454 1434 ποαιιε],,
467 1402 551 1425 cum
589 1391 697 1425 aliter
737 1390 820 1424 fieri

88 1439 240 1482 nequit,
277 1441 320 1472 ut
351 1438 453 1483 apud
483 1438 704 1482 Sophoclem
739 1437 821 1471 sine

87 1483 265 1519 Herculis
320 1485 537 1520 interventu
591 1485 821 1519 Philoctetes

88 1542 167 1565 uon
191 1531 361 1574 Troiam,
398 1532 463 1567 sed
488 1532 529 1566 iu
552 1533 712 1577 patriam
737 1542 823 1576 pro-

87 1577 342 1622 ficisceretur,
377 1580 418 1613 in
453 1579 646 1624 Euripidis
681 1579 823 1623 Hippo-

88 1625 180 1670 lyto,
202 1626 278 1660 nisi
301 1626 423 1661 Diana
445 1626 721 1667 intercederet,
756 1626 824 1659 ille

314 1675 322 1681 .
454 1674 463 1681 .
718 1674 726 1681 .
804 1674 821 1691 ,4

90 1682 232 1754 ssmm
191 1676 533 1766 ΡἼὲιὶἲῗῖἓὲἶ
540 1673 823 1765 &tami

90 1777 235 1801 summo
265 1767 305 1800 in
329 1768 499 1812 periculo
522 1770 735 1802 versantem
761 1778 824 1801 su·

90 1812 170 1847 bito
218 1813 354 1849 liberat
400 1818 438 1849 et
485 1815 609 1859 eripit.
625 1816 642 1833 ⁴⁵
705 1814 823 1848 Gnsn.

90 1859 271 1904 Apposite
307 1861 466 1896 Proelus
502 1861 549 1895 ad
585 1861 770 1896 Alcibiad.
793 1861 823 1895 L

90 1917 174 1951 pag.
202 1910 280 1942 141.
305 1909 393 1942 edit.
420 1909 576 1943 Oreum:
613 1909 654 1942 ἐν
678 1919 825 1964 τραγω-

87 1952 192 1993 ’δίαις
222 1954 267 1986 ἐκ
297 1956 476 2007 μηχανῆς
505 1935 688 1996 πολλάκις
711 1954 827 1997 θεοὺς

94 1997 199 2040 τινὰς
228 1998 449 2044 εἰσάγωσιν
485 2003 526 2035 οἱ
562 2004 717 2045 ποιηταὶ
752 2003 827 2036 τῶν

71 2084 75 2087 ‚
174 2042 297 2080 όντων
330 2045 561 2094 πραγμάτων
596 2048 828 2094 διορθω-

94 2103 156 2126 τα
168 2105 199 2135 ς.
225 2112 269 2117 -
293 2103 359 2127 nec
381 2098 519 2135 quarta
544 2096 629 2138 cet]
667 2120 684 2136 „
698 2096 827 2140 Tragi-

97 2150 165 2175 c‘us
189 2140 229 2174 id
254 2151 386 2175 cavere
411 2141 541 2183 debet,
571 2153 620 2176 ne
646 2145 828 2176 attentum

97 2188 318 2232 spectatoris
366 2189 530 2222 animum
579 2200 622 2223 eo
675 2189 829 2231 dividat,

98 2235 199 2279 quod
222 2235 262 2268 in
289 2235 418 2269 eadem
443 2246 557 2270 scena
577 2238 689 2289 post
680 2246 830 2283 πρωτα-

96 2278 299 2326 γωνιστήν,
322 2279 678 2329 δευτεραγωνιστήν,
705 2294 830 2330 τριτα-

96 2327 299 2374 γωνιστήν,
332 2330 488 2364 inducat
524 2331 632 2364 etiam
659 2334 828 2374 quartam

96 2385 308 2420 personam,
337 2378 446 2411 cuius
470 2380 596 2421 partes
620 2388 740 2421 paene
766 2389 830 2412 su-

96 2433 351 2467 pervacaneae
388 2425 482 2466 sint,
523 2424 616 2458 adeo
654 2428 697 2458 ut
733 2425 831 2465 loqui

101 2471 253 2513 laboret,
277 2471 480 2505 difficulter
505 2481 549 2505 ac
573 2471 729 2505 moleste
754 2482 831 2505 ser-

98 2517 200 2551 moni
236 2528 318 2552 sese
353 2517 556 2552 intrudat.“
608 2518 714 2557 Quod
753 2522 830 2552 stu-

4 2558 13 2573 '⁴
99 2563 206 2598 diosc
243 2565 408 2598 vitarunt
442 2565 654 2609 Aeschylus
692 2568 729 2598 et
765 2564 831 2599 So-

98 2610 272 2655 phocles.'
315 2611 377 2646 Sic
412 2611 452 2645 in
491 2612 725 2656 Choephoris
762 2612 833 2657 P-y-

100 2657 176 2692 ladi
200 2659 419 2693 tribuuntur
443 2662 520 2693 tres
545 2659 735 2693 dumtaxat
750 2670 833 2692 ver·

102 2714 167 2738 sus
191 2707 409 2748 900—902.,
445 2706 544 2740 idem
569 2707 608 2740 in
635 2706 832 2750 Sophoclis

738 2758 757 2778 θ’

857 586 1009 620 Electra
1030 589 1134 620 muta
1157 589 1216 619 est
1238 594 1412 629 persona.
1447 582 1490 616 In
1517 581 1591 615 Eu-

858 633 990 678 ripidis
1014 631 1278 666 Andromacha
1307 633 1388 664 490.
1413 633 1591 674 quattuor

859 681 1010 726 quidem
1047 690 1232 724 personae
1269 679 1308 712 in
1342 687 1455 712 scena
1492 678 1593 718 sunt,

859 728 960 773 ipsa,
999 727 1103 761 filius
1142 726 1347 767 Molossus,
1386 724 1593 765 Menelaus,

859 775 1017 818 Peleus3
1050 773 1116 808 sed
1147 773 1373 818 simulatque
1404 772 1594 816 comparet

861 822 1010 864 Peleus,
1033 821 1222 856 Molossus
1238 825 1342 854 muta
1362 819 1405 854 fit
1418 828 1593 864 persona.

912 918 1037 950 193—
1053 917 1132 949 195.
1157 917 1300 948 Actoris
1325 913 1410 957 cet]
1434 912 1595 946 Ahsolu-

863 964 911 997 tis
935 962 1004 1005 iis,
1041 972 1139 1007 quae
1163 962 1209 996 de
1235 962 1396 1017 singulis
1420 959 1597 1015 personis

863 1013 902 1045 et
916 1010 989 1044 de'
979 1010 1038 1051 lis,
1063 1019 1160 1054 quae
1184 1006 1264 1042 ἀπὸ
1287 1008 1465 1052 μηχανῆς
1489 1017 1600 1041 voca·

864 1058 972 1099 bant,
1005 1060 1113 1091 crant
1136 1057 1331 1097 tradenda,
1363 1055 1437 1089 iam
1461 1054 1600 1089 transit

863 1105 911 1140 ad
927 1104 1033 1138 chori
1052 1103 1216 1138 officium
1237 1106 1275 1138 et
1297 1101 1489 1150 ἁρμονίαν
1514 1111 1599 1135 cum

864 1153 1013 1197 integra
1053 1150 1245 1196 tragoedia
1284 1162 1341 1184 vv.
1383 1152 1506 1184 193—
1516 1151 1598 1183 201.

864 1198 1011 1233 Horatii
1036 1201 1161 1232 autem
1185 1200 1389 1243 praecepta
1418 1196 1466 1231 ad
1492 1195 1599 1230 chori

866 1246 1001 1281 Graeci
1025 1246 1263 1290 potissimum
1289 1245 1518 1288 exemplaria
1540 1253 1602 1277 re-

867 1294 959 1327 ferri
1008 1293 1196 1335 videntur,
1244 1292 1315 1326 etsi
1365 1291 1507 1326 similes
1555 1300 1603 1324 ex

867 1343 974 1385 parte
1007 1340 1163 1374 Graecis
1199 1340 1317 1374 fuisse
1354 1340 1465 1373 etiam
1501 1338 1605 1372 Lati-

868 1398 938 1421 nos
967 1388 1101 1422 choros
1136 1388 1290 1421 minime
1314 1386 1514 1432 ignorabat
1537 1395 1604 1419 ne-

870 1445 945 1479 que
967 1435 1013 1468 «h.
1037 1435 1064 1468 l.
1088 1434 1230 1468 oblitus
1263 1438 1355 1468 erat.
1402 1433 1478 1467 Vix
1502 1433 1604 1467 enim

870 1485 944 1516 tam
984 1484 1160 1516 accurate
1202 1482 1308 1516 chori
1348 1481 1451 1526 leges
1492 1489 1605 1524 expo-

871 1530 1010 1563 suisset
1043 1529 1244 1570 Horatius,
1285 1529 1318 1562 si
1354 1539 1399 1562 ex
1434 1527 1606 1561 Romana

870 1576 1064 1621 tragoedia
1097 1576 1163 1609 ille
1199 1576 1312 1620 plane
1347 1578 1514 1609 remotus
1547 1584 1605 1608 es·

872 1626 946 1665 set,
982 1626 1025 1656 ut
1055 1623 1165 1657 multi
1194 1623 1288 1657 falso
1315 1622 1606 1663 contenderunt,

872 1671 938 1715 qui
963 1670 1177 1704 refutantur
1200 1671 1336 1714 partim
1358 1670 1532 1713 reliquiis
1557 1678 1606 1702 ex

871 1718 986 1751 Ennii
1011 1720 1049 1751 et
1063 1717 1221 1751 Pacuvii
1237 1718 1365 1752 choris
1388 1718 1500 1751 nobis
1525 1726 1606 1750 ser-

872 1765 967 1799 vat-is
1005 1764 1106 1806 (Ser.
1131 1765 1179 1798 ad
1208 1765 1375 1799 Herenn.
1401 1766 1442 1807 2,
1467 1766 1524 1805 23,
1549 1765 1607 1796 36.

872 1812 969 1846 Gen.
997 1815 1059 1854 19,
1093 1814 1155 1854 10,
1191 1813 1289 1854 12.),
1324 1811 1463 1856 partim
1498 1809 1607 1844 Accii

871 1859 1103 1901 Phoenissis,
1133 1870 1157 1893 a
1180 1860 1295 1893 choro
1321 1860 1377 1893 sic
1401 1858 1606 1903 inscriptis.

875 1906 1101 1949 „chorus‚“
1132 1906 1277 1951 inquit,
1315 1907 1532 1951 „particeps
1558 1905 1608 1939 sit

872 1954 1033 1988 actionis
1067 1964 1223 1998 eamque
1258 1962 1327 1995 pro
1363 1954 1464 1986 virili
1497 1954 1606 1994 parte

875 2000 1035 2042 adiuvet,
1062 2000 1132 2034 hoc
1158 2004 1225 2042 est,
1250 2011 1318 2044 pro
1345 2011 1401 2042 eo,
1426 2000 1526 2044 quod
1552 1999 1608 2033 of·

874 2046 950 2079 ficii
977 2047 1059 2080 eius
1085 2049 1175 2080 est.“
1201 2067 1244 2071 —
1269 2047 1467 2089 Defendet]
1495 2050 1608 2087 „stre-

876 2103 951 2126 nue
990 2093 1113 2126 officio
1149 2094 1340 2138 fungatur.
1353 2095 1371 2111 “
1423 2094 1500 2127 Cfr.
1533 2093 1609 2127 Sat.

879 2142 1008 2181 1,10,
1036 2142 1091 2173 12.
1116 2159 1158 2163 —
1186 2149 1257 2174 nea
1283 2143 1371 2182 qaid
1394 2141 1486 2184 cet]
1525 2139 1611 2182 „Ne

877 2165 1060 2220 canan'tur
1085 2187 1184 2220 inter
1207 2192 1312 2222 actus
1335 2187 1433 2231 μέλη
1458 2183 1611 2234 χορικά,

876 2234 915 2266 in
942 2234 1078 2278 quibus
1102 2234 1149 2267 de
1174 2235 1259 2268 aliis
1277 2235 1452 2269 omnibus
1477 2238 1610 2280 agatur

878 2291 988 2324 quam
1036 2281 1113 2315 de·
1131 2281 1280 2316 actione
1329 2282 1454 2326 ipsa-¹⁴
1515 2281 1611 2317 Mire

878 2328 1082 2362 concordat
1099 2328 1325 2363 Aristoteles
1348 2329 1453 2364 Poet.
1475 2332 1611 2371 18,18.

876 2375 952 2407 Καὶ
976 2373 1043 2408 τὸν
1068 2373 1188 2431 χορὸν
1211 2373 1289 2409 δὲ’
1281 2372 1351 2410 ἕνα
1380 2376 1419 2410 δε
1423 2381 1440 2409 ῖ
1468 2374 1612 2410 ὑτολα-

876 2421 959 2462 βεΐν
996 2423 1070 2455 τῶν
1089 2424 1330 2477 υποκριτῶν,
1369 2426 1436 2457 καὶ
1469 2421 1612 2471 ιιόριον

877 2467 976 2502 εἶναι
992 2469 1060 2503 τοῦ
1076 2465 1182 2509 ὅλου,
1206 2473 1270 2504 καὶ
1287 2471 1613 2515 συναγωνίζεσθαι

877 2515 934 2571 μὴ
980 2513 1108 2564 ὥσπερ
1144 2519 1244 2573 παρ’
1295 2517 1480 2572 Εὐριπίδν
1530 2516 1611 2550 ἀλλ’

878 2575 1007 2616 ωσπερ
1055 2562 1157 2621 παρὰ
1202 2565 1404 2606 Σοφοκλεῖ·
1447 2570 1526 2607 τοῖς
1571 2564 1614 2599 δὲ

879 2610 1028 2654 λοιποῖς
1063 2610 1110 2645 τὰ
1145 2609 1328 2655 διδόμενα
1362 2612 1511 2655 μᾶλλον
1543 2612 1613 2646 τοῦ

878 2655 1006 2701 μύθου
1040 2655 1068 2702 ἧ
1102 2654 1221 2703 ἄλλης
1244 2659 1462 2715 τραγωδιας
1496 2659 1612 2694 ἐστίν·

878 2703 940 2738 διὸ
986 2703 1181 2749 ἐιιβόλιιια
1228 2702 1405 2750 ᾅδουσιν,
1462 2703 1612 2754 πρώτου
