1786 2912
157 142 240 183 144

652 139 861 175 noRATn
887 141 1174 176 SA'rmARUM
1198 132 1212 143 “

273 241 369 284 Hoc
399 241 542 297 potius
575 255 702 297 quam
734 242 894 297 gallina
923 246 1092 298 tergere
1122 243 1331 299 palatum,

274 311 511 368 Corruptus
542 313 663 354 vanis
695 326 859 365 rerum,
893 313 994 368 quia
1023 317 1179 356 veneat
1210 328 1314 356 auro

1618 315 1674 356 25

272 382 389 425 Rara
419 383 510 425 avis
543 387 586 425 et
615 383 732 438 picta
761 382 921 438 pandat
953 385 1197 439 spectacula
1229 384 1387 439 cauda3

274 453 513 510 Tamquam
541 453 595 495 ad
621 467 713 496 rem
742 453 922 496 attineat
951 453 1195 510 quidquam.
1227 454 1343 497 Num
1369 455 1555 498 vesceris
1577 456 1674 510 ista,

273 523 412 572 Quam
441 523 610 577 laudas,
643 524 821 580 pluma?
853 523 984 567 Cocto
1016 539 1119 567 num
1151 525 1272 568 adest
1302 525 1440 569 honor
1469 525 1615 569 idem?

272 594 412 637 Carne
443 600 612 648 tamen,
646 595 840 651 quamvis
874 595 1005 637 distat
1035 596 1117 650 nil,
1148 595 1230 639 hac
1259 597 1398 653 magis
1428 597 1515 640 illa.

268 665 511 722 imparibus
544 666 693 707 formis
725 665 953 722 deceptum
986 675 1029 709 te
1060 670 1193 723 patet.
1241 666 1372 710 Esto:

1617 668 1675 709 30

270 736 393 779 Unde
425 736 572 779 datum
604 737 762 790 sentis,
795 737 921 793 lupus
954 737 1025 779 hio
1057 737 1288 780 Tiberinus
1319 751 1374 780 an
1405 738 1497 780 alto

272 807 434 864 Captus
467 808 575 861 hiet,
608 812 820 864 pontesne
851 808 964 850 inter
995 808 1178 850 iactatus
1211 823 1267 851 an
1298 809 1436 852 amnis

249 945 304 977 29.
339 944 445 976 illam
469 942 520 977 bS
547 946 582 977 et
607 944 753 988 aliquot
779 944 981 978 Torrentii.
1009 964 1052 968 -
1081 946 1136 978 30.
1160 944 1279 988 patet]
1302 948 1425 987 petere
1449 956 1550 979 unus
1575 948 1628 980 at-

200 1001 275 1034 que
300 991 396 1024 alter
423 990 512 1025 Cod.
540 991 739 1035 Torrentii,
767 991 790 1026 S
818 1002 1006 1036 superscr.
1030 995 1144 1034 patet,
1170 1003 1264 1026 corr.
1291 993 1314 1027 b
1341 993 1488 1035 (fuerat
1509 994 1627 1036 patet)

201 1041 238 1072 et
263 1049 318 1082 pr.
345 1049 375 1072 c.
403 1039 526 1080 (patet
552 1049 648 1072 corr.
675 1039 722 1081 c.)

151 1151 208 1183 64.
233 1152 266 1193 2,
293 1152 325 1193 8,
352 1152 408 1184 91.
427 1169 472 1174 -
491 1150 645 1193 terqere]
672 1151 814 1185 comice
840 1151 886 1185 de

151 1199 255 1242 grato
292 1207 445 1242 sapore,
485 1209 560 1242 quo
599 1198 766 1242 palatum
802 1209 887 1242 per-

151 1245 351 1278 mulcetur.
380 1264 422 1268 -
448 1246 553 1278 vanis
578 1245 724 1288 rerum]
757 1245 826 1279 Od.
853 1248 886 1288 4,

153 1293 208 1334 12,
237 1294 300 1325 19:
328 1301 462 1326 amara
488 1301 676 1326 curarum.
704 1292 777 1326 Sat.
796 1295 828 1335 2,
855 1294 887 1335 8,

150 1340 214 1372 83:
252 1340 337 1380 ficta
368 1348 504 1373 rerum.
539 1359 581 1363 —
615 1341 714 1382 picta
746 1341 888 1381 pandat

149 1388 360 1428 spectacula
386 1387 527 1430 cauda]
556 1397 743 1431 „expansa
770 1388 889 1421 cauda

149 1433 429 1477 pulcherrimos
465 1445 553 1468 suos
589 1435 734 1468 colores
762 1437 887 1469 osten-

150 1480 214 1514 dat
250 1481 452 1525 spectatori
489 1492 652 1526 eumque
691 1481 886 1516 delectet.“

152 1546 194 1551 —-
214 1531 404 1569 tamquam
429 1529 478 1561 ad
502 1538 582 1562 rem
600 1531 757 1562 attineat
784 1531 888 1570 quid-

150 1575 282 1618 quam]
320 1575 401 1610 scil.
437 1576 573 1609 caritas
608 1578 644 1609 et
677 1586 887 1620 pennarum

150 1622 262 1656 nitor.
279 1641 322 1646 —
342 1622 460 1665 Cocco]
481 1622 618 1664 „Cocto
637 1623 776 1667 pavoni
795 1634 887 1657 num

148 1673 275 1704 manet
313 1669 442 1704 eadem
480 1670 760 1713 pulchritudo‚·
789 1681 886 1715 quae

149 1716 276 1751 fuerat
316 1717 427 1751 vivo?
476 1717 631 1751 Minime
673 1719 797 1751 vero.“
843 1737 886 1741 —-

148 1772 237 1797 num
262 1764 385 1807 adest]
417 1764 473 1798 De
499 1765 570 1799 hoc
595 1764 702 1799 hiatu
728 1765 768 1797 in
795 1775 887 1798 voce

150 1811 411 1856 monosyllaba
447 1812 520 1845 vid.
561 1811 769 1846 Schneider
807 1814 886 1845 Lat.

149 1858 312 1892 Gramm.
345 1859 374 1892 I.
408 1870 443 1903 p.
481 1861 547 1893 155
583 1870 639 1903 sq.
666 1878 709 1883 —
747 1859 884 1903 honor]

152 1906 321 1950 „species
348 1906 502 1940 nitida.“

198 1955 252 1986 29.
280 1955 336 1987 30.
373 1955 490 1987 Carne
516 1956 639 1987 tamen
664 1953 749 1996 cet]
780 1953 884 1996 „Non

148 2000 313 2034 vesceris
339 2000 406 2034 illa
422 2001 551 2044 pluma
569 2001 780 2045 splendoris
806 2001 885 2045 ple-

149 2058 217 2090 na,
251 2051 375 2082 tamen
402 2058 516 2082 carne
542 2048 719 2092 pavonis,
755 2059 885 2093 quam-

149 2105 261 2138 quam
278 2095 376 2128 nihil
395 2094 521 2129 differt
538 2106 559 2129 a
575 2095 740 2140 gallinae
759 2106 884 2137 carne,

147 2142 266 2186 magis
300 2142 465 2176 vesceris
500 2153 528 2176 s.
562 2143 663 2176 vesci
706 2143 813 2187 cupis
855 2153 884 2176 s.

149 2190 296 2234 tergere
330 2189 496 2233 palatum
531 2190 587 2223 vis
622 2201 735 2234 quam
771 2200 884 2224 carne

147 2236 347 2280 gallinae.“
372 2254 421 2261 —-
446 2238 558 2270 distat
583 2237 651 2280 nit]
680 2237 800 2280 „nihil
826 2237 884 2269 in-

150 2285 267 2317 terest
284 2284 386 2317 inter
402 2285 559 2328 pavonis
579 2294 731 2318 carnem
750 2287 788 2318 et
805 2284 884 2329 gal-

148 2329 283 2364 linae.“
314 2331 388 2364 Cfr.
417 2331 491 2364 Sat.
519 2333 551 2372 2,
579 2333 611 2374 3,
638 2333 719 2366 210.
747 2351 789 2356 —
817 2333 885 2365 hac

146 2378 264 2418 mavis
289 2378 372 2421 illa]
400 2379 610 2422 „pavonina
626 2379 745 2424 magis
772 2389 884 2424 quam

147 2424 389 2468 gallinacea.“
441 2425 496 2459 De
533 2426 671 2460 omissa
695 2426 884 2471 particula

149 2479 259 2511 quam
285 2472 381 2506 conf.
426 2471 494 2505 Od.
523 2475 559 2514 1,
589 2475 648 2515 13,
676 2475 732 2507 20.
761 2476 799 2515 4,
827 2475 882 2515 14,

152 2520 205 2552 13.
233 2537 277 2542 —-
303 2519 406 2562 Esto]
434 2519 541 2553 Conf.
569 2519 643 2553 Sat.
671 2523 703 2563 2,
730 2523 763 2562 3,
790 2522 846 2554 65.

197 2567 333 2599 31-33.
371 2567 468 2599 Unde
502 2567 629 2600 datum
662 2569 770 2600 sentis
797 2567 881 2611 cet]

151 2612 313 2653 „Verum
339 2613 441 2647 unde
468 2613 537 2647 tibi
556 2624 792 2657 concessum,
817 2613 883 2647 δυ-

150 2657 283 2700 νατόν,
319 2664 395 2702 est,
428 2663 470 2694 ut
504 2671 636 2704 sapore
671 2662 881 2707 distinguas

149 2708 266 2740 oet.?“
292 2707 464 2742 Imitatus
490 2710 546 2742 est
563 2708 716 2742 Persius
735 2711 769 2751 5,
796 2710 880 2743 124:

938 1152 1066 1193 „Liber
1093 1151 1193 1193 eqo.“
1230 1152 1328 1185 Unde
1354 1153 1480 1185 datum
1504 1153 1570 1185 hoc
1593 1159 1675 1185 sen-

937 1200 1001 1240 tis,
1042 1201 1092 1233 tot
1129 1199 1270 1232 subdite
1306 1200 1424 1232 rebus.
1461 1218 1504 1222 —
1542 1198 1672 1242 lupus]

937 1242 1102 1293 λάβραξ,
1127 1247 1172 1281 M
1177 1247 1370 1287 eerwols.
1395 1264 1443 1270 -
1469 1245 1673 1289 Tiberinus]

938 1294 1031 1337 cet]
1078 1293 1293 1327 Macrobius
1341 1292 1490 1327 Saturn.
1533 1294 1574 1334 2,
1619 1295 1672 1326 12.

936 1342 1095 1375 maximo
1145 1339 1246 1385 apud
1302 1340 1480 1385 prodigos
1530 1339 1674 1374 honore

936 1387 1055 1423 fuisse
1081 1387 1197 1422 tradit
1220 1387 1443 1421 Tiberinum
1467 1388 1612 1432 lupum,
1638 1389 1676 1421 et

937 1436 1090 1480 quidem
1116 1446 1218 1478 eum,
1244 1434 1311 1479 qui
1335 1435 1436 1468 inter
1461 1434 1555 1468 duos
1579 1444 1674 1478 pon-

938 1486 993 1517 tes
1028 1484 1159 1527 captus
1193 1485 1269 1526 est3
1302 1481 1350 1516 ad
1386 1482 1487 1527 quod
1520 1481 1672 1516 demon-

938 1530 1133 1565 strandum
1150 1530 1272 1563 utitur
1290 1531 1328 1563 et
1350 1529 1474 1563 verbis
1494 1528 1585 1562 Titii
1602 1539 1671 1573 pro

936 1577 1020 1622 lege
1038 1577 1184 1612 Fannia
1210 1578 1514 1619 (---bonum‹1ue
1537 1577 1672 1617 piscem

940 1625 1064 1665 lupum
1096 1632 1328 1666 aermanum,
1363 1625 1427 1664 qui
1458 1625 1557 1656 inter
1582 1624 1672 1656 duos

933 1674 1062 1712 pontes
1104 1674 1232 1712 captus
1272 1671 1377 1713 suit.)
1421 1673 1458 1704 et
1497 1669 1671 1704 versibus

936 1718 1076 1751 Lucilii
1112 1718 1185 1751 Sat.
1212 1720 1252 1759 4,
1288 1719 1308 1750 5
1344 1716 1470 1760 (Gerl.
1503 1728 1539 1761 p.
1575 1716 1671 1759 14.):

937 1766 1050 1798 Illum
1074 1767 1220 1798 sumina
1245 1766 1424 1798 ducebant
1449 1766 1559 1805 atque
1585 1764 1671 1797 alti-

939 1813 1027 1845 lium
1055 1813 1164 1846 lanae:
1199 1814 1311 1845 Hunc
1332 1814 1460 1854 pontes
1486 1811 1671 1844 Tiberinu’

934 1861 1006 1893 duo
1038 1861 1134 1893 inter
1166 1859 1289 1900 captu⁷
1324 1860 1460 1892 catillo.
1509 1858 1555 1892 In
1580 1859 1670 1902 lupo

934 1907 1050 1951 igitur
1085 1907 1156 1941 tria
1192 1906 1337 1950 saporis
1371 1916 1512 1952 genera
1536 1905 1671 1940 distin·

934 1953 1101 1998 guebant
1118 1954 1318 1987 lurcones:
1336 1954 1446 1998 lupos
1465 1955 1594 1996 captos
1612 1952 1670 1985 in-

934 2005 992 2035 ter
1016 2001 1110 2035 duos
1135 2003 1282 2045 pontes,
1307 2000 1346 2034 id
1372 2004 1440 2043 est,
1467 1999 1670 2034 sublicium

935 2051 972 2082 et
998 2049 1249 2091 senatorium,
1284 2050 1327 2081 ut
1361 2048 1414 2082 ait
1438 2048 1534 2090 Fea,
1568 2046 1670 2080 inter

935 2106 1031 2139 quos
1058 2095 1194 2129 Cloaca
1226 2095 1385 2129 maxima
1417 2094 1547 2129 sordes
1573 2093 1668 2127 anti-

935 2154 1031 2187 quae
1050 2142 1162 2176 Urbis
1180 2142 1367 2188 egerebat,
1386 2141 1526 2186 quibus
1542 2141 1668 2185 pisces

934 2190 1221 2233 alliciebantur,
1253 2189 1332 2232 vel,
1366 2192 1409 2223 ut
1434 2189 1498 2223 alii
1525 2188 1669 2230 volunt,

932 2238 1034 2271 inter
1061 2237 1264 2271 sublicium
1290 2239 1327 2270 et
1350 2236 1585 2278 Fabricium3
1610 2236 1669 2268 lu-

933 2295 1001 2328 pos
1027 2287 1154 2329 captos
1180 2284 1227 2318 ad
1246 2284 1394 2318 Tiberis
1413 2283 1531 2326 ostia3
1557 2283 1668 2326 lupos

933 2331 974 2364 in
1008 2332 1082 2365 alto
1115 2332 1210 2365 mari
1237 2333 1385 2375 captos,
1419 2330 1486 2374 qui
1510 2329 1666 2374 pessimi

934 2382 1053 2413 erant.
1072 2398 1115 2402 -
1133 2378 1219 2421 hiet]
1247 2377 1392 2422 „pisces
1418 2376 1555 2415 statim,
1582 2386 1667 2410 cum

933 2426 1153 2470 capiuntur,
1179 2425 1319 2458 hiant.“
1365 2423 1507 2457 SCHOL.
1532 2423 1666 2466 Etiam,

932 2476 1036 2517 puto,
1061 2473 1100 2506 in
1127 2472 1269 2506 mensis
1295 2471 1468 2515 appositi.
1488 2490 1531 2495 —
1549 2472 1667 2504 iacta-

933 2520 1012 2563 tus]
1048 2519 1258 2554 Columella
1289 2518 1332 2551 R.
1368 2518 1412 2552 R.
1447 2520 1488 2561 8,
1525 2521 1587 2559 16,
1619 2518 1665 2550 4:

931 2569 1048 2601 Docta
1084 2569 1117 2600 et
1152 2567 1298 2600 erudita
1328 2567 1462 2607 palata
1495 2565 1665 2606 fastidire

932 2616 1053 2648 docuit
1080 2613 1263 2657 (Marcius
1288 2611 1506 2656 Philippus)
1533 2611 1665 2653 fluvia-

934 2663 1003 2694 tem
1031 2663 1174 2703 lupum,
1207 2661 1277 2693 nisi
1309 2667 1415 2700 quem
1441 2659 1576 2692 Tiberis
1601 2659 1666 2691 aa·

929 2717 1034 2742 verso
1048 2709 1207 2742 torrente
1227 2708 1474 2748 defatiqasset.
1489 2725 1532 2729 —
1548 2705 1665 2738 amnis
