<?xml version="1.0" encoding="UTF-8"?>
<!DOCTYPE html PUBLIC "-//W3C//DTD XHTML 1.0 Transitional//EN"
    "http://www.w3.org/TR/xhtml1/DTD/xhtml1-transitional.dtd">
<html xmlns="http://www.w3.org/1999/xhtml" xml:lang="en" lang="en">
 <head>
  <title>
</title>
<meta http-equiv="Content-Type" content="text/html;charset=utf-8" />
  <meta name='ocr-system' content='tesseract 3.04.00' />
  <meta name='ocr-capabilities' content='ocr_page ocr_carea ocr_par ocr_line ocrx_word'/>
</head>
<body>
  <div class='ocr_page' id='page_1' title='image "./qhoratiusflaccus00horauoft_0107.png"; bbox 0 0 1786 2912; ppageno 0'>
   <div class='ocr_carea' id='block_1_1' title="bbox 0 386 11 2070">
    <p class='ocr_par' dir='ltr' id='par_1_1' title="bbox 0 386 11 2070">
     <span class='ocr_line' id='line_1_1' title="bbox 0 386 11 2070; baseline 0 0"><span class='ocrx_word' id='word_1_1' title='bbox 0 386 11 2070; x_wconf 95' lang='lat' dir='ltr'><strong> </strong></span> 
     </span>
    </p>
   </div>
   <div class='ocr_carea' id='block_1_2' title="bbox 0 2170 42 2912">
    <p class='ocr_par' dir='ltr' id='par_1_2' title="bbox 0 2170 42 2912">
     <span class='ocr_line' id='line_1_2' title="bbox 0 2170 42 2912; baseline 0 0"><span class='ocrx_word' id='word_1_2' title='bbox 0 2170 42 2912; x_wconf 95' lang='lat' dir='ltr'><strong> </strong></span> 
     </span>
    </p>
   </div>
   <div class='ocr_carea' id='block_1_3' title="bbox 80 451 104 463">
    <p class='ocr_par' dir='ltr' id='par_1_3' title="bbox 80 451 104 463">
     <span class='ocr_line' id='line_1_3' title="bbox 80 451 104 463; baseline 0 0"><span class='ocrx_word' id='word_1_3' title='bbox 80 451 104 463; x_wconf 53' lang='grc' dir='ltr'><strong>β</strong></span> 
     </span>
    </p>
   </div>
   <div class='ocr_carea' id='block_1_4' title="bbox 670 160 1061 196">
    <p class='ocr_par' dir='ltr' id='par_1_4' title="bbox 670 160 1061 196">
     <span class='ocr_line' id='line_1_4' title="bbox 670 160 1061 196; baseline -0.003 0"><span class='ocrx_word' id='word_1_4' title='bbox 670 161 764 196; x_wconf 84' lang='lat' dir='ltr'><strong>LIB.</strong></span> <span class='ocrx_word' id='word_1_5' title='bbox 787 161 818 196; x_wconf 87' lang='lat'><strong>1.</strong></span> <span class='ocrx_word' id='word_1_6' title='bbox 866 160 969 196; x_wconf 73' lang='lat' dir='ltr'><strong>SAT.</strong></span> <span class='ocrx_word' id='word_1_7' title='bbox 994 160 1061 195; x_wconf 77' lang='lat' dir='ltr'><strong>tx.</strong></span> 
     </span>
    </p>
   </div>
   <div class='ocr_carea' id='block_1_5' title="bbox 1543 165 1620 206">
    <p class='ocr_par' dir='ltr' id='par_1_5' title="bbox 1543 165 1620 206">
     <span class='ocr_line' id='line_1_5' title="bbox 1543 165 1620 206; baseline -0.013 0"><span class='ocrx_word' id='word_1_8' title='bbox 1543 165 1620 206; x_wconf 83' lang='grc'><strong>’99</strong></span> 
     </span>
    </p>
   </div>
   <div class='ocr_carea' id='block_1_6' title="bbox 229 261 1393 390">
    <p class='ocr_par' dir='ltr' id='par_1_6' title="bbox 229 261 1393 390">
     <span class='ocr_line' id='line_1_6' title="bbox 231 261 1321 318; baseline -0.004 -11"><span class='ocrx_word' id='word_1_9' title='bbox 231 264 437 307; x_wconf 76' lang='lat' dir='ltr'>Canidiae</span> <span class='ocrx_word' id='word_1_10' title='bbox 466 263 638 317; x_wconf 88' lang='lat' dir='ltr'><strong>dentes,</strong></span> <span class='ocrx_word' id='word_1_11' title='bbox 670 263 803 305; x_wconf 87' lang='lat' dir='ltr'><strong>altum</strong></span> <span class='ocrx_word' id='word_1_12' title='bbox 834 261 1029 318; x_wconf 78' lang='lat' dir='ltr'><strong>Saganae</strong></span> <span class='ocrx_word' id='word_1_13' title='bbox 1059 261 1321 304; x_wconf 82' lang='lat' dir='ltr'><strong>caliendrum</strong></span> 
     </span>
     <span class='ocr_line' id='line_1_7' title="bbox 229 333 1393 390; baseline -0.002 -13"><span class='ocrx_word' id='word_1_14' title='bbox 229 334 441 378; x_wconf 82' lang='lat' dir='ltr'><strong>Excidere</strong></span> <span class='ocrx_word' id='word_1_15' title='bbox 471 338 600 390; x_wconf 83' lang='lat' dir='ltr'><strong>atque</strong></span> <span class='ocrx_word' id='word_1_16' title='bbox 629 333 786 376; x_wconf 88' lang='lat' dir='ltr'><strong>herbas</strong></span> <span class='ocrx_word' id='word_1_17' title='bbox 818 336 946 389; x_wconf 84' lang='lat' dir='ltr'><strong>atque</strong></span> <span class='ocrx_word' id='word_1_18' title='bbox 977 333 1194 375; x_wconf 85' lang='lat' dir='ltr'><strong>incantata</strong></span> <span class='ocrx_word' id='word_1_19' title='bbox 1222 333 1393 375; x_wconf 87' lang='lat' dir='ltr'><strong>lacertis</strong></span> 
     </span>
    </p>
   </div>
   <div class='ocr_carea' id='block_1_7' title="bbox 231 403 1347 460">
    <p class='ocr_par' dir='ltr' id='par_1_7' title="bbox 231 403 1347 460">
     <span class='ocr_line' id='line_1_8' title="bbox 231 403 1347 460; baseline -0.003 -12"><span class='ocrx_word' id='word_1_20' title='bbox 231 405 414 448; x_wconf 77' lang='lat' dir='ltr'><strong>Vincula</strong></span> <span class='ocrx_word' id='word_1_21' title='bbox 441 419 538 447; x_wconf 87' lang='lat' dir='ltr'><strong>cum</strong></span> <span class='ocrx_word' id='word_1_22' title='bbox 568 418 724 460; x_wconf 89' lang='lat' dir='ltr'><strong>magno</strong></span> <span class='ocrx_word' id='word_1_23' title='bbox 755 404 930 459; x_wconf 89' lang='lat' dir='ltr'><strong>risuque</strong></span> <span class='ocrx_word' id='word_1_24' title='bbox 958 403 1136 460; x_wconf 75' lang='lat' dir='ltr'><strong>iocoque</strong></span> <span class='ocrx_word' id='word_1_25' title='bbox 1166 403 1347 446; x_wconf 83' lang='lat' dir='ltr'><strong>videres.</strong></span> 
     </span>
    </p>
   </div>
   <div class='ocr_carea' id='block_1_8' title="bbox 1566 405 1622 446">
    <p class='ocr_par' dir='ltr' id='par_1_8' title="bbox 1566 405 1622 446">
     <span class='ocr_line' id='line_1_9' title="bbox 1566 405 1622 446; baseline -0.018 0"><span class='ocrx_word' id='word_1_26' title='bbox 1566 405 1622 446; x_wconf 88' lang='lat'><strong>50</strong></span> 
     </span>
    </p>
   </div>
   <div class='ocr_carea' id='block_1_9' title="bbox 761 493 974 507">
    <p class='ocr_par' dir='ltr' id='par_1_9' title="bbox 761 493 974 507">
     <span class='ocr_line' id='line_1_10' title="bbox 761 493 974 507; baseline 0 0"><span class='ocrx_word' id='word_1_27' title='bbox 761 493 974 507; x_wconf 95' lang='lat' dir='ltr'><strong> </strong></span> 
     </span>
    </p>
   </div>
   <div class='ocr_carea' id='block_1_10' title="bbox 680 557 1053 604">
    <p class='ocr_par' dir='ltr' id='par_1_10' title="bbox 680 557 1053 604">
     <span class='ocr_line' id='line_1_11' title="bbox 680 557 1053 604; baseline -0.003 -4"><span class='ocrx_word' id='word_1_28' title='bbox 680 557 932 604; x_wconf 76' lang='lat' dir='ltr'><strong>sA&#39;rmA</strong></span> <span class='ocrx_word' id='word_1_29' title='bbox 960 557 1053 599; x_wconf 79' lang='lat' dir='ltr'><strong>lx.</strong></span> 
     </span>
    </p>
   </div>
   <div class='ocr_carea' id='block_1_11' title="bbox 229 639 1299 693">
    <p class='ocr_par' dir='ltr' id='par_1_11' title="bbox 229 639 1299 693">
     <span class='ocr_line' id='line_1_12' title="bbox 229 639 1299 693; baseline -0.001 -10"><span class='ocrx_word' id='word_1_30' title='bbox 229 641 350 683; x_wconf 88' lang='lat' dir='ltr'><strong>Ibam</strong></span> <span class='ocrx_word' id='word_1_31' title='bbox 379 640 489 683; x_wconf 87' lang='lat' dir='ltr'><strong>forte</strong></span> <span class='ocrx_word' id='word_1_32' title='bbox 518 640 589 682; x_wconf 80' lang='lat' dir='ltr'><strong>via</strong></span> <span class='ocrx_word' id='word_1_33' title='bbox 619 639 766 693; x_wconf 87' lang='lat' dir='ltr'><strong>Sacra,</strong></span> <span class='ocrx_word' id='word_1_34' title='bbox 798 639 908 681; x_wconf 86' lang='lat' dir='ltr'><strong>sicut</strong></span> <span class='ocrx_word' id='word_1_35' title='bbox 937 652 1059 682; x_wconf 88' lang='lat' dir='ltr'><strong>meus</strong></span> <span class='ocrx_word' id='word_1_36' title='bbox 1090 643 1156 682; x_wconf 84' lang='lat' dir='ltr'><strong>est</strong></span> <span class='ocrx_word' id='word_1_37' title='bbox 1187 653 1299 692; x_wconf 70' lang='lat' dir='ltr'><strong>moa,</strong></span> 
     </span>
    </p>
   </div>
   <div class='ocr_carea' id='block_1_12' title="bbox 211 773 1623 815">
    <p class='ocr_par' dir='ltr' id='par_1_12' title="bbox 211 773 1623 815">
     <span class='ocr_line' id='line_1_13' title="bbox 211 773 1623 815; baseline -0.001 -6"><span class='ocrx_word' id='word_1_38' title='bbox 211 775 313 810; x_wconf 76' lang='lat' dir='ltr'><strong>SAT.</strong></span> <span class='ocrx_word' id='word_1_39' title='bbox 329 774 395 809; x_wconf 79' lang='lat' dir='ltr'><strong>[x.</strong></span> <span class='ocrx_word' id='word_1_40' title='bbox 413 777 445 809; x_wconf 89' lang='lat'><strong>1.</strong></span> <span class='ocrx_word' id='word_1_41' title='bbox 467 776 573 808; x_wconf 73' lang='lat' dir='ltr'><strong>Ibam</strong></span> <span class='ocrx_word' id='word_1_42' title='bbox 587 776 628 807; x_wconf 71' lang='lat' dir='ltr'><strong>ul</strong></span> <span class='ocrx_word' id='word_1_43' title='bbox 644 775 739 815; x_wconf 73' lang='lat' dir='ltr'><strong>forle</strong></span> <span class='ocrx_word' id='word_1_44' title='bbox 755 773 952 808; x_wconf 89' lang='lat' dir='ltr'><strong>Bentleius</strong></span> <span class='ocrx_word' id='word_1_45' title='bbox 969 774 1067 808; x_wconf 87' lang='lat' dir='ltr'><strong>coni.</strong></span> <span class='ocrx_word' id='word_1_46' title='bbox 1085 774 1191 808; x_wconf 89' lang='lat' dir='ltr'><strong>nullo</strong></span> <span class='ocrx_word' id='word_1_47' title='bbox 1209 774 1334 808; x_wconf 84' lang='lat' dir='ltr'><strong>adhuc</strong></span> <span class='ocrx_word' id='word_1_48' title='bbox 1351 774 1447 809; x_wconf 90' lang='lat' dir='ltr'><strong>libro</strong></span> <span class='ocrx_word' id='word_1_49' title='bbox 1465 774 1623 809; x_wconf 83' lang='lat' dir='ltr'><strong>firmata.</strong></span> 
     </span>
    </p>
   </div>
   <div class='ocr_carea' id='block_1_13' title="bbox 112 884 850 1774">
    <p class='ocr_par' dir='ltr' id='par_1_13' title="bbox 112 884 850 1774">
     <span class='ocr_line' id='line_1_14' title="bbox 114 884 842 968; baseline -0.004 -47"><span class='ocrx_word' id='word_1_50' title='bbox 114 887 289 968; x_wconf 53' lang='lat' dir='ltr'><strong>ffioxgua</strong></span> <span class='ocrx_word' id='word_1_51' title='bbox 322 886 479 966; x_wconf 44' lang='lat' dir='ltr'><strong>Vngui}</strong></span> <span class='ocrx_word' id='word_1_52' title='bbox 522 885 660 966; x_wconf 46' lang='lat' dir='ltr'><strong>Phiizss</strong></span> <span class='ocrx_word' id='word_1_53' title='bbox 669 884 842 965; x_wconf 47' lang='lat' dir='ltr'><strong>deL&#39;Leg‘</strong></span> 
     </span>
     <span class='ocr_line' id='line_1_15' title="bbox 231 942 844 967; baseline -0.003 0"><span class='ocrx_word' id='word_1_54' title='bbox 231 944 332 967; x_wconf 80' lang='lat' dir='ltr'><strong>alum</strong></span> <span class='ocrx_word' id='word_1_55' title='bbox 398 958 406 966; x_wconf 92' lang='lat'><strong>.</strong></span> <span class='ocrx_word' id='word_1_56' title='bbox 479 957 489 966; x_wconf 88' lang='lat'>.</span> <span class='ocrx_word' id='word_1_57' title='bbox 548 957 558 966; x_wconf 85' lang='lat'><strong>.</strong></span> <span class='ocrx_word' id='word_1_58' title='bbox 663 958 671 965; x_wconf 94' lang='lat'><strong><em>.</em></strong></span> <span class='ocrx_word' id='word_1_59' title='bbox 754 943 766 965; x_wconf 85' lang='grc' dir='ltr'><strong>ι</strong></span> <span class='ocrx_word' id='word_1_60' title='bbox 795 942 844 966; x_wconf 88' lang='lat' dir='ltr'><strong>s.:</strong></span> 
     </span>
     <span class='ocr_line' id='line_1_16' title="bbox 112 943 846 1023; baseline -0.003 -9"><span class='ocrx_word' id='word_1_61' title='bbox 112 976 471 1023; x_wconf 59' lang='grc' dir='ltr'><strong>μεταπεμψάμενος</strong></span> <span class='ocrx_word' id='word_1_62' title='bbox 486 944 578 1021; x_wconf 53' lang='grc' dir='ltr'><strong><em>τοξὶς</em></strong></span> <span class='ocrx_word' id='word_1_63' title='bbox 593 978 695 1012; x_wconf 82' lang='grc' dir='ltr'><em>δυεῖν</em></span> <span class='ocrx_word' id='word_1_64' title='bbox 711 943 846 1023; x_wconf 52' lang='grc' dir='ltr'><strong><em>κήξων</em></strong></span> 
     </span>
     <span class='ocr_line' id='line_1_17' title="bbox 116 1023 846 1074; baseline -0.001 -14"><span class='ocrx_word' id='word_1_65' title='bbox 116 1024 345 1074; x_wconf 72' lang='grc' dir='ltr'><strong><em>ἐπιτρόπους</em></strong></span> <span class='ocrx_word' id='word_1_66' title='bbox 383 1027 451 1061; x_wconf 80' lang='grc' dir='ltr'><strong>τοῦ</strong></span> <span class='ocrx_word' id='word_1_67' title='bbox 488 1037 527 1060; x_wconf 83' lang='grc' dir='ltr'><strong>τε</strong></span> <span class='ocrx_word' id='word_1_68' title='bbox 563 1023 745 1070; x_wconf 81' lang='grc' dir='ltr'><em>Μαικήνα</em></span> <span class='ocrx_word' id='word_1_69' title='bbox 779 1028 846 1059; x_wconf 82' lang='grc' dir='ltr'><strong>καὶ</strong></span> 
     </span>
     <span class='ocr_line' id='line_1_18' title="bbox 115 1071 846 1118; baseline 0 -11"><span class='ocrx_word' id='word_1_70' title='bbox 115 1074 259 1117; x_wconf 76' lang='grc' dir='ltr'><em>Ααμὶα·</em></span> <span class='ocrx_word' id='word_1_71' title='bbox 290 1074 454 1118; x_wconf 73' lang='grc' dir='ltr'>πλησίον</span> <span class='ocrx_word' id='word_1_72' title='bbox 484 1073 526 1107; x_wconf 84' lang='grc' dir='ltr'><strong>δέ</strong></span> <span class='ocrx_word' id='word_1_73' title='bbox 549 1075 646 1107; x_wconf 81' lang='grc' dir='ltr'><strong><em>εἰσιν</em></strong></span> <span class='ocrx_word' id='word_1_74' title='bbox 670 1071 846 1117; x_wconf 78' lang='grc' dir='ltr'><strong><em>ἀλλήλων</em></strong></span> 
     </span>
     <span class='ocr_line' id='line_1_19' title="bbox 115 1118 845 1165; baseline 0 -11"><span class='ocrx_word' id='word_1_75' title='bbox 115 1131 158 1154; x_wconf 78' lang='grc' dir='ltr'><strong>τε</strong></span> <span class='ocrx_word' id='word_1_76' title='bbox 191 1123 259 1154; x_wconf 73' lang='grc' dir='ltr'><strong>καὶ,</strong></span> <span class='ocrx_word' id='word_1_77' title='bbox 289 1121 358 1164; x_wconf 78' lang='grc' dir='ltr'><strong>τῆς</strong></span> <span class='ocrx_word' id='word_1_78' title='bbox 390 1118 545 1163; x_wconf 80' lang='grc' dir='ltr'><em>πόλεως.</em></span> <span class='ocrx_word' id='word_1_79' title='bbox 594 1121 695 1163; x_wconf 83' lang='lat' dir='ltr'><strong>(Alii</strong></span> <span class='ocrx_word' id='word_1_80' title='bbox 728 1121 845 1165; x_wconf 86' lang='lat' dir='ltr'><strong>expli-</strong></span> 
     </span>
     <span class='ocr_line' id='line_1_20' title="bbox 114 1168 846 1213; baseline -0.001 -11"><span class='ocrx_word' id='word_1_81' title='bbox 114 1171 224 1202; x_wconf 71' lang='lat' dir='ltr'><strong>cant:</strong></span> <span class='ocrx_word' id='word_1_82' title='bbox 243 1179 312 1212; x_wconf 78' lang='lat' dir='ltr'><strong>„ex</strong></span> <span class='ocrx_word' id='word_1_83' title='bbox 322 1169 443 1203; x_wconf 87' lang='lat' dir='ltr'><strong>hortis</strong></span> <span class='ocrx_word' id='word_1_84' title='bbox 454 1168 667 1213; x_wconf 85' lang='lat' dir='ltr'><strong>Esquilinis</strong></span> <span class='ocrx_word' id='word_1_85' title='bbox 680 1168 846 1212; x_wconf 88' lang='lat' dir='ltr'><strong>plerum-</strong></span> 
     </span>
     <span class='ocr_line' id='line_1_21' title="bbox 118 1214 847 1260; baseline -0.003 -10"><span class='ocrx_word' id='word_1_86' title='bbox 118 1226 192 1260; x_wconf 87' lang='lat' dir='ltr'><strong>que</strong></span> <span class='ocrx_word' id='word_1_87' title='bbox 208 1216 389 1250; x_wconf 73' lang='lat' dir='ltr'><strong>solitariis</strong></span> <span class='ocrx_word' id='word_1_88' title='bbox 405 1216 446 1249; x_wconf 92' lang='lat' dir='ltr'><strong>in</strong></span> <span class='ocrx_word' id='word_1_89' title='bbox 462 1215 760 1260; x_wconf 78' lang='lat' dir='ltr'><strong>frequentiorem</strong></span> <span class='ocrx_word' id='word_1_90' title='bbox 776 1214 847 1248; x_wconf 84' lang='lat' dir='ltr'><strong>Ur-</strong></span> 
     </span>
     <span class='ocr_line' id='line_1_22' title="bbox 116 1262 847 1307; baseline -0.001 -11"><span class='ocrx_word' id='word_1_91' title='bbox 116 1262 177 1296; x_wconf 88' lang='lat' dir='ltr'><strong>bis</strong></span> <span class='ocrx_word' id='word_1_92' title='bbox 208 1265 352 1307; x_wconf 86' lang='lat' dir='ltr'><strong>partem</strong></span> <span class='ocrx_word' id='word_1_93' title='bbox 384 1262 643 1305; x_wconf 80' lang='lat' dir='ltr'><strong>recurrunt.“)</strong></span> <span class='ocrx_word' id='word_1_94' title='bbox 669 1282 712 1286; x_wconf 87' lang='lat'><strong>-—</strong></span> <span class='ocrx_word' id='word_1_95' title='bbox 741 1263 847 1296; x_wconf 80' lang='lat' dir='ltr'><strong>Cani-</strong></span> 
     </span>
     <span class='ocr_line' id='line_1_23' title="bbox 114 1310 847 1352; baseline 0 -10"><span class='ocrx_word' id='word_1_96' title='bbox 114 1311 200 1342; x_wconf 73' lang='lat' dir='ltr'><strong>diae</strong></span> <span class='ocrx_word' id='word_1_97' title='bbox 224 1310 345 1343; x_wconf 66' lang='lat' dir='ltr'><strong>times</strong></span> <span class='ocrx_word' id='word_1_98' title='bbox 370 1310 456 1352; x_wconf 88' lang='lat' dir='ltr'><strong>cet.]</strong></span> <span class='ocrx_word' id='word_1_99' title='bbox 494 1310 663 1352; x_wconf 82' lang='lat' dir='ltr'><strong>„Iocatur</strong></span> <span class='ocrx_word' id='word_1_100' title='bbox 696 1310 737 1342; x_wconf 91' lang='lat' dir='ltr'><strong>in</strong></span> <span class='ocrx_word' id='word_1_101' title='bbox 768 1310 847 1352; x_wconf 87' lang='lat' dir='ltr'><strong>has,</strong></span> 
     </span>
     <span class='ocr_line' id='line_1_24' title="bbox 117 1356 848 1400; baseline -0.001 -10"><span class='ocrx_word' id='word_1_102' title='bbox 117 1357 229 1399; x_wconf 77' lang='lat' dir='ltr'><strong>quasi</strong></span> <span class='ocrx_word' id='word_1_103' title='bbox 275 1357 395 1390; x_wconf 84' lang='lat' dir='ltr'><strong>altera</strong></span> <span class='ocrx_word' id='word_1_104' title='bbox 441 1356 617 1390; x_wconf 83' lang='lat' dir='ltr'><strong>dentibus</strong></span> <span class='ocrx_word' id='word_1_105' title='bbox 667 1356 848 1400; x_wconf 84' lang='lat' dir='ltr'><strong>appositis</strong></span> 
     </span>
     <span class='ocr_line' id='line_1_25' title="bbox 117 1403 849 1447; baseline 0.003 -12"><span class='ocrx_word' id='word_1_106' title='bbox 117 1403 269 1446; x_wconf 86' lang='lat' dir='ltr'><strong>(emptis</strong></span> <span class='ocrx_word' id='word_1_107' title='bbox 294 1405 407 1447; x_wconf 85' lang='lat' dir='ltr'><strong>atque</strong></span> <span class='ocrx_word' id='word_1_108' title='bbox 431 1403 632 1444; x_wconf 88' lang='lat' dir='ltr'><strong>insiticiis)</strong></span> <span class='ocrx_word' id='word_1_109' title='bbox 658 1403 714 1436; x_wconf 88' lang='lat' dir='ltr'><strong>uti</strong></span> <span class='ocrx_word' id='word_1_110' title='bbox 739 1403 849 1437; x_wconf 79' lang='lat' dir='ltr'><strong>solita</strong></span> 
     </span>
     <span class='ocr_line' id='line_1_26' title="bbox 118 1449 848 1495; baseline 0.001 -14"><span class='ocrx_word' id='word_1_111' title='bbox 118 1449 181 1491; x_wconf 74' lang='lat' dir='ltr'><strong>sit,</strong></span> <span class='ocrx_word' id='word_1_112' title='bbox 206 1449 337 1491; x_wconf 72' lang='lat' dir='ltr'><strong>altera,</strong></span> <span class='ocrx_word' id='word_1_113' title='bbox 362 1449 463 1494; x_wconf 90' lang='lat' dir='ltr'><strong>quod</strong></span> <span class='ocrx_word' id='word_1_114' title='bbox 488 1450 599 1495; x_wconf 84' lang='lat' dir='ltr'><strong>gibba</strong></span> <span class='ocrx_word' id='word_1_115' title='bbox 623 1449 669 1491; x_wconf 91' lang='lat' dir='ltr'><strong>(l.</strong></span> <span class='ocrx_word' id='word_1_116' title='bbox 695 1450 848 1492; x_wconf 62' lang='lat' dir='ltr'><strong>qlabra)</strong></span> 
     </span>
     <span class='ocr_line' id='line_1_27' title="bbox 116 1495 850 1540; baseline 0.003 -12"><span class='ocrx_word' id='word_1_117' title='bbox 116 1495 248 1538; x_wconf 78' lang='lat' dir='ltr'><strong>fuerit,</strong></span> <span class='ocrx_word' id='word_1_118' title='bbox 272 1496 517 1538; x_wconf 68' lang='lat' dir='ltr'><strong>caliendrum,</strong></span> <span class='ocrx_word' id='word_1_119' title='bbox 533 1497 604 1530; x_wconf 88' lang='lat' dir='ltr'><strong>hoc</strong></span> <span class='ocrx_word' id='word_1_120' title='bbox 621 1500 688 1538; x_wconf 87' lang='lat' dir='ltr'><strong>est,</strong></span> <span class='ocrx_word' id='word_1_121' title='bbox 713 1496 850 1540; x_wconf 86' lang='lat' dir='ltr'><strong>galeri-</strong></span> 
     </span>
     <span class='ocr_line' id='line_1_28' title="bbox 120 1542 849 1578; baseline 0.001 -2"><span class='ocrx_word' id='word_1_122' title='bbox 120 1542 249 1576; x_wconf 74' lang='lat' dir='ltr'><strong>ouium</strong></span> <span class='ocrx_word' id='word_1_123' title='bbox 264 1543 403 1577; x_wconf 85' lang='lat' dir='ltr'><strong>habere</strong></span> <span class='ocrx_word' id='word_1_124' title='bbox 421 1543 676 1577; x_wconf 84' lang='lat' dir='ltr'><strong>consuesset.“</strong></span> <span class='ocrx_word' id='word_1_125' title='bbox 698 1543 849 1578; x_wconf 63' lang='lat' dir='ltr'><strong>Pomm.</strong></span> 
     </span>
     <span class='ocr_line' id='line_1_29' title="bbox 121 1590 850 1635; baseline 0.001 -12"><span class='ocrx_word' id='word_1_126' title='bbox 121 1606 167 1613; x_wconf 85' lang='lat'><strong>—-</strong></span> <span class='ocrx_word' id='word_1_127' title='bbox 209 1590 458 1633; x_wconf 67' lang='lat' dir='ltr'><strong>caliendrum]</strong></span> <span class='ocrx_word' id='word_1_128' title='bbox 500 1590 675 1634; x_wconf 80' lang='lat' dir='ltr'><strong>„peplum</strong></span> <span class='ocrx_word' id='word_1_129' title='bbox 715 1590 850 1635; x_wconf 86' lang='lat' dir='ltr'><strong>eapitis</strong></span> 
     </span>
     <span class='ocr_line' id='line_1_30' title="bbox 120 1636 848 1681; baseline 0.001 -12"><span class='ocrx_word' id='word_1_130' title='bbox 120 1638 188 1670; x_wconf 75' lang='lat' dir='ltr'><strong>aut</strong></span> <span class='ocrx_word' id='word_1_131' title='bbox 210 1636 619 1681; x_wconf 85' lang='lat' dir='ltr'><strong>crinis&#39;suppositicius</strong></span> <span class='ocrx_word' id='word_1_132' title='bbox 637 1648 706 1671; x_wconf 88' lang='lat' dir='ltr'><strong>seu</strong></span> <span class='ocrx_word' id='word_1_133' title='bbox 731 1637 848 1681; x_wconf 84' lang='lat' dir='ltr'><strong>capil-</strong></span> 
     </span>
     <span class='ocr_line' id='line_1_31' title="bbox 118 1682 848 1727; baseline 0.001 -10"><span class='ocrx_word' id='word_1_134' title='bbox 118 1682 324 1717; x_wconf 79' lang='lat' dir='ltr'><strong>lamentum</strong></span> <span class='ocrx_word' id='word_1_135' title='bbox 340 1683 523 1727; x_wconf 78' lang='grc' dir='ltr'>(κόσμιον</span> <span class='ocrx_word' id='word_1_136' title='bbox 538 1683 712 1727; x_wconf 81' lang='grc' dir='ltr'><strong><em>κεφαλῆς</em></strong></span> <span class='ocrx_word' id='word_1_137' title='bbox 725 1684 848 1718; x_wconf 84' lang='lat' dir='ltr'><strong>Gloss.</strong></span> 
     </span>
     <span class='ocr_line' id='line_1_32' title="bbox 118 1729 850 1774; baseline 0.003 -11"><span class='ocrx_word' id='word_1_138' title='bbox 118 1729 285 1773; x_wconf 85' lang='lat' dir='ltr'><strong>Philox.,</strong></span> <span class='ocrx_word' id='word_1_139' title='bbox 316 1732 524 1774; x_wconf 65' lang='lat' dir='ltr'><strong>Fauianae,</strong></span> <span class='ocrx_word' id='word_1_140' title='bbox 548 1733 759 1774; x_wconf 67' lang='lat' dir='ltr'><strong>Perrsscke.)</strong></span> <span class='ocrx_word' id='word_1_141' title='bbox 785 1735 850 1765; x_wconf 83' lang='lat' dir='ltr'><strong>aut</strong></span> 
     </span>
    </p>
   </div>
   <div class='ocr_carea' id='block_1_14' title="bbox 103 1777 847 1823">
    <p class='ocr_par' dir='ltr' id='par_1_14' title="bbox 103 1777 847 1823">
     <span class='ocr_line' id='line_1_33' title="bbox 103 1777 847 1823; baseline 0.004 -14"><span class='ocrx_word' id='word_1_142' title='bbox 103 1777 348 1822; x_wconf 74' lang='lat' dir='ltr'><strong>=galerioulus</strong></span> <span class='ocrx_word' id='word_1_143' title='bbox 361 1778 539 1823; x_wconf 80' lang='lat' dir='ltr'><strong>capitisve</strong></span> <span class='ocrx_word' id='word_1_144' title='bbox 553 1779 847 1812; x_wconf 86' lang='lat' dir='ltr'><strong>ornamentum.“</strong></span> 
     </span>
    </p>
   </div>
   <div class='ocr_carea' id='block_1_15' title="bbox 119 1823 854 2759">
    <p class='ocr_par' dir='ltr' id='par_1_15' title="bbox 119 1823 852 2326">
     <span class='ocr_line' id='line_1_34' title="bbox 121 1823 848 1870; baseline 0.001 -12"><span class='ocrx_word' id='word_1_145' title='bbox 121 1823 250 1858; x_wconf 71' lang='lat'><em>0011.</em></span> <span class='ocrx_word' id='word_1_146' title='bbox 275 1824 396 1864; x_wconf 74' lang='lat' dir='ltr'><strong>Cimo.</strong></span> <span class='ocrx_word' id='word_1_147' title='bbox 419 1844 469 1849; x_wconf 90' lang='lat'><strong>--</strong></span> <span class='ocrx_word' id='word_1_148' title='bbox 490 1826 702 1868; x_wconf 73' lang='lat' dir='ltr'><strong>incantata]</strong></span> <span class='ocrx_word' id='word_1_149' title='bbox 730 1836 848 1870; x_wconf 86' lang='lat' dir='ltr'><strong>„quae</strong></span> 
     </span>
     <span class='ocr_line' id='line_1_35' title="bbox 119 1870 851 1917; baseline 0.004 -13"><span class='ocrx_word' id='word_1_150' title='bbox 119 1870 294 1905; x_wconf 83' lang='lat' dir='ltr'><strong>formulis</strong></span> <span class='ocrx_word' id='word_1_151' title='bbox 309 1872 465 1917; x_wconf 86' lang='lat' dir='ltr'><strong>magicis</strong></span> <span class='ocrx_word' id='word_1_152' title='bbox 490 1872 539 1906; x_wconf 89' lang='lat' dir='ltr'><strong>ad</strong></span> <span class='ocrx_word' id='word_1_153' title='bbox 564 1883 659 1916; x_wconf 89' lang='lat' dir='ltr'><strong>opus</strong></span> <span class='ocrx_word' id='word_1_154' title='bbox 675 1873 747 1906; x_wconf 90' lang='lat' dir='ltr'><strong>hoc</strong></span> <span class='ocrx_word' id='word_1_155' title='bbox 764 1876 851 1917; x_wconf 85' lang='lat' dir='ltr'><strong>apta</strong></span> 
     </span>
     <span class='ocr_line' id='line_1_36' title="bbox 120 1918 849 1962; baseline 0.003 -11"><span class='ocrx_word' id='word_1_156' title='bbox 120 1918 396 1952; x_wconf 60' lang='lat' dir='ltr'><strong>reddiderant*</strong></span> <span class='ocrx_word' id='word_1_157' title='bbox 418 1938 462 1943; x_wconf 85' lang='lat'><strong>-—</strong></span> <span class='ocrx_word' id='word_1_158' title='bbox 482 1919 651 1962; x_wconf 74' lang='lat' dir='ltr'><strong>Vincula]</strong></span> <span class='ocrx_word' id='word_1_159' title='bbox 679 1921 849 1962; x_wconf 84' lang='lat' dir='ltr'><strong>„amoris,</strong></span> 
     </span>
     <span class='ocr_line' id='line_1_37' title="bbox 121 1964 848 2011; baseline 0.003 -13"><span class='ocrx_word' id='word_1_160' title='bbox 121 1964 211 1998; x_wconf 89' lang='lat' dir='ltr'><strong>licia</strong></span> <span class='ocrx_word' id='word_1_161' title='bbox 235 1975 281 1999; x_wconf 85' lang='lat' dir='ltr'><strong>ex</strong></span> <span class='ocrx_word' id='word_1_162' title='bbox 303 1965 464 2000; x_wconf 81' lang='lat' dir='ltr'><strong>diversis</strong></span> <span class='ocrx_word' id='word_1_163' title='bbox 483 1966 685 2007; x_wconf 88' lang='lat' dir='ltr'><strong>coloribus,</strong></span> <span class='ocrx_word' id='word_1_164' title='bbox 710 1967 848 2011; x_wconf 90' lang='lat' dir='ltr'><strong>quibus</strong></span> 
     </span>
     <span class='ocr_line' id='line_1_38' title="bbox 119 2013 848 2047; baseline 0.003 -2"><span class='ocrx_word' id='word_1_165' title='bbox 119 2014 264 2046; x_wconf 84' lang='lat' dir='ltr'><strong>mentes</strong></span> <span class='ocrx_word' id='word_1_166' title='bbox 332 2013 526 2046; x_wconf 83' lang='lat' dir='ltr'><strong>hominum</strong></span> <span class='ocrx_word' id='word_1_167' title='bbox 589 2014 816 2047; x_wconf 72' lang='lat' dir='ltr'><strong>vinciebant.</strong></span> <span class='ocrx_word' id='word_1_168' title='bbox 830 2015 848 2032; x_wconf 75' lang='lat'><strong>‘⁶</strong></span> 
     </span>
     <span class='ocr_line' id='line_1_39' title="bbox 123 2057 848 2102; baseline 0.004 -11"><span class='ocrx_word' id='word_1_169' title='bbox 123 2057 252 2092; x_wconf 71' lang='lat' dir='ltr'><strong>Con.</strong></span> <span class='ocrx_word' id='word_1_170' title='bbox 277 2059 399 2098; x_wconf 78' lang='lat' dir='ltr'>ORUQ.</span> <span class='ocrx_word' id='word_1_171' title='bbox 432 2059 528 2093; x_wconf 84' lang='lat' dir='ltr'><strong>Sunt</strong></span> <span class='ocrx_word' id='word_1_172' title='bbox 551 2060 640 2093; x_wconf 89' lang='lat' dir='ltr'><strong>nodi</strong></span> <span class='ocrx_word' id='word_1_173' title='bbox 666 2061 848 2102; x_wconf 87' lang='lat' dir='ltr'><strong>amatorii,</strong></span> 
     </span>
     <span class='ocr_line' id='line_1_40' title="bbox 122 2106 850 2149; baseline 0.004 -12"><span class='ocrx_word' id='word_1_174' title='bbox 122 2106 478 2149; x_wconf 74' lang='lat' dir='ltr'><strong>Liebesknoten,</strong></span> <span class='ocrx_word' id='word_1_175' title='bbox 539 2109 850 2140; x_wconf 76' lang='lat' dir='ltr'><strong>verzauberte</strong></span> 
     </span>
     <span class='ocr_line' id='line_1_41' title="bbox 123 2152 850 2197; baseline 0.004 -13"><span class='ocrx_word' id='word_1_176' title='bbox 123 2153 327 2185; x_wconf 72' lang='lat' dir='ltr'><strong>Nesteln.</strong></span> <span class='ocrx_word' id='word_1_177' title='bbox 351 2152 456 2197; x_wconf 83' lang='lat' dir='ltr'><strong>Virg.</strong></span> <span class='ocrx_word' id='word_1_178' title='bbox 482 2153 561 2186; x_wconf 83' lang='lat' dir='ltr'><strong>Ecl.</strong></span> <span class='ocrx_word' id='word_1_179' title='bbox 580 2155 614 2195; x_wconf 88' lang='lat'><strong>8,</strong></span> <span class='ocrx_word' id='word_1_180' title='bbox 641 2155 704 2187; x_wconf 78' lang='lat'><strong>73:</strong></span> <span class='ocrx_word' id='word_1_181' title='bbox 731 2156 850 2187; x_wconf 74' lang='lat' dir='ltr'><strong>Ter-na</strong></span> 
     </span>
     <span class='ocr_line' id='line_1_42' title="bbox 124 2198 850 2244; baseline 0.006 -14"><span class='ocrx_word' id='word_1_182' title='bbox 124 2199 190 2231; x_wconf 73' lang='lat' dir='ltr'><strong>ubi</strong></span> <span class='ocrx_word' id='word_1_183' title='bbox 224 2198 400 2243; x_wconf 87' lang='lat' dir='ltr'><strong>(imagini</strong></span> <span class='ocrx_word' id='word_1_184' title='bbox 432 2200 620 2244; x_wconf 81' lang='lat' dir='ltr'><strong>magicae)</strong></span> <span class='ocrx_word' id='word_1_185' title='bbox 657 2202 745 2233; x_wconf 79' lang='lat' dir='ltr'><strong>haec</strong></span> <span class='ocrx_word' id='word_1_186' title='bbox 774 2203 850 2242; x_wconf 76' lang='lat' dir='ltr'><strong>pri-</strong></span> 
     </span>
     <span class='ocr_line' id='line_1_43' title="bbox 122 2247 852 2287; baseline 0.005 -10"><span class='ocrx_word' id='word_1_187' title='bbox 122 2253 223 2278; x_wconf 79' lang='lat' dir='ltr'><strong>mum</strong></span> <span class='ocrx_word' id='word_1_188' title='bbox 254 2247 390 2287; x_wconf 62' lang='lat' dir='ltr'><strong>triplici</strong></span> <span class='ocrx_word' id='word_1_189' title='bbox 421 2248 567 2280; x_wconf 78' lang='lat' dir='ltr'><strong>diversa</strong></span> <span class='ocrx_word' id='word_1_190' title='bbox 600 2247 719 2280; x_wconf 81' lang='lat' dir='ltr'><strong>colore</strong></span> <span class='ocrx_word' id='word_1_191' title='bbox 752 2249 852 2281; x_wconf 82' lang='lat' dir='ltr'><strong>Licia</strong></span> 
     </span>
     <span class='ocr_line' id='line_1_44' title="bbox 125 2293 319 2326; baseline 0.005 -1"><span class='ocrx_word' id='word_1_192' title='bbox 125 2293 319 2326; x_wconf 76' lang='lat' dir='ltr'><strong>circumdo.</strong></span> 
     </span>
    </p>

    <p class='ocr_par' dir='ltr' id='par_1_16' title="bbox 124 2338 854 2759">
     <span class='ocr_line' id='line_1_45' title="bbox 170 2338 851 2385; baseline 0.004 -13"><span class='ocrx_word' id='word_1_193' title='bbox 170 2338 236 2372; x_wconf 86' lang='lat' dir='ltr'><strong>IX.</strong></span> <span class='ocrx_word' id='word_1_194' title='bbox 269 2339 444 2384; x_wconf 81' lang='lat' dir='ltr'><strong>Volgaris</strong></span> <span class='ocrx_word' id='word_1_195' title='bbox 478 2340 627 2384; x_wconf 88' lang='lat' dir='ltr'><strong>opinio,</strong></span> <span class='ocrx_word' id='word_1_196' title='bbox 661 2352 736 2385; x_wconf 89' lang='lat' dir='ltr'><strong>qua</strong></span> <span class='ocrx_word' id='word_1_197' title='bbox 760 2342 851 2375; x_wconf 90' lang='lat' dir='ltr'><strong>haec</strong></span> 
     </span>
     <span class='ocr_line' id='line_1_46' title="bbox 125 2386 852 2432; baseline 0.003 -13"><span class='ocrx_word' id='word_1_198' title='bbox 125 2386 251 2428; x_wconf 83' lang='lat' dir='ltr'><strong>satira,</strong></span> <span class='ocrx_word' id='word_1_199' title='bbox 276 2387 352 2420; x_wconf 80' lang='lat' dir='ltr'><strong>sive</strong></span> <span class='ocrx_word' id='word_1_200' title='bbox 378 2387 513 2420; x_wconf 90' lang='lat' dir='ltr'><strong>mimus</strong></span> <span class='ocrx_word' id='word_1_201' title='bbox 540 2390 596 2421; x_wconf 83' lang='lat' dir='ltr'><strong>est</strong></span> <span class='ocrx_word' id='word_1_202' title='bbox 621 2398 666 2421; x_wconf 83' lang='lat' dir='ltr'><strong>ex</strong></span> <span class='ocrx_word' id='word_1_203' title='bbox 691 2387 852 2432; x_wconf 87' lang='lat' dir='ltr'><strong>Sophro-</strong></span> 
     </span>
     <span class='ocr_line' id='line_1_47' title="bbox 124 2433 852 2478; baseline 0.005 -13"><span class='ocrx_word' id='word_1_204' title='bbox 124 2433 184 2465; x_wconf 88' lang='lat' dir='ltr'><strong>nis</strong></span> <span class='ocrx_word' id='word_1_205' title='bbox 209 2443 366 2477; x_wconf 86' lang='lat' dir='ltr'><strong>genere,</strong></span> <span class='ocrx_word' id='word_1_206' title='bbox 391 2434 535 2478; x_wconf 86' lang='lat' dir='ltr'><strong>garruli</strong></span> <span class='ocrx_word' id='word_1_207' title='bbox 559 2434 852 2478; x_wconf 77' lang='lat' dir='ltr'><strong>descriptionem</strong></span> 
     </span>
     <span class='ocr_line' id='line_1_48' title="bbox 126 2480 852 2525; baseline 0.007 -14"><span class='ocrx_word' id='word_1_208' title='bbox 126 2480 321 2513; x_wconf 82' lang='lat' dir='ltr'><strong>continere</strong></span> <span class='ocrx_word' id='word_1_209' title='bbox 341 2483 508 2524; x_wconf 61' lang='lat' dir='ltr'><strong>putator,</strong></span> <span class='ocrx_word' id='word_1_210' title='bbox 532 2482 667 2525; x_wconf 89' lang='lat' dir='ltr'><strong>procul</strong></span> <span class='ocrx_word' id='word_1_211' title='bbox 691 2481 805 2516; x_wconf 90' lang='lat' dir='ltr'><strong>dubio</strong></span> <span class='ocrx_word' id='word_1_212' title='bbox 832 2494 852 2516; x_wconf 96' lang='lat' dir='ltr'><strong>e</strong></span> 
     </span>
     <span class='ocr_line' id='line_1_49' title="bbox 125 2525 854 2563; baseline 0.005 -5"><span class='ocrx_word' id='word_1_213' title='bbox 125 2525 223 2559; x_wconf 88' lang='lat' dir='ltr'><strong>male</strong></span> <span class='ocrx_word' id='word_1_214' title='bbox 240 2526 433 2560; x_wconf 86' lang='lat' dir='ltr'><strong>intellecto</strong></span> <span class='ocrx_word' id='word_1_215' title='bbox 450 2538 483 2560; x_wconf 80' lang='lat' dir='ltr'><strong>v.</strong></span> <span class='ocrx_word' id='word_1_216' title='bbox 501 2530 557 2561; x_wconf 86' lang='lat'><strong>33.</strong></span> <span class='ocrx_word' id='word_1_217' title='bbox 576 2532 658 2562; x_wconf 87' lang='lat' dir='ltr'><strong>orta</strong></span> <span class='ocrx_word' id='word_1_218' title='bbox 676 2531 742 2562; x_wconf 88' lang='lat' dir='ltr'><strong>est.</strong></span> <span class='ocrx_word' id='word_1_219' title='bbox 760 2529 854 2563; x_wconf 81' lang='lat' dir='ltr'><strong>Nam</strong></span> 
     </span>
     <span class='ocr_line' id='line_1_50' title="bbox 124 2572 854 2619; baseline 0.007 -14"><span class='ocrx_word' id='word_1_220' title='bbox 124 2572 257 2606; x_wconf 88' lang='lat' dir='ltr'><strong>lectori</strong></span> <span class='ocrx_word' id='word_1_221' title='bbox 297 2574 443 2619; x_wconf 86' lang='lat' dir='ltr'><strong>integro</strong></span> <span class='ocrx_word' id='word_1_222' title='bbox 485 2575 664 2609; x_wconf 88' lang='lat' dir='ltr'><strong>continuo</strong></span> <span class='ocrx_word' id='word_1_223' title='bbox 700 2577 854 2619; x_wconf 80' lang='lat' dir='ltr'><strong>patebit,</strong></span> 
     </span>
     <span class='ocr_line' id='line_1_51' title="bbox 125 2618 852 2669; baseline 0.006 -17"><span class='ocrx_word' id='word_1_224' title='bbox 125 2618 189 2652; x_wconf 87' lang='lat' dir='ltr'><strong>hic</strong></span> <span class='ocrx_word' id='word_1_225' title='bbox 205 2630 282 2653; x_wconf 88' lang='lat' dir='ltr'><strong>non</strong></span> <span class='ocrx_word' id='word_1_226' title='bbox 295 2621 439 2665; x_wconf 86' lang='lat' dir='ltr'><strong>garruli</strong></span> <span class='ocrx_word' id='word_1_227' title='bbox 454 2623 676 2669; x_wconf 73' lang='grc' dir='ltr'><em>χαρακτῆρα</em></span> <span class='ocrx_word' id='word_1_228' title='bbox 689 2623 852 2668; x_wconf 83' lang='lat' dir='ltr'><strong>depingi,</strong></span> 
     </span>
     <span class='ocr_line' id='line_1_52' title="bbox 129 2666 853 2713; baseline 0.008 -15"><span class='ocrx_word' id='word_1_229' title='bbox 129 2666 273 2709; x_wconf 82' lang='lat' dir='ltr'><strong>qualis,</strong></span> <span class='ocrx_word' id='word_1_230' title='bbox 306 2670 349 2700; x_wconf 83' lang='lat' dir='ltr'><strong>ut</strong></span> <span class='ocrx_word' id='word_1_231' title='bbox 371 2668 442 2702; x_wconf 86' lang='lat' dir='ltr'><strong>hoc</strong></span> <span class='ocrx_word' id='word_1_232' title='bbox 472 2672 576 2710; x_wconf 83' lang='lat' dir='ltr'><strong>utar,</strong></span> <span class='ocrx_word' id='word_1_233' title='bbox 610 2669 709 2713; x_wconf 83' lang='lat' dir='ltr'><strong>apud</strong></span> <span class='ocrx_word' id='word_1_234' title='bbox 734 2669 853 2704; x_wconf 86' lang='lat' dir='ltr'><strong>Theo-</strong></span> 
     </span>
     <span class='ocr_line' id='line_1_53' title="bbox 127 2713 854 2759; baseline 0.007 -14"><span class='ocrx_word' id='word_1_235' title='bbox 127 2713 322 2755; x_wconf 87' lang='lat' dir='ltr'><strong>phrastum</strong></span> <span class='ocrx_word' id='word_1_236' title='bbox 358 2714 490 2756; x_wconf 85' lang='lat' dir='ltr'><strong>(Char.</strong></span> <span class='ocrx_word' id='word_1_237' title='bbox 529 2717 576 2758; x_wconf 86' lang='lat'><strong>3.)</strong></span> <span class='ocrx_word' id='word_1_238' title='bbox 614 2716 854 2759; x_wconf 75' lang='lat' dir='ltr'><strong>describitur,</strong></span> 
     </span>
    </p>
   </div>
   <div class='ocr_carea' id='block_1_16' title="bbox 890 885 1629 2767">
    <p class='ocr_par' dir='ltr' id='par_1_17' title="bbox 890 885 1629 2767">
     <span class='ocr_line' id='line_1_54' title="bbox 890 885 1625 931; baseline 0.003 -12"><span class='ocrx_word' id='word_1_239' title='bbox 890 886 959 920; x_wconf 68' lang='lat' dir='ltr'><strong>&#39;sed</strong></span> <span class='ocrx_word' id='word_1_240' title='bbox 983 887 1110 930; x_wconf 88' lang='lat' dir='ltr'><strong>potius</strong></span> <span class='ocrx_word' id='word_1_241' title='bbox 1144 885 1183 920; x_wconf 92' lang='lat' dir='ltr'><strong>id</strong></span> <span class='ocrx_word' id='word_1_242' title='bbox 1209 886 1281 920; x_wconf 91' lang='lat' dir='ltr'><strong>sibi</strong></span> <span class='ocrx_word' id='word_1_243' title='bbox 1314 888 1465 931; x_wconf 69' lang='lat' dir='ltr'><strong>poetam</strong></span> <span class='ocrx_word' id='word_1_244' title='bbox 1489 897 1625 931; x_wconf 86' lang='lat' dir='ltr'><strong>propo-</strong></span> 
     </span>
     <span class='ocr_line' id='line_1_55' title="bbox 894 934 1624 976; baseline 0.001 -9"><span class='ocrx_word' id='word_1_245' title='bbox 894 934 1026 976; x_wconf 86' lang='lat' dir='ltr'><strong>suisse,</strong></span> <span class='ocrx_word' id='word_1_246' title='bbox 1053 934 1130 967; x_wconf 77' lang='lat' dir='ltr'><strong>sive</strong></span> <span class='ocrx_word' id='word_1_247' title='bbox 1147 944 1273 968; x_wconf 79' lang='lat' dir='ltr'><strong>veram</strong></span> <span class='ocrx_word' id='word_1_248' title='bbox 1290 944 1370 967; x_wconf 89' lang='lat' dir='ltr'><strong>rem</strong></span> <span class='ocrx_word' id='word_1_249' title='bbox 1395 937 1524 968; x_wconf 82' lang='lat' dir='ltr'><strong>narrat</strong></span> <span class='ocrx_word' id='word_1_250' title='bbox 1547 934 1624 968; x_wconf 81' lang='lat' dir='ltr'><strong>sive</strong></span> 
     </span>
     <span class='ocr_line' id='line_1_56' title="bbox 893 979 1624 1025; baseline 0 -11"><span class='ocrx_word' id='word_1_251' title='bbox 893 979 1029 1022; x_wconf 82' lang='lat' dir='ltr'><strong>fictam,</strong></span> <span class='ocrx_word' id='word_1_252' title='bbox 1053 984 1096 1014; x_wconf 83' lang='lat' dir='ltr'><strong>ut</strong></span> <span class='ocrx_word' id='word_1_253' title='bbox 1113 984 1236 1015; x_wconf 86' lang='lat' dir='ltr'><strong>certos</strong></span> <span class='ocrx_word' id='word_1_254' title='bbox 1254 981 1435 1025; x_wconf 89' lang='lat' dir='ltr'><strong>quosdam</strong></span> <span class='ocrx_word' id='word_1_255' title='bbox 1453 981 1624 1015; x_wconf 84' lang='lat' dir='ltr'><strong>homines</strong></span> 
     </span>
     <span class='ocr_line' id='line_1_57' title="bbox 894 1027 1623 1072; baseline 0.001 -11"><span class='ocrx_word' id='word_1_256' title='bbox 894 1027 1083 1061; x_wconf 82' lang='lat' dir='ltr'><strong>derideret</strong></span> <span class='ocrx_word' id='word_1_257' title='bbox 1106 1030 1220 1072; x_wconf 88' lang='lat' dir='ltr'><strong>atque</strong></span> <span class='ocrx_word' id='word_1_258' title='bbox 1252 1029 1293 1061; x_wconf 89' lang='lat' dir='ltr'><strong>in</strong></span> <span class='ocrx_word' id='word_1_259' title='bbox 1318 1030 1511 1072; x_wconf 90' lang='lat' dir='ltr'><strong>posterum</strong></span> <span class='ocrx_word' id='word_1_260' title='bbox 1537 1038 1559 1061; x_wconf 83' lang='lat' dir='ltr'><strong>a</strong></span> <span class='ocrx_word' id='word_1_261' title='bbox 1584 1039 1623 1062; x_wconf 89' lang='lat' dir='ltr'><strong>se</strong></span> 
     </span>
     <span class='ocr_line' id='line_1_58' title="bbox 894 1074 1625 1121; baseline 0.003 -13"><span class='ocrx_word' id='word_1_262' title='bbox 894 1075 1074 1120; x_wconf 77' lang='lat' dir='ltr'><strong>abigeret,</strong></span> <span class='ocrx_word' id='word_1_263' title='bbox 1100 1076 1165 1120; x_wconf 90' lang='lat' dir='ltr'><strong>qui</strong></span> <span class='ocrx_word' id='word_1_264' title='bbox 1188 1074 1319 1109; x_wconf 86' lang='lat' dir='ltr'><strong>iudicii</strong></span> <span class='ocrx_word' id='word_1_265' title='bbox 1344 1075 1569 1121; x_wconf 74' lang='lat' dir='ltr'><strong>elegantiam</strong></span> <span class='ocrx_word' id='word_1_266' title='bbox 1587 1079 1625 1110; x_wconf 84' lang='lat' dir='ltr'><strong>et</strong></span> 
     </span>
     <span class='ocr_line' id='line_1_59' title="bbox 894 1122 1624 1166; baseline 0.001 -10"><span class='ocrx_word' id='word_1_267' title='bbox 894 1122 1079 1166; x_wconf 72' lang='lat' dir='ltr'><strong>poetieam</strong></span> <span class='ocrx_word' id='word_1_268' title='bbox 1134 1122 1350 1156; x_wconf 77' lang='lat' dir='ltr'><strong>facultatem</strong></span> <span class='ocrx_word' id='word_1_269' title='bbox 1408 1122 1624 1157; x_wconf 82' lang='lat' dir='ltr'><strong>affectantes</strong></span> 
     </span>
     <span class='ocr_line' id='line_1_60' title="bbox 893 1169 1624 1215; baseline 0.001 -12"><span class='ocrx_word' id='word_1_270' title='bbox 893 1172 1009 1213; x_wconf 85' lang='lat' dir='ltr'><strong>atque</strong></span> <span class='ocrx_word' id='word_1_271' title='bbox 1042 1170 1251 1214; x_wconf 84' lang='lat' dir='ltr'><strong>exemplum</strong></span> <span class='ocrx_word' id='word_1_272' title='bbox 1276 1169 1428 1215; x_wconf 80' lang='lat' dir='ltr'><strong>Virgilii</strong></span> <span class='ocrx_word' id='word_1_273' title='bbox 1459 1170 1624 1204; x_wconf 85' lang='lat' dir='ltr'><strong>Horatii-</strong></span> 
     </span>
     <span class='ocr_line' id='line_1_61' title="bbox 895 1216 1625 1261; baseline 0.003 -12"><span class='ocrx_word' id='word_1_274' title='bbox 895 1227 969 1261; x_wconf 88' lang='lat' dir='ltr'><strong>que</strong></span> <span class='ocrx_word' id='word_1_275' title='bbox 994 1217 1168 1250; x_wconf 78' lang='lat' dir='ltr'><strong>aemulati</strong></span> <span class='ocrx_word' id='word_1_276' title='bbox 1198 1217 1239 1250; x_wconf 88' lang='lat' dir='ltr'><strong>in</strong></span> <span class='ocrx_word' id='word_1_277' title='bbox 1264 1216 1493 1251; x_wconf 77' lang='lat' dir='ltr'><strong>Maecenatis</strong></span> <span class='ocrx_word' id='word_1_278' title='bbox 1519 1218 1625 1251; x_wconf 82' lang='lat' dir='ltr'><strong>fami-</strong></span> 
     </span>
     <span class='ocr_line' id='line_1_62' title="bbox 894 1263 1625 1312; baseline 0.001 -15"><span class='ocrx_word' id='word_1_279' title='bbox 894 1264 1093 1301; x_wconf 82' lang='lat' dir='ltr'><strong>liaritatem</strong></span> <span class='ocrx_word' id='word_1_280' title='bbox 1119 1274 1159 1297; x_wconf 90' lang='lat' dir='ltr'><strong>se</strong></span> <span class='ocrx_word' id='word_1_281' title='bbox 1183 1263 1378 1312; x_wconf 69' lang='lat' dir='ltr'><strong>intrudere</strong></span> <span class='ocrx_word' id='word_1_282' title='bbox 1397 1269 1625 1298; x_wconf 83' lang='lat' dir='ltr'><strong>conarentur</strong></span> 
     </span>
     <span class='ocr_line' id='line_1_63' title="bbox 897 1311 1625 1355; baseline 0.003 -12"><span class='ocrx_word' id='word_1_283' title='bbox 897 1313 945 1352; x_wconf 83' lang='lat' dir='ltr'><strong>et,</strong></span> <span class='ocrx_word' id='word_1_284' title='bbox 969 1321 1044 1354; x_wconf 89' lang='lat' dir='ltr'><strong>quo</strong></span> <span class='ocrx_word' id='word_1_285' title='bbox 1070 1311 1211 1344; x_wconf 90' lang='lat' dir='ltr'><strong>certius</strong></span> <span class='ocrx_word' id='word_1_286' title='bbox 1228 1311 1299 1344; x_wconf 89' lang='lat' dir='ltr'><strong>hoc</strong></span> <span class='ocrx_word' id='word_1_287' title='bbox 1316 1315 1625 1355; x_wconf 79' lang='lat' dir='ltr'><strong>assequerentur,</strong></span> 
     </span>
     <span class='ocr_line' id='line_1_64' title="bbox 897 1357 1626 1402; baseline 0.004 -12"><span class='ocrx_word' id='word_1_288' title='bbox 897 1358 979 1391; x_wconf 87' lang='lat' dir='ltr'><strong>sine</strong></span> <span class='ocrx_word' id='word_1_289' title='bbox 997 1357 1074 1390; x_wconf 88' lang='lat' dir='ltr'><strong>ullo</strong></span> <span class='ocrx_word' id='word_1_290' title='bbox 1091 1357 1236 1402; x_wconf 90' lang='lat' dir='ltr'><strong>pudore</strong></span> <span class='ocrx_word' id='word_1_291' title='bbox 1254 1357 1426 1402; x_wconf 85' lang='lat' dir='ltr'><strong>nihilque</strong></span> <span class='ocrx_word' id='word_1_292' title='bbox 1442 1362 1626 1401; x_wconf 83' lang='lat' dir='ltr'><strong>verentes,</strong></span> 
     </span>
     <span class='ocr_line' id='line_1_65' title="bbox 897 1404 1626 1439; baseline 0.003 -2"><span class='ocrx_word' id='word_1_293' title='bbox 897 1415 945 1437; x_wconf 91' lang='lat' dir='ltr'><strong>ne</strong></span> <span class='ocrx_word' id='word_1_294' title='bbox 969 1404 1082 1438; x_wconf 79' lang='lat' dir='ltr'><strong>vilem</strong></span> <span class='ocrx_word' id='word_1_295' title='bbox 1114 1415 1222 1438; x_wconf 89' lang='lat' dir='ltr'><strong>suum</strong></span> <span class='ocrx_word' id='word_1_296' title='bbox 1256 1408 1294 1438; x_wconf 89' lang='lat' dir='ltr'><strong>et</strong></span> <span class='ocrx_word' id='word_1_297' title='bbox 1326 1405 1514 1439; x_wconf 87' lang='lat' dir='ltr'><strong>abiectum</strong></span> <span class='ocrx_word' id='word_1_298' title='bbox 1545 1407 1626 1439; x_wconf 88' lang='lat' dir='ltr'><strong>ani-</strong></span> 
     </span>
     <span class='ocr_line' id='line_1_66' title="bbox 898 1451 1626 1495; baseline 0.004 -11"><span class='ocrx_word' id='word_1_299' title='bbox 898 1461 998 1484; x_wconf 86' lang='lat' dir='ltr'><strong>mum</strong></span> <span class='ocrx_word' id='word_1_300' title='bbox 1033 1451 1255 1495; x_wconf 80' lang='lat' dir='ltr'><strong>proderent,</strong></span> <span class='ocrx_word' id='word_1_301' title='bbox 1293 1452 1468 1486; x_wconf 90' lang='lat' dir='ltr'><strong>omnibus</strong></span> <span class='ocrx_word' id='word_1_302' title='bbox 1504 1453 1626 1487; x_wconf 89' lang='lat' dir='ltr'><strong>modis</strong></span> 
     </span>
     <span class='ocr_line' id='line_1_67' title="bbox 896 1494 1627 1544; baseline 0.005 -14"><span class='ocrx_word' id='word_1_303' title='bbox 896 1494 1043 1531; x_wconf 66' lang='lat' dir='ltr'><strong>Horatii</strong></span> <span class='ocrx_word' id='word_1_304' title='bbox 1067 1499 1267 1532; x_wconf 83' lang='lat' dir='ltr'><strong>amicitiam</strong></span> <span class='ocrx_word' id='word_1_305' title='bbox 1298 1509 1513 1544; x_wconf 82' lang='lat' dir='ltr'><strong>expugnare</strong></span> <span class='ocrx_word' id='word_1_306' title='bbox 1538 1510 1627 1534; x_wconf 84' lang='lat' dir='ltr'><strong>con-</strong></span> 
     </span>
     <span class='ocr_line' id='line_1_68' title="bbox 898 1545 1625 1591; baseline 0.004 -13"><span class='ocrx_word' id='word_1_307' title='bbox 898 1545 1106 1579; x_wconf 86' lang='lat' dir='ltr'><strong>tenderent.</strong></span> <span class='ocrx_word' id='word_1_308' title='bbox 1154 1545 1277 1580; x_wconf 86' lang='lat' dir='ltr'><strong>Hosce</strong></span> <span class='ocrx_word' id='word_1_309' title='bbox 1310 1547 1425 1591; x_wconf 86' lang='lat' dir='ltr'><strong>igitur</strong></span> <span class='ocrx_word' id='word_1_310' title='bbox 1455 1547 1625 1581; x_wconf 86' lang='lat' dir='ltr'><strong>homines</strong></span> 
     </span>
     <span class='ocr_line' id='line_1_69' title="bbox 896 1592 1627 1640; baseline 0.005 -16"><span class='ocrx_word' id='word_1_311' title='bbox 896 1592 992 1626; x_wconf 85' lang='lat' dir='ltr'><strong>male</strong></span> <span class='ocrx_word' id='word_1_312' title='bbox 1017 1592 1169 1627; x_wconf 87' lang='lat' dir='ltr'><strong>sedulos</strong></span> <span class='ocrx_word' id='word_1_313' title='bbox 1186 1595 1325 1635; x_wconf 78' lang='lat' dir='ltr'><strong>monet,</strong></span> <span class='ocrx_word' id='word_1_314' title='bbox 1349 1603 1398 1627; x_wconf 92' lang='lat' dir='ltr'><strong>ne</strong></span> <span class='ocrx_word' id='word_1_315' title='bbox 1424 1594 1545 1628; x_wconf 85' lang='lat' dir='ltr'><strong>solitis</strong></span> <span class='ocrx_word' id='word_1_316' title='bbox 1562 1606 1627 1640; x_wconf 89' lang='lat' dir='ltr'><strong>pa-</strong></span> 
     </span>
     <span class='ocr_line' id='line_1_70' title="bbox 897 1640 1626 1676; baseline 0.005 -4"><span class='ocrx_word' id='word_1_317' title='bbox 897 1640 1096 1672; x_wconf 87' lang='lat' dir='ltr'><strong>rasitorum</strong></span> <span class='ocrx_word' id='word_1_318' title='bbox 1121 1640 1266 1673; x_wconf 85' lang='lat' dir='ltr'><strong>artibus</strong></span> <span class='ocrx_word' id='word_1_319' title='bbox 1284 1651 1323 1674; x_wconf 93' lang='lat' dir='ltr'><strong>se</strong></span> <span class='ocrx_word' id='word_1_320' title='bbox 1340 1641 1381 1674; x_wconf 92' lang='lat' dir='ltr'><strong>in</strong></span> <span class='ocrx_word' id='word_1_321' title='bbox 1398 1640 1626 1676; x_wconf 75' lang='lat' dir='ltr'><strong>Maecenatis</strong></span> 
     </span>
     <span class='ocr_line' id='line_1_71' title="bbox 897 1686 1626 1733; baseline 0.005 -14"><span class='ocrx_word' id='word_1_322' title='bbox 897 1686 1098 1720; x_wconf 83' lang='lat' dir='ltr'><strong>amicitiam</strong></span> <span class='ocrx_word' id='word_1_323' title='bbox 1122 1687 1292 1731; x_wconf 89' lang='lat' dir='ltr'><strong>irrepere</strong></span> <span class='ocrx_word' id='word_1_324' title='bbox 1316 1698 1426 1732; x_wconf 89' lang='lat' dir='ltr'><strong>posse</strong></span> <span class='ocrx_word' id='word_1_325' title='bbox 1453 1693 1626 1733; x_wconf 88' lang='lat' dir='ltr'><strong>sperent;</strong></span> 
     </span>
     <span class='ocr_line' id='line_1_72' title="bbox 899 1734 1627 1778; baseline 0.005 -12"><span class='ocrx_word' id='word_1_326' title='bbox 899 1744 943 1776; x_wconf 78' lang='lat' dir='ltr'><strong>„a</strong></span> <span class='ocrx_word' id='word_1_327' title='bbox 966 1744 1024 1767; x_wconf 91' lang='lat' dir='ltr'><strong>me</strong></span> <span class='ocrx_word' id='word_1_328' title='bbox 1050 1734 1188 1777; x_wconf 87' lang='lat' dir='ltr'><strong>certe“,</strong></span> <span class='ocrx_word' id='word_1_329' title='bbox 1218 1735 1362 1778; x_wconf 82' lang='lat' dir='ltr'><strong>inquit,</strong></span> <span class='ocrx_word' id='word_1_330' title='bbox 1389 1735 1506 1777; x_wconf 81' lang='lat' dir='ltr'><strong>„tales</strong></span> <span class='ocrx_word' id='word_1_331' title='bbox 1531 1747 1627 1770; x_wconf 86' lang='lat' dir='ltr'><strong>nun·</strong></span> 
     </span>
     <span class='ocr_line' id='line_1_73' title="bbox 898 1781 1627 1824; baseline 0.005 -11"><span class='ocrx_word' id='word_1_332' title='bbox 898 1791 1010 1824; x_wconf 87' lang='lat' dir='ltr'><strong>quam</strong></span> <span class='ocrx_word' id='word_1_333' title='bbox 1052 1781 1449 1821; x_wconf 44' lang='lat' dir='ltr'><strong>commendabuntur?</strong></span> <span class='ocrx_word' id='word_1_334' title='bbox 1508 1783 1627 1817; x_wconf 88' lang='lat' dir='ltr'><strong>Simul</strong></span> 
     </span>
     <span class='ocr_line' id='line_1_74' title="bbox 898 1827 1628 1873; baseline 0.005 -13"><span class='ocrx_word' id='word_1_335' title='bbox 898 1827 1034 1861; x_wconf 89' lang='lat' dir='ltr'><strong>callide</strong></span> <span class='ocrx_word' id='word_1_336' title='bbox 1058 1829 1129 1862; x_wconf 87' lang='lat' dir='ltr'><strong>hac</strong></span> <span class='ocrx_word' id='word_1_337' title='bbox 1156 1839 1307 1873; x_wconf 91' lang='lat' dir='ltr'><strong>quoque</strong></span> <span class='ocrx_word' id='word_1_338' title='bbox 1324 1827 1529 1864; x_wconf 65' lang='lat' dir='ltr'><strong>‘occasione</strong></span> <span class='ocrx_word' id='word_1_339' title='bbox 1555 1832 1628 1864; x_wconf 85' lang='lat' dir='ltr'><strong>uti-</strong></span> 
     </span>
     <span class='ocr_line' id='line_1_75' title="bbox 898 1876 1627 1920; baseline 0.005 -12"><span class='ocrx_word' id='word_1_340' title='bbox 898 1877 980 1916; x_wconf 81' lang='lat' dir='ltr'><strong>tur,</strong></span> <span class='ocrx_word' id='word_1_341' title='bbox 1017 1878 1061 1908; x_wconf 83' lang='lat' dir='ltr'><strong>ut</strong></span> <span class='ocrx_word' id='word_1_342' title='bbox 1093 1876 1237 1909; x_wconf 84' lang='lat' dir='ltr'><strong>civibus</strong></span> <span class='ocrx_word' id='word_1_343' title='bbox 1271 1877 1350 1910; x_wconf 87' lang='lat' dir='ltr'><strong>suis</strong></span> <span class='ocrx_word' id='word_1_344' title='bbox 1384 1876 1627 1920; x_wconf 81' lang='lat' dir='ltr'><strong>demonstret,</strong></span> 
     </span>
     <span class='ocr_line' id='line_1_76' title="bbox 898 1922 1627 1966; baseline 0.007 -12"><span class='ocrx_word' id='word_1_345' title='bbox 898 1922 1021 1966; x_wconf 90' lang='lat' dir='ltr'><strong>qualis</strong></span> <span class='ocrx_word' id='word_1_346' title='bbox 1039 1922 1111 1956; x_wconf 89' lang='lat' dir='ltr'><strong>sibi</strong></span> <span class='ocrx_word' id='word_1_347' title='bbox 1128 1923 1363 1957; x_wconf 84' lang='lat' dir='ltr'><strong>familiaritas</strong></span> <span class='ocrx_word' id='word_1_348' title='bbox 1381 1934 1465 1957; x_wconf 89' lang='lat' dir='ltr'><strong>cum</strong></span> <span class='ocrx_word' id='word_1_349' title='bbox 1481 1924 1627 1959; x_wconf 76' lang='lat' dir='ltr'><strong>Maece—</strong></span> 
     </span>
     <span class='ocr_line' id='line_1_77' title="bbox 898 1970 1628 2017; baseline 0.005 -15"><span class='ocrx_word' id='word_1_350' title='bbox 898 1971 985 2002; x_wconf 86' lang='lat' dir='ltr'><strong>nate</strong></span> <span class='ocrx_word' id='word_1_351' title='bbox 1001 1970 1212 2003; x_wconf 82' lang='lat' dir='ltr'><strong>intercedat</strong></span> <span class='ocrx_word' id='word_1_352' title='bbox 1228 1981 1251 2004; x_wconf 89' lang='lat' dir='ltr'><strong>a</strong></span> <span class='ocrx_word' id='word_1_353' title='bbox 1265 1970 1439 2014; x_wconf 84' lang='lat' dir='ltr'><strong>plurimis</strong></span> <span class='ocrx_word' id='word_1_354' title='bbox 1456 1972 1628 2017; x_wconf 84' lang='lat' dir='ltr'><strong>ignorata</strong></span> 
     </span>
     <span class='ocr_line' id='line_1_78' title="bbox 897 2016 1627 2062; baseline 0.007 -14"><span class='ocrx_word' id='word_1_355' title='bbox 897 2018 964 2049; x_wconf 86' lang='lat' dir='ltr'><strong>aut</strong></span> <span class='ocrx_word' id='word_1_356' title='bbox 979 2016 1075 2050; x_wconf 85' lang='lat' dir='ltr'><strong>male</strong></span> <span class='ocrx_word' id='word_1_357' title='bbox 1093 2017 1270 2059; x_wconf 81' lang='lat' dir='ltr'><strong>iudicata,</strong></span> <span class='ocrx_word' id='word_1_358' title='bbox 1285 2021 1398 2062; x_wconf 87' lang='lat' dir='ltr'><strong>atque</strong></span> <span class='ocrx_word' id='word_1_359' title='bbox 1417 2020 1627 2053; x_wconf 84' lang='lat' dir='ltr'><strong>cuiusmodi</strong></span> 
     </span>
     <span class='ocr_line' id='line_1_79' title="bbox 898 2063 1626 2108; baseline 0.007 -13"><span class='ocrx_word' id='word_1_360' title='bbox 898 2073 1019 2096; x_wconf 86' lang='lat' dir='ltr'><strong>mores</strong></span> <span class='ocrx_word' id='word_1_361' title='bbox 1031 2063 1089 2096; x_wconf 91' lang='lat' dir='ltr'><strong>illi</strong></span> <span class='ocrx_word' id='word_1_362' title='bbox 1102 2064 1285 2108; x_wconf 82' lang='lat' dir='ltr'><strong>placeant.</strong></span> <span class='ocrx_word' id='word_1_363' title='bbox 1302 2064 1444 2098; x_wconf 69' lang='lat' dir='ltr'>HEIXD.</span> <span class='ocrx_word' id='word_1_364' title='bbox 1459 2070 1496 2099; x_wconf 89' lang='lat' dir='ltr'><strong>et</strong></span> <span class='ocrx_word' id='word_1_365' title='bbox 1509 2066 1626 2100; x_wconf 77' lang='lat' dir='ltr'><strong>ZELL.</strong></span> 
     </span>
     <span class='ocr_line' id='line_1_80' title="bbox 899 2109 1627 2147; baseline 0.007 -5"><span class='ocrx_word' id='word_1_366' title='bbox 899 2109 995 2143; x_wconf 86' lang='lat' dir='ltr'><strong>Sane</strong></span> <span class='ocrx_word' id='word_1_367' title='bbox 1032 2121 1109 2143; x_wconf 91' lang='lat' dir='ltr'><strong>non</strong></span> <span class='ocrx_word' id='word_1_368' title='bbox 1150 2111 1275 2144; x_wconf 88' lang='lat' dir='ltr'><strong>minus</strong></span> <span class='ocrx_word' id='word_1_369' title='bbox 1314 2111 1434 2146; x_wconf 90' lang='lat' dir='ltr'><strong>odiosi</strong></span> <span class='ocrx_word' id='word_1_370' title='bbox 1469 2113 1627 2147; x_wconf 84' lang='lat' dir='ltr'><strong>Horatio</strong></span> 
     </span>
     <span class='ocr_line' id='line_1_81' title="bbox 899 2156 1628 2194; baseline 0.007 -5"><span class='ocrx_word' id='word_1_371' title='bbox 899 2167 981 2190; x_wconf 89' lang='lat' dir='ltr'><strong>esse</strong></span> <span class='ocrx_word' id='word_1_372' title='bbox 1007 2156 1195 2190; x_wconf 85' lang='lat' dir='ltr'><strong>debebant</strong></span> <span class='ocrx_word' id='word_1_373' title='bbox 1216 2159 1475 2192; x_wconf 86' lang='lat' dir='ltr'><strong>huiuscemodi</strong></span> <span class='ocrx_word' id='word_1_374' title='bbox 1500 2171 1628 2194; x_wconf 89' lang='lat' dir='ltr'><strong>assen-</strong></span> 
     </span>
     <span class='ocr_line' id='line_1_82' title="bbox 899 2205 1628 2248; baseline 0.008 -12"><span class='ocrx_word' id='word_1_375' title='bbox 899 2205 1051 2245; x_wconf 83' lang='lat' dir='ltr'><strong>tatores,</strong></span> <span class='ocrx_word' id='word_1_376' title='bbox 1076 2205 1142 2248; x_wconf 87' lang='lat' dir='ltr'><strong>qui</strong></span> <span class='ocrx_word' id='word_1_377' title='bbox 1168 2205 1248 2238; x_wconf 88' lang='lat' dir='ltr'><strong>eius</strong></span> <span class='ocrx_word' id='word_1_378' title='bbox 1274 2206 1413 2239; x_wconf 85' lang='lat' dir='ltr'><strong>auxilio</strong></span> <span class='ocrx_word' id='word_1_379' title='bbox 1430 2206 1628 2241; x_wconf 79' lang='lat' dir='ltr'><strong>Maecena-</strong></span> 
     </span>
     <span class='ocr_line' id='line_1_83' title="bbox 899 2250 1628 2297; baseline 0.01 -15"><span class='ocrx_word' id='word_1_380' title='bbox 899 2250 948 2283; x_wconf 85' lang='lat' dir='ltr'><strong>tis</strong></span> <span class='ocrx_word' id='word_1_381' title='bbox 973 2250 1138 2284; x_wconf 76' lang='lat' dir='ltr'><strong>favorem</strong></span> <span class='ocrx_word' id='word_1_382' title='bbox 1171 2253 1352 2296; x_wconf 87' lang='lat' dir='ltr'><strong>aucupari</strong></span> <span class='ocrx_word' id='word_1_383' title='bbox 1382 2254 1628 2297; x_wconf 86' lang='lat' dir='ltr'><strong>conabantur,</strong></span> 
     </span>
     <span class='ocr_line' id='line_1_84' title="bbox 901 2297 1629 2340; baseline 0.01 -11"><span class='ocrx_word' id='word_1_384' title='bbox 901 2307 1013 2340; x_wconf 89' lang='lat' dir='ltr'><strong>quam</strong></span> <span class='ocrx_word' id='word_1_385' title='bbox 1037 2297 1156 2331; x_wconf 83' lang='lat' dir='ltr'><strong>invidi</strong></span> <span class='ocrx_word' id='word_1_386' title='bbox 1181 2309 1225 2332; x_wconf 90' lang='lat' dir='ltr'><strong>ac</strong></span> <span class='ocrx_word' id='word_1_387' title='bbox 1249 2299 1423 2333; x_wconf 79' lang='lat' dir='ltr'><strong>malevoli</strong></span> <span class='ocrx_word' id='word_1_388' title='bbox 1449 2302 1507 2335; x_wconf 88' lang='lat' dir='ltr'><strong>illi</strong></span> <span class='ocrx_word' id='word_1_389' title='bbox 1532 2303 1629 2335; x_wconf 86' lang='lat' dir='ltr'><strong>anti-</strong></span> 
     </span>
     <span class='ocr_line' id='line_1_85' title="bbox 901 2345 1628 2393; baseline 0.01 -17"><span class='ocrx_word' id='word_1_390' title='bbox 901 2345 1047 2388; x_wconf 88' lang='lat' dir='ltr'><strong>quarii,</strong></span> <span class='ocrx_word' id='word_1_391' title='bbox 1081 2356 1176 2388; x_wconf 88' lang='lat' dir='ltr'><strong>quos</strong></span> <span class='ocrx_word' id='word_1_392' title='bbox 1202 2357 1311 2390; x_wconf 89' lang='lat' dir='ltr'><strong>saepe</strong></span> <span class='ocrx_word' id='word_1_393' title='bbox 1345 2347 1491 2381; x_wconf 83' lang='lat' dir='ltr'><strong>deridet</strong></span> <span class='ocrx_word' id='word_1_394' title='bbox 1515 2352 1628 2393; x_wconf 84' lang='lat' dir='ltr'><strong>atque</strong></span> 
     </span>
     <span class='ocr_line' id='line_1_86' title="bbox 899 2391 1628 2436; baseline 0.01 -13"><span class='ocrx_word' id='word_1_395' title='bbox 899 2391 1105 2436; x_wconf 79' lang='lat' dir='ltr'><strong>impugnat.</strong></span> <span class='ocrx_word' id='word_1_396' title='bbox 1154 2392 1242 2426; x_wconf 85' lang='lat' dir='ltr'><strong>Sine</strong></span> <span class='ocrx_word' id='word_1_397' title='bbox 1275 2403 1387 2427; x_wconf 88' lang='lat' dir='ltr'><strong>causa</strong></span> <span class='ocrx_word' id='word_1_398' title='bbox 1420 2406 1508 2429; x_wconf 82' lang='lat' dir='ltr'><strong>vero</strong></span> <span class='ocrx_word' id='word_1_399' title='bbox 1539 2396 1628 2429; x_wconf 82' lang='lat' dir='ltr'><strong>Vol-</strong></span> 
     </span>
     <span class='ocr_line' id='line_1_87' title="bbox 900 2438 1627 2484; baseline 0.008 -14"><span class='ocrx_word' id='word_1_400' title='bbox 900 2438 985 2481; x_wconf 89' lang='lat' dir='ltr'><strong>pius</strong></span> <span class='ocrx_word' id='word_1_401' title='bbox 1018 2438 1220 2473; x_wconf 80' lang='lat' dir='ltr'><strong>Patavinus</strong></span> <span class='ocrx_word' id='word_1_402' title='bbox 1258 2441 1431 2484; x_wconf 84' lang='lat' dir='ltr'><strong>opinatus</strong></span> <span class='ocrx_word' id='word_1_403' title='bbox 1466 2445 1523 2476; x_wconf 82' lang='lat' dir='ltr'><strong>est</strong></span> <span class='ocrx_word' id='word_1_404' title='bbox 1559 2444 1627 2476; x_wconf 84' lang='lat' dir='ltr'><strong>hae</strong></span> 
     </span>
     <span class='ocr_line' id='line_1_88' title="bbox 902 2485 1627 2531; baseline 0.007 -14"><span class='ocrx_word' id='word_1_405' title='bbox 902 2485 1016 2518; x_wconf 82' lang='lat' dir='ltr'><strong>satira</strong></span> <span class='ocrx_word' id='word_1_406' title='bbox 1055 2485 1218 2520; x_wconf 89' lang='lat' dir='ltr'><strong>derideri</strong></span> <span class='ocrx_word' id='word_1_407' title='bbox 1258 2487 1517 2531; x_wconf 72' lang='lat' dir='ltr'><strong>Propertium3</strong></span> <span class='ocrx_word' id='word_1_408' title='bbox 1559 2491 1627 2522; x_wconf 84' lang='lat' dir='ltr'><strong>etsi</strong></span> 
     </span>
     <span class='ocr_line' id='line_1_89' title="bbox 900 2531 1629 2579; baseline 0.008 -15"><span class='ocrx_word' id='word_1_409' title='bbox 900 2531 1068 2575; x_wconf 86' lang='lat' dir='ltr'><strong>profecto</strong></span> <span class='ocrx_word' id='word_1_410' title='bbox 1100 2533 1237 2566; x_wconf 88' lang='lat' dir='ltr'><strong>mirum</strong></span> <span class='ocrx_word' id='word_1_411' title='bbox 1270 2545 1393 2579; x_wconf 90' lang='lat' dir='ltr'><strong>neque</strong></span> <span class='ocrx_word' id='word_1_412' title='bbox 1426 2536 1536 2569; x_wconf 82' lang='lat' dir='ltr'><strong>facile</strong></span> <span class='ocrx_word' id='word_1_413' title='bbox 1568 2547 1629 2569; x_wconf 83' lang='lat' dir='ltr'><strong>ex-</strong></span> 
     </span>
     <span class='ocr_line' id='line_1_90' title="bbox 900 2578 1629 2626; baseline 0.007 -15"><span class='ocrx_word' id='word_1_414' title='bbox 900 2578 1044 2622; x_wconf 84' lang='lat' dir='ltr'><strong>plicatu</strong></span> <span class='ocrx_word' id='word_1_415' title='bbox 1062 2582 1128 2621; x_wconf 88' lang='lat' dir='ltr'><strong>est,</strong></span> <span class='ocrx_word' id='word_1_416' title='bbox 1154 2590 1221 2613; x_wconf 88' lang='lat' dir='ltr'><strong>cur</strong></span> <span class='ocrx_word' id='word_1_417' title='bbox 1239 2591 1434 2626; x_wconf 86' lang='lat' dir='ltr'><strong>nunquam</strong></span> <span class='ocrx_word' id='word_1_418' title='bbox 1450 2583 1629 2616; x_wconf 80' lang='lat' dir='ltr'><strong>Horatius</strong></span> 
     </span>
     <span class='ocr_line' id='line_1_91' title="bbox 901 2625 1628 2671; baseline 0.007 -13"><span class='ocrx_word' id='word_1_419' title='bbox 901 2625 1099 2669; x_wconf 84' lang='lat' dir='ltr'><strong>Propertii,</strong></span> <span class='ocrx_word' id='word_1_420' title='bbox 1124 2627 1344 2671; x_wconf 80' lang='lat' dir='ltr'><strong>Propertius</strong></span> <span class='ocrx_word' id='word_1_421' title='bbox 1361 2629 1508 2662; x_wconf 85' lang='lat' dir='ltr'><strong>Horatii</strong></span> <span class='ocrx_word' id='word_1_422' title='bbox 1526 2640 1628 2663; x_wconf 86' lang='lat' dir='ltr'><strong>men-</strong></span> 
     </span>
     <span class='ocr_line' id='line_1_92' title="bbox 902 2673 1627 2721; baseline 0.007 -17"><span class='ocrx_word' id='word_1_423' title='bbox 902 2673 1042 2706; x_wconf 88' lang='lat' dir='ltr'><strong>tionem</strong></span> <span class='ocrx_word' id='word_1_424' title='bbox 1059 2673 1201 2715; x_wconf 82' lang='lat' dir='ltr'><strong>fecerit,</strong></span> <span class='ocrx_word' id='word_1_425' title='bbox 1227 2685 1311 2707; x_wconf 88' lang='lat' dir='ltr'><strong>eum</strong></span> <span class='ocrx_word' id='word_1_426' title='bbox 1330 2675 1394 2708; x_wconf 84' lang='lat' dir='ltr'><strong>ille</strong></span> <span class='ocrx_word' id='word_1_427' title='bbox 1411 2676 1627 2721; x_wconf 82' lang='lat' dir='ltr'><strong>Virgilium,</strong></span> 
     </span>
     <span class='ocr_line' id='line_1_93' title="bbox 902 2718 1628 2767; baseline 0.008 -15"><span class='ocrx_word' id='word_1_428' title='bbox 902 2718 1076 2762; x_wconf 82' lang='lat' dir='ltr'><strong>Varium,</strong></span> <span class='ocrx_word' id='word_1_429' title='bbox 1117 2720 1326 2762; x_wconf 85' lang='lat' dir='ltr'><strong>Tibullum,</strong></span> <span class='ocrx_word' id='word_1_430' title='bbox 1368 2722 1461 2756; x_wconf 82' lang='lat' dir='ltr'><strong>alios</strong></span> <span class='ocrx_word' id='word_1_431' title='bbox 1499 2726 1628 2767; x_wconf 71' lang='lat' dir='ltr'><strong>poetas</strong></span> 
     </span>
    </p>
   </div>
  </div>
 </body>
</html>
