<?xml version="1.0" encoding="UTF-8"?>
<!DOCTYPE html PUBLIC "-//W3C//DTD XHTML 1.0 Transitional//EN"
    "http://www.w3.org/TR/xhtml1/DTD/xhtml1-transitional.dtd">
<html xmlns="http://www.w3.org/1999/xhtml" xml:lang="en" lang="en">
 <head>
  <title>
</title>
<meta http-equiv="Content-Type" content="text/html;charset=utf-8" />
  <meta name='ocr-system' content='tesseract 3.04.00' />
  <meta name='ocr-capabilities' content='ocr_page ocr_carea ocr_par ocr_line ocrx_word'/>
</head>
<body>
  <div class='ocr_page' id='page_1' title='image "./qhoratiusflaccus00horauoft_0149.png"; bbox 0 0 1786 2912; ppageno 0'>
   <div class='ocr_carea' id='block_1_1' title="bbox 0 0 126 1044">
    <p class='ocr_par' dir='ltr' id='par_1_1' title="bbox 0 0 126 1044">
     <span class='ocr_line' id='line_1_1' title="bbox 0 0 126 1044; baseline 0 0"><span class='ocrx_word' id='word_1_1' title='bbox 0 0 126 1044; x_wconf 95' lang='lat' dir='ltr'><strong> </strong></span> 
     </span>
    </p>
   </div>
   <div class='ocr_carea' id='block_1_2' title="bbox 0 2309 40 2912">
    <p class='ocr_par' dir='ltr' id='par_1_2' title="bbox 0 2309 40 2912">
     <span class='ocr_line' id='line_1_2' title="bbox 0 2309 40 2912; baseline 0 0"><span class='ocrx_word' id='word_1_2' title='bbox 0 2309 40 2912; x_wconf 95' lang='lat' dir='ltr'><strong> </strong></span> 
     </span>
    </p>
   </div>
   <div class='ocr_carea' id='block_1_3' title="bbox 707 168 1097 204">
    <p class='ocr_par' dir='ltr' id='par_1_3' title="bbox 707 168 1097 204">
     <span class='ocr_line' id='line_1_3' title="bbox 707 168 1097 204; baseline 0 0"><span class='ocrx_word' id='word_1_3' title='bbox 707 169 800 204; x_wconf 80' lang='lat' dir='ltr'><strong>Lm.</strong></span> <span class='ocrx_word' id='word_1_4' title='bbox 823 169 873 204; x_wconf 90' lang='grc' dir='ltr'><strong>Π.</strong></span> <span class='ocrx_word' id='word_1_5' title='bbox 922 168 1026 204; x_wconf 78' lang='lat' dir='ltr'><strong>SA&#39;r.</strong></span> <span class='ocrx_word' id='word_1_6' title='bbox 1048 169 1097 204; x_wconf 88' lang='grc' dir='ltr'><strong>Π.</strong></span> 
     </span>
    </p>
   </div>
   <div class='ocr_carea' id='block_1_4' title="bbox 266 270 892 324">
    <p class='ocr_par' dir='ltr' id='par_1_4' title="bbox 266 270 892 324">
     <span class='ocr_line' id='line_1_4' title="bbox 266 270 892 324; baseline -0.003 -10"><span class='ocrx_word' id='word_1_7' title='bbox 266 270 357 314; x_wconf 82' lang='lat' dir='ltr'><strong>Nec</strong></span> <span class='ocrx_word' id='word_1_8' title='bbox 385 284 507 314; x_wconf 90' lang='lat' dir='ltr'><strong>meus</strong></span> <span class='ocrx_word' id='word_1_9' title='bbox 537 270 607 312; x_wconf 90' lang='lat' dir='ltr'><strong>hic</strong></span> <span class='ocrx_word' id='word_1_10' title='bbox 635 284 777 313; x_wconf 89' lang='lat' dir='ltr'><strong>sermo</strong></span> <span class='ocrx_word' id='word_1_11' title='bbox 808 274 892 324; x_wconf 88' lang='lat' dir='ltr'><strong>est,</strong></span> 
     </span>
    </p>
   </div>
   <div class='ocr_carea' id='block_1_5' title="bbox 925 171 1658 326">
    <p class='ocr_par' dir='ltr' id='par_1_5' title="bbox 925 171 1658 326">
     <span class='ocr_line' id='line_1_5' title="bbox 1579 171 1658 211; baseline 0 0"><span class='ocrx_word' id='word_1_12' title='bbox 1579 171 1658 211; x_wconf 87' lang='lat'><strong>141</strong></span> 
     </span>
     <span class='ocr_line' id='line_1_6' title="bbox 925 269 1564 326; baseline 0 -14"><span class='ocrx_word' id='word_1_13' title='bbox 925 269 1001 313; x_wconf 90' lang='lat' dir='ltr'><strong>sed</strong></span> <span class='ocrx_word' id='word_1_14' title='bbox 1032 284 1141 326; x_wconf 84' lang='lat' dir='ltr'><strong>quae</strong></span> <span class='ocrx_word' id='word_1_15' title='bbox 1171 271 1391 326; x_wconf 89' lang='lat' dir='ltr'><strong>praecepit</strong></span> <span class='ocrx_word' id='word_1_16' title='bbox 1421 269 1564 313; x_wconf 87' lang='lat' dir='ltr'><strong>Ofella</strong></span> 
     </span>
    </p>
   </div>
   <div class='ocr_carea' id='block_1_6' title="bbox 265 340 1660 538">
    <p class='ocr_par' dir='ltr' id='par_1_6' title="bbox 265 340 1660 538">
     <span class='ocr_line' id='line_1_7' title="bbox 265 340 1531 397; baseline 0 -14"><span class='ocrx_word' id='word_1_17' title='bbox 265 340 489 395; x_wconf 82' lang='lat' dir='ltr'>Rusticus,</span> <span class='ocrx_word' id='word_1_18' title='bbox 522 341 739 384; x_wconf 80' lang='lat' dir='ltr'><strong>abnormis</strong></span> <span class='ocrx_word' id='word_1_19' title='bbox 771 341 942 397; x_wconf 89' lang='lat' dir='ltr'><strong>sapiens</strong></span> <span class='ocrx_word' id='word_1_20' title='bbox 974 354 1202 397; x_wconf 86' lang='lat' dir='ltr'><strong>crassaque</strong></span> <span class='ocrx_word' id='word_1_21' title='bbox 1231 340 1443 394; x_wconf 82' lang='lat' dir='ltr'><strong>Minerva,</strong></span> <span class='ocrx_word' id='word_1_22' title='bbox 1478 365 1531 370; x_wconf 98' lang='lat'><strong>—</strong></span> 
     </span>
     <span class='ocr_line' id='line_1_8' title="bbox 266 401 1386 467; baseline -0.001 -13"><span class='ocrx_word' id='word_1_23' title='bbox 266 410 432 454; x_wconf 81' lang='lat' dir='ltr'><strong>Discite</strong></span> <span class='ocrx_word' id='word_1_24' title='bbox 460 425 547 453; x_wconf 92' lang='lat' dir='ltr'><strong>non</strong></span> <span class='ocrx_word' id='word_1_25' title='bbox 577 411 689 453; x_wconf 85' lang='lat' dir='ltr'><strong>inter</strong></span> <span class='ocrx_word' id='word_1_26' title='bbox 718 401 862 453; x_wconf 83' lang='lat' dir='ltr'><strong>lances</strong></span> <span class='ocrx_word' id='word_1_27' title='bbox 894 425 1150 467; x_wconf 78' lang='lat' dir='ltr'><strong>mensasque</strong></span> <span class='ocrx_word' id='word_1_28' title='bbox 1179 412 1386 465; x_wconf 82' lang='lat' dir='ltr'><strong>nitentes,</strong></span> 
     </span>
     <span class='ocr_line' id='line_1_9' title="bbox 267 481 1660 538; baseline 0 -15"><span class='ocrx_word' id='word_1_29' title='bbox 267 481 376 524; x_wconf 89' lang='lat' dir='ltr'><strong>Cum</strong></span> <span class='ocrx_word' id='word_1_30' title='bbox 407 486 552 538; x_wconf 87' lang='lat' dir='ltr'><strong>stupet</strong></span> <span class='ocrx_word' id='word_1_31' title='bbox 582 482 745 524; x_wconf 87' lang='lat' dir='ltr'><strong>insanis</strong></span> <span class='ocrx_word' id='word_1_32' title='bbox 777 483 890 524; x_wconf 88' lang='lat' dir='ltr'><strong>acies</strong></span> <span class='ocrx_word' id='word_1_33' title='bbox 922 481 1158 538; x_wconf 81' lang='lat' dir='ltr'><strong>fulgoribus</strong></span> <span class='ocrx_word' id='word_1_34' title='bbox 1191 486 1235 525; x_wconf 92' lang='lat' dir='ltr'><strong>et</strong></span> <span class='ocrx_word' id='word_1_35' title='bbox 1265 496 1361 524; x_wconf 93' lang='lat' dir='ltr'><strong>cum</strong></span> <span class='ocrx_word' id='word_1_36' title='bbox 1634 482 1660 523; x_wconf 89' lang='lat'>5</span> 
     </span>
    </p>
   </div>
   <div class='ocr_carea' id='block_1_7' title="bbox 264 551 1467 736">
    <p class='ocr_par' dir='ltr' id='par_1_7' title="bbox 264 551 1467 736">
     <span class='ocr_line' id='line_1_10' title="bbox 265 551 1231 606; baseline 0 -12"><span class='ocrx_word' id='word_1_37' title='bbox 265 551 454 594; x_wconf 82' lang='lat' dir='ltr'><strong>Acclinis</strong></span> <span class='ocrx_word' id='word_1_38' title='bbox 486 551 606 594; x_wconf 84' lang='lat' dir='ltr'><strong>falsis</strong></span> <span class='ocrx_word' id='word_1_39' title='bbox 639 553 805 595; x_wconf 85' lang='lat' dir='ltr'><strong>animus</strong></span> <span class='ocrx_word' id='word_1_40' title='bbox 835 553 1014 595; x_wconf 90' lang='lat' dir='ltr'><strong>meliora</strong></span> <span class='ocrx_word' id='word_1_41' title='bbox 1043 556 1231 606; x_wconf 89' lang='lat' dir='ltr'><strong>recusat,</strong></span> 
     </span>
     <span class='ocr_line' id='line_1_11' title="bbox 264 621 1229 679; baseline -0.001 -14"><span class='ocrx_word' id='word_1_42' title='bbox 264 621 427 665; x_wconf 90' lang='lat' dir='ltr'><strong>Verum</strong></span> <span class='ocrx_word' id='word_1_43' title='bbox 456 622 527 665; x_wconf 92' lang='lat' dir='ltr'><strong>hic</strong></span> <span class='ocrx_word' id='word_1_44' title='bbox 557 623 764 679; x_wconf 83' lang='lat' dir='ltr'><strong>impransi</strong></span> <span class='ocrx_word' id='word_1_45' title='bbox 793 637 961 665; x_wconf 91' lang='lat' dir='ltr'><strong>mecum</strong></span> <span class='ocrx_word' id='word_1_46' title='bbox 992 622 1229 678; x_wconf 85' lang='lat' dir='ltr'><strong>disquirite.</strong></span> 
     </span>
     <span class='ocr_line' id='line_1_12' title="bbox 758 693 1467 736; baseline -0.001 -1"><span class='ocrx_word' id='word_1_47' title='bbox 758 693 872 736; x_wconf 82' lang='lat' dir='ltr'><strong>Male</strong></span> <span class='ocrx_word' id='word_1_48' title='bbox 902 707 1050 736; x_wconf 81' lang='lat' dir='ltr'><strong>verum</strong></span> <span class='ocrx_word' id='word_1_49' title='bbox 1081 693 1300 736; x_wconf 82' lang='lat' dir='ltr'><strong>examinat</strong></span> <span class='ocrx_word' id='word_1_50' title='bbox 1330 693 1467 735; x_wconf 92' lang='lat' dir='ltr'><strong>omnis</strong></span> 
     </span>
    </p>
   </div>
   <div class='ocr_carea' id='block_1_8' title="bbox 262 691 698 749">
    <p class='ocr_par' dir='ltr' id='par_1_8' title="bbox 262 691 698 749">
     <span class='ocr_line' id='line_1_13' title="bbox 262 691 698 749; baseline 0.005 -15"><span class='ocrx_word' id='word_1_51' title='bbox 262 691 435 747; x_wconf 86' lang='lat' dir='ltr'><strong>Dicam,</strong></span> <span class='ocrx_word' id='word_1_52' title='bbox 467 693 504 735; x_wconf 94' lang='lat' dir='ltr'><strong>si</strong></span> <span class='ocrx_word' id='word_1_53' title='bbox 534 698 698 749; x_wconf 90' lang='lat' dir='ltr'><strong>potero.</strong></span> 
     </span>
    </p>
   </div>
   <div class='ocr_carea' id='block_1_9' title="bbox 1280 622 1522 681">
    <p class='ocr_par' dir='ltr' id='par_1_9' title="bbox 1280 622 1522 681">
     <span class='ocr_line' id='line_1_14' title="bbox 1280 622 1522 681; baseline 0 -17"><span class='ocrx_word' id='word_1_54' title='bbox 1280 622 1382 681; x_wconf 32' lang='lat' dir='ltr'><strong>*Cur</strong></span> <span class='ocrx_word' id='word_1_55' title='bbox 1410 622 1522 665; x_wconf 76' lang='lat' dir='ltr'><strong>hoc?</strong></span> 
     </span>
    </p>
   </div>
   <div class='ocr_carea' id='block_1_10' title="bbox 191 815 1676 955">
    <p class='ocr_par' dir='ltr' id='par_1_10' title="bbox 191 815 1676 955">
     <span class='ocr_line' id='line_1_15' title="bbox 241 815 1612 861; baseline 0 -12"><span class='ocrx_word' id='word_1_56' title='bbox 241 815 343 850; x_wconf 76' lang='lat' dir='ltr'><strong>SAT.</strong></span> <span class='ocrx_word' id='word_1_57' title='bbox 382 815 431 850; x_wconf 89' lang='grc' dir='ltr'><strong>Π.</strong></span> <span class='ocrx_word' id='word_1_58' title='bbox 472 818 505 850; x_wconf 89' lang='grc'><strong>2.</strong></span> <span class='ocrx_word' id='word_1_59' title='bbox 542 824 648 857; x_wconf 74' lang='lat' dir='ltr'><strong>quem</strong></span> <span class='ocrx_word' id='word_1_60' title='bbox 680 818 859 861; x_wconf 70' lang='lat' dir='ltr'><strong>quattuor</strong></span> <span class='ocrx_word' id='word_1_61' title='bbox 890 815 1082 858; x_wconf 81' lang='lat' dir='ltr'><strong>Pottierii,</strong></span> <span class='ocrx_word' id='word_1_62' title='bbox 1118 815 1207 850; x_wconf 88' lang='lat' dir='ltr'><strong>LCt.</strong></span> <span class='ocrx_word' id='word_1_63' title='bbox 1232 835 1279 840; x_wconf 91' lang='lat'><strong>—</strong></span> <span class='ocrx_word' id='word_1_64' title='bbox 1306 816 1429 857; x_wconf 75' lang='lat' dir='ltr'><strong>Ofella</strong></span> <span class='ocrx_word' id='word_1_65' title='bbox 1452 826 1549 850; x_wconf 89' lang='lat' dir='ltr'><strong>corr.</strong></span> <span class='ocrx_word' id='word_1_66' title='bbox 1576 815 1612 858; x_wconf 86' lang='lat' dir='ltr'><strong>S,</strong></span> 
     </span>
     <span class='ocr_line' id='line_1_16' title="bbox 193 862 1613 905; baseline 0.001 -9"><span class='ocrx_word' id='word_1_67' title='bbox 193 862 300 896; x_wconf 52' lang='lat' dir='ltr'><strong>unde*</strong></span> <span class='ocrx_word' id='word_1_68' title='bbox 317 862 482 898; x_wconf 85' lang='lat' dir='ltr'><strong>Bentleii</strong></span> <span class='ocrx_word' id='word_1_69' title='bbox 507 863 772 905; x_wconf 88' lang='lat' dir='ltr'><strong>coniecturam,</strong></span> <span class='ocrx_word' id='word_1_70' title='bbox 798 873 899 896; x_wconf 90' lang='lat' dir='ltr'><strong>nunc</strong></span> <span class='ocrx_word' id='word_1_71' title='bbox 924 862 1118 905; x_wconf 87' lang='lat' dir='ltr'><strong>firmatam,</strong></span> <span class='ocrx_word' id='word_1_72' title='bbox 1144 865 1294 897; x_wconf 90' lang='lat' dir='ltr'><strong>secutus</strong></span> <span class='ocrx_word' id='word_1_73' title='bbox 1320 873 1402 897; x_wconf 87' lang='lat' dir='ltr'><strong>sum</strong></span> <span class='ocrx_word' id='word_1_74' title='bbox 1429 866 1465 897; x_wconf 90' lang='lat' dir='ltr'><strong>et</strong></span> <span class='ocrx_word' id='word_1_75' title='bbox 1488 862 1551 897; x_wconf 83' lang='lat' dir='ltr'><strong>hic</strong></span> <span class='ocrx_word' id='word_1_76' title='bbox 1576 866 1613 897; x_wconf 86' lang='lat' dir='ltr'><strong>et</strong></span> 
     </span>
     <span class='ocr_line' id='line_1_17' title="bbox 191 909 1676 955; baseline 0.001 -12"><span class='ocrx_word' id='word_1_77' title='bbox 191 920 249 943; x_wconf 82' lang='lat' dir='ltr'><strong>vv.</strong></span> <span class='ocrx_word' id='word_1_78' title='bbox 273 911 332 944; x_wconf 84' lang='lat'><strong>53.</strong></span> <span class='ocrx_word' id='word_1_79' title='bbox 358 911 436 943; x_wconf 87' lang='lat'><strong>112.</strong></span> <span class='ocrx_word' id='word_1_80' title='bbox 463 911 562 955; x_wconf 44' lang='lat'>1334:</span> <span class='ocrx_word' id='word_1_81' title='bbox 605 911 745 951; x_wconf 74' lang='lat' dir='ltr'><strong>Ofellus</strong></span> <span class='ocrx_word' id='word_1_82' title='bbox 778 910 849 955; x_wconf 89' lang='lat' dir='ltr'><strong>bcp</strong></span> <span class='ocrx_word' id='word_1_83' title='bbox 876 912 913 944; x_wconf 90' lang='lat' dir='ltr'><strong>et</strong></span> <span class='ocrx_word' id='word_1_84' title='bbox 936 921 994 954; x_wconf 88' lang='lat' dir='ltr'><strong>pr.</strong></span> <span class='ocrx_word' id='word_1_85' title='bbox 1021 909 1063 952; x_wconf 84' lang='lat' dir='ltr'><strong>S,</strong></span> <span class='ocrx_word' id='word_1_86' title='bbox 1088 909 1185 951; x_wconf 85' lang='lat' dir='ltr'><strong>LCt,</strong></span> <span class='ocrx_word' id='word_1_87' title='bbox 1221 909 1418 944; x_wconf 88' lang='lat' dir='ltr'><strong>Bentleius</strong></span> <span class='ocrx_word' id='word_1_88' title='bbox 1451 911 1490 944; x_wconf 90' lang='lat' dir='ltr'><strong>in</strong></span> <span class='ocrx_word' id='word_1_89' title='bbox 1524 920 1612 944; x_wconf 90' lang='lat' dir='ltr'><strong>con·</strong></span> <span class='ocrx_word' id='word_1_90' title='bbox 1670 918 1676 925; x_wconf 85' lang='grc'><em>“</em></span> 
     </span>
    </p>
   </div>
   <div class='ocr_carea' id='block_1_11' title="bbox 192 955 435 999">
    <p class='ocr_par' dir='ltr' id='par_1_11' title="bbox 192 955 435 999">
     <span class='ocr_line' id='line_1_18' title="bbox 192 955 435 999; baseline 0.004 -9"><span class='ocrx_word' id='word_1_91' title='bbox 192 959 308 999; x_wconf 76' lang='lat' dir='ltr'><strong>tem,</strong></span> <span class='ocrx_word' id='word_1_92' title='bbox 330 955 435 991; x_wconf 76' lang='lat' dir='ltr'><strong>FMJ.</strong></span> 
     </span>
    </p>
   </div>
   <div class='ocr_carea' id='block_1_12' title="bbox 143 1055 876 1334">
    <p class='ocr_par' dir='ltr' id='par_1_12' title="bbox 143 1055 876 1334">
     <span class='ocr_line' id='line_1_19' title="bbox 143 1055 876 1100; baseline 0.001 -10"><span class='ocrx_word' id='word_1_93' title='bbox 143 1059 272 1100; x_wconf 85' lang='lat' dir='ltr'><strong>pertus</strong></span> <span class='ocrx_word' id='word_1_94' title='bbox 297 1058 378 1090; x_wconf 84' lang='lat' dir='ltr'><strong>erat</strong></span> <span class='ocrx_word' id='word_1_95' title='bbox 401 1056 449 1090; x_wconf 86' lang='lat' dir='ltr'><strong>ad</strong></span> <span class='ocrx_word' id='word_1_96' title='bbox 481 1055 588 1091; x_wconf 86' lang='lat' dir='ltr'><strong>beate</strong></span> <span class='ocrx_word' id='word_1_97' title='bbox 611 1056 812 1091; x_wconf 80' lang='lat' dir='ltr'><strong>vivendum</strong></span> <span class='ocrx_word' id='word_1_98' title='bbox 839 1060 876 1091; x_wconf 88' lang='lat' dir='ltr'><strong>et</strong></span> 
     </span>
     <span class='ocr_line' id='line_1_20' title="bbox 144 1103 874 1138; baseline 0.003 -2"><span class='ocrx_word' id='word_1_99' title='bbox 144 1103 202 1137; x_wconf 83' lang='lat' dir='ltr'><strong>vel</strong></span> <span class='ocrx_word' id='word_1_100' title='bbox 234 1103 350 1137; x_wconf 86' lang='lat' dir='ltr'><strong>totius</strong></span> <span class='ocrx_word' id='word_1_101' title='bbox 374 1104 430 1138; x_wconf 90' lang='lat' dir='ltr'><strong>rei</strong></span> <span class='ocrx_word' id='word_1_102' title='bbox 462 1103 661 1138; x_wconf 77' lang='lat' dir='ltr'><strong>familiaris</strong></span> <span class='ocrx_word' id='word_1_103' title='bbox 694 1103 874 1138; x_wconf 87' lang='lat' dir='ltr'><strong>iacturam</strong></span> 
     </span>
     <span class='ocr_line' id='line_1_21' title="bbox 143 1149 875 1194; baseline 0.001 -10"><span class='ocrx_word' id='word_1_104' title='bbox 143 1160 264 1194; x_wconf 85' lang='lat' dir='ltr'><strong>aequo</strong></span> <span class='ocrx_word' id='word_1_105' title='bbox 289 1149 413 1185; x_wconf 82' lang='lat' dir='ltr'><strong>animo</strong></span> <span class='ocrx_word' id='word_1_106' title='bbox 444 1150 651 1185; x_wconf 77' lang='lat' dir='ltr'><strong>ferendam.</strong></span> <span class='ocrx_word' id='word_1_107' title='bbox 701 1151 803 1184; x_wconf 71' lang='grc' dir='ltr'><strong>ΖΕΗ.</strong></span> <span class='ocrx_word' id='word_1_108' title='bbox 828 1162 875 1186; x_wconf 86' lang='lat' dir='ltr'><strong>ex</strong></span> 
     </span>
     <span class='ocr_line' id='line_1_22' title="bbox 143 1196 875 1242; baseline 0.004 -13"><span class='ocrx_word' id='word_1_109' title='bbox 143 1196 284 1231; x_wconf 77' lang='lat' dir='ltr'><strong>Hmn.</strong></span> <span class='ocrx_word' id='word_1_110' title='bbox 308 1196 454 1242; x_wconf 77' lang='lat' dir='ltr'><strong>Scripta</strong></span> <span class='ocrx_word' id='word_1_111' title='bbox 468 1198 616 1232; x_wconf 81' lang='lat' dir='ltr'><strong>videtur</strong></span> <span class='ocrx_word' id='word_1_112' title='bbox 640 1198 734 1232; x_wconf 86' lang='lat' dir='ltr'><strong>haec</strong></span> <span class='ocrx_word' id='word_1_113' title='bbox 759 1198 875 1232; x_wconf 87' lang='lat' dir='ltr'><strong>satira</strong></span> 
     </span>
     <span class='ocr_line' id='line_1_23' title="bbox 144 1244 873 1287; baseline 0.003 -9"><span class='ocrx_word' id='word_1_114' title='bbox 144 1254 176 1277; x_wconf 88' lang='lat' dir='ltr'><strong>a.</strong></span> <span class='ocrx_word' id='word_1_115' title='bbox 209 1255 246 1278; x_wconf 91' lang='lat' dir='ltr'><strong>u.</strong></span> <span class='ocrx_word' id='word_1_116' title='bbox 279 1253 311 1278; x_wconf 90' lang='lat' dir='ltr'><strong>c.</strong></span> <span class='ocrx_word' id='word_1_117' title='bbox 344 1246 424 1279; x_wconf 88' lang='grc'><strong>717.</strong></span> <span class='ocrx_word' id='word_1_118' title='bbox 463 1244 695 1287; x_wconf 83' lang='lat' dir='ltr'><strong>Kirchnero,</strong></span> <span class='ocrx_word' id='word_1_119' title='bbox 727 1255 759 1279; x_wconf 86' lang='lat' dir='ltr'><strong>a.</strong></span> <span class='ocrx_word' id='word_1_120' title='bbox 794 1247 873 1280; x_wconf 87' lang='grc'><strong>719.</strong></span> 
     </span>
     <span class='ocr_line' id='line_1_24' title="bbox 145 1289 765 1334; baseline 0.002 -10"><span class='ocrx_word' id='word_1_121' title='bbox 145 1289 400 1334; x_wconf 71' lang='grc' dir='ltr'><strong>θτοῐείοιιᾶίο,</strong></span> <span class='ocrx_word' id='word_1_122' title='bbox 424 1303 458 1326; x_wconf 85' lang='lat' dir='ltr'><strong>a.</strong></span> <span class='ocrx_word' id='word_1_123' title='bbox 483 1293 564 1326; x_wconf 87' lang='grc'><strong>720.</strong></span> <span class='ocrx_word' id='word_1_124' title='bbox 588 1291 765 1326; x_wconf 88' lang='lat' dir='ltr'><strong>Frankio.</strong></span> 
     </span>
    </p>
   </div>
   <div class='ocr_carea' id='block_1_13' title="bbox 140 1361 875 2296">
    <p class='ocr_par' dir='ltr' id='par_1_13' title="bbox 140 1361 875 2296">
     <span class='ocr_line' id='line_1_25' title="bbox 195 1361 875 1404; baseline 0.004 -11"><span class='ocrx_word' id='word_1_125' title='bbox 195 1363 225 1394; x_wconf 87' lang='lat'><strong>1.</strong></span> <span class='ocrx_word' id='word_1_126' title='bbox 251 1362 284 1394; x_wconf 87' lang='lat'><strong>2.</strong></span> <span class='ocrx_word' id='word_1_127' title='bbox 310 1361 407 1404; x_wconf 74' lang='lat' dir='ltr'><strong>boni]</strong></span> <span class='ocrx_word' id='word_1_128' title='bbox 434 1361 509 1395; x_wconf 85' lang='lat' dir='ltr'><strong>Cfr.</strong></span> <span class='ocrx_word' id='word_1_129' title='bbox 536 1361 610 1396; x_wconf 89' lang='lat' dir='ltr'><strong>Sat.</strong></span> <span class='ocrx_word' id='word_1_130' title='bbox 636 1363 670 1403; x_wconf 84' lang='lat'><strong>2,</strong></span> <span class='ocrx_word' id='word_1_131' title='bbox 695 1364 729 1403; x_wconf 83' lang='lat'><strong>6,</strong></span> <span class='ocrx_word' id='word_1_132' title='bbox 754 1364 811 1395; x_wconf 88' lang='grc'><strong>51.</strong></span> <span class='ocrx_word' id='word_1_133' title='bbox 837 1365 875 1396; x_wconf 87' lang='lat' dir='ltr'><strong>et</strong></span> 
     </span>
     <span class='ocr_line' id='line_1_26' title="bbox 144 1406 874 1454; baseline 0.001 -14"><span class='ocrx_word' id='word_1_134' title='bbox 144 1409 201 1441; x_wconf 80' lang='lat'><strong>95.</strong></span> <span class='ocrx_word' id='word_1_135' title='bbox 249 1406 344 1452; x_wconf 87' lang='lat' dir='ltr'><strong>Epp.</strong></span> <span class='ocrx_word' id='word_1_136' title='bbox 370 1410 403 1449; x_wconf 85' lang='lat'><strong>2,</strong></span> <span class='ocrx_word' id='word_1_137' title='bbox 428 1410 462 1450; x_wconf 84' lang='lat'><strong>2,</strong></span> <span class='ocrx_word' id='word_1_138' title='bbox 487 1410 544 1442; x_wconf 85' lang='grc'><strong>37.</strong></span> <span class='ocrx_word' id='word_1_139' title='bbox 592 1408 695 1441; x_wconf 78' lang='lat' dir='ltr'><strong>Nihil</strong></span> <span class='ocrx_word' id='word_1_140' title='bbox 726 1409 874 1454; x_wconf 82' lang='lat' dir='ltr'><strong>langui-</strong></span> 
     </span>
     <span class='ocr_line' id='line_1_27' title="bbox 143 1454 874 1497; baseline 0.001 -9"><span class='ocrx_word' id='word_1_141' title='bbox 143 1454 228 1488; x_wconf 85' lang='lat' dir='ltr'><strong>dius</strong></span> <span class='ocrx_word' id='word_1_142' title='bbox 253 1457 310 1488; x_wconf 93' lang='lat' dir='ltr'><strong>est</strong></span> <span class='ocrx_word' id='word_1_143' title='bbox 332 1455 451 1489; x_wconf 83' lang='lat' dir='ltr'><strong>altera</strong></span> <span class='ocrx_word' id='word_1_144' title='bbox 474 1455 637 1489; x_wconf 80' lang='lat' dir='ltr'><strong>lectione</strong></span> <span class='ocrx_word' id='word_1_145' title='bbox 655 1456 766 1497; x_wconf 75' lang='lat' dir='ltr'><strong>bonis,</strong></span> <span class='ocrx_word' id='word_1_146' title='bbox 793 1458 874 1489; x_wconf 88' lang='lat' dir='ltr'><strong>orta</strong></span> 
     </span>
     <span class='ocr_line' id='line_1_28' title="bbox 142 1501 873 1591; baseline 0.003 -10"><span class='ocrx_word' id='word_1_147' title='bbox 142 1511 190 1581; x_wconf 67' lang='lat'><strong>2³5</strong></span> <span class='ocrx_word' id='word_1_148' title='bbox 206 1501 873 1591; x_wconf 45' lang='lat' dir='ltr'><strong>mizffffmmfissssssxs.232&amp;ssss</strong></span> 
     </span>
     <span class='ocr_line' id='line_1_29' title="bbox 145 1595 873 1630; baseline 0.003 -2"><span class='ocrx_word' id='word_1_149' title='bbox 145 1604 229 1628; x_wconf 87' lang='lat' dir='ltr'><strong>cum</strong></span> <span class='ocrx_word' id='word_1_150' title='bbox 260 1595 397 1630; x_wconf 84' lang='lat' dir='ltr'><strong>habeat</strong></span> <span class='ocrx_word' id='word_1_151' title='bbox 427 1596 501 1630; x_wconf 89' lang='lat' dir='ltr'><strong>loci</strong></span> <span class='ocrx_word' id='word_1_152' title='bbox 534 1596 740 1630; x_wconf 86' lang='lat' dir='ltr'><strong>communis</strong></span> <span class='ocrx_word' id='word_1_153' title='bbox 774 1597 873 1630; x_wconf 93' lang='lat' dir='ltr'><strong>colo-</strong></span> 
     </span>
     <span class='ocr_line' id='line_1_30' title="bbox 142 1643 872 1687; baseline 0.001 -11"><span class='ocrx_word' id='word_1_154' title='bbox 142 1651 234 1684; x_wconf 85' lang='lat' dir='ltr'><strong>rem,</strong></span> <span class='ocrx_word' id='word_1_155' title='bbox 260 1643 383 1676; x_wconf 86' lang='lat' dir='ltr'><strong>statim</strong></span> <span class='ocrx_word' id='word_1_156' title='bbox 409 1652 491 1677; x_wconf 87' lang='lat' dir='ltr'><strong>sese</strong></span> <span class='ocrx_word' id='word_1_157' title='bbox 517 1653 561 1676; x_wconf 88' lang='lat' dir='ltr'><strong>eo</strong></span> <span class='ocrx_word' id='word_1_158' title='bbox 580 1646 744 1684; x_wconf 84' lang='lat' dir='ltr'><strong>excusat,</strong></span> <span class='ocrx_word' id='word_1_159' title='bbox 770 1644 872 1687; x_wconf 89' lang='lat' dir='ltr'><strong>quod</strong></span> 
     </span>
     <span class='ocr_line' id='line_1_31' title="bbox 143 1689 872 1734; baseline 0.004 -12"><span class='ocrx_word' id='word_1_160' title='bbox 143 1698 264 1722; x_wconf 85' lang='lat' dir='ltr'><strong>sermo</strong></span> <span class='ocrx_word' id='word_1_161' title='bbox 281 1689 343 1723; x_wconf 87' lang='lat' dir='ltr'><strong>hic</strong></span> <span class='ocrx_word' id='word_1_162' title='bbox 360 1690 409 1724; x_wconf 85' lang='lat' dir='ltr'><strong>sit</strong></span> <span class='ocrx_word' id='word_1_163' title='bbox 423 1690 556 1723; x_wconf 85' lang='lat' dir='ltr'><strong>rustici</strong></span> <span class='ocrx_word' id='word_1_164' title='bbox 574 1690 743 1732; x_wconf 87' lang='lat' dir='ltr'><strong>Romani,</strong></span> <span class='ocrx_word' id='word_1_165' title='bbox 761 1701 872 1734; x_wconf 87' lang='lat' dir='ltr'><strong>quem</strong></span> 
     </span>
     <span class='ocr_line' id='line_1_32' title="bbox 141 1736 871 1781; baseline 0.003 -12"><span class='ocrx_word' id='word_1_166' title='bbox 141 1736 300 1771; x_wconf 85' lang='lat' dir='ltr'><strong>maxima</strong></span> <span class='ocrx_word' id='word_1_167' title='bbox 311 1736 442 1771; x_wconf 87' lang='lat' dir='ltr'><strong>deceat</strong></span> <span class='ocrx_word' id='word_1_168' title='bbox 459 1737 689 1781; x_wconf 81' lang='lat' dir='ltr'><strong>simplicitas.</strong></span> <span class='ocrx_word' id='word_1_169' title='bbox 703 1755 747 1760; x_wconf 94' lang='lat'><strong>—</strong></span> <span class='ocrx_word' id='word_1_170' title='bbox 761 1738 871 1781; x_wconf 77' lang='lat' dir='ltr'><strong>quae]</strong></span> 
     </span>
     <span class='ocr_line' id='line_1_33' title="bbox 141 1782 872 1824; baseline 0.004 -8"><span class='ocrx_word' id='word_1_171' title='bbox 141 1782 270 1817; x_wconf 79' lang='lat' dir='ltr'><strong>Altera</strong></span> <span class='ocrx_word' id='word_1_172' title='bbox 301 1784 413 1818; x_wconf 85' lang='lat' dir='ltr'><strong>lectio</strong></span> <span class='ocrx_word' id='word_1_173' title='bbox 438 1784 552 1824; x_wconf 69' lang='lat' dir='ltr'><strong>quem·</strong></span> <span class='ocrx_word' id='word_1_174' title='bbox 567 1784 763 1818; x_wconf 78' lang='lat' dir='ltr'><strong>manifesto</strong></span> <span class='ocrx_word' id='word_1_175' title='bbox 790 1788 872 1819; x_wconf 90' lang='lat' dir='ltr'><strong>orta</strong></span> 
     </span>
     <span class='ocr_line' id='line_1_34' title="bbox 142 1831 870 1865; baseline 0.003 -2"><span class='ocrx_word' id='word_1_176' title='bbox 142 1832 200 1863; x_wconf 85' lang='lat' dir='ltr'><strong>est</strong></span> <span class='ocrx_word' id='word_1_177' title='bbox 224 1841 270 1863; x_wconf 88' lang='lat' dir='ltr'><strong>ex</strong></span> <span class='ocrx_word' id='word_1_178' title='bbox 292 1841 396 1865; x_wconf 89' lang='lat' dir='ltr'><strong>mera</strong></span> <span class='ocrx_word' id='word_1_179' title='bbox 411 1831 752 1865; x_wconf 84' lang='lat' dir='ltr'><strong>accommodatione</strong></span> <span class='ocrx_word' id='word_1_180' title='bbox 773 1832 819 1865; x_wconf 89' lang='lat' dir='ltr'><strong>ad</strong></span> <span class='ocrx_word' id='word_1_181' title='bbox 836 1843 870 1865; x_wconf 74' lang='lat' dir='ltr'><strong>v.</strong></span> 
     </span>
     <span class='ocr_line' id='line_1_35' title="bbox 140 1877 871 1923; baseline 0.003 -13"><span class='ocrx_word' id='word_1_182' title='bbox 140 1885 269 1911; x_wconf 70' lang='lat' dir='ltr'><strong>terma.</strong></span> <span class='ocrx_word' id='word_1_183' title='bbox 319 1877 494 1912; x_wconf 85' lang='lat' dir='ltr'><strong>Ceterum</strong></span> <span class='ocrx_word' id='word_1_184' title='bbox 531 1881 790 1923; x_wconf 86' lang='lat' dir='ltr'><strong>argumentum</strong></span> <span class='ocrx_word' id='word_1_185' title='bbox 828 1889 871 1913; x_wconf 90' lang='lat' dir='ltr'><strong>ac</strong></span> 
     </span>
     <span class='ocr_line' id='line_1_36' title="bbox 142 1925 871 1969; baseline 0.004 -13"><span class='ocrx_word' id='word_1_186' title='bbox 142 1925 347 1959; x_wconf 84' lang='lat' dir='ltr'><strong>sententias</strong></span> <span class='ocrx_word' id='word_1_187' title='bbox 365 1935 404 1959; x_wconf 89' lang='lat' dir='ltr'><strong>se</strong></span> <span class='ocrx_word' id='word_1_188' title='bbox 421 1925 705 1969; x_wconf 78' lang='lat' dir='ltr'><strong>desumptarum</strong></span> <span class='ocrx_word' id='word_1_189' title='bbox 718 1925 808 1959; x_wconf 85' lang='lat' dir='ltr'><strong>dicit</strong></span> <span class='ocrx_word' id='word_1_190' title='bbox 825 1926 871 1960; x_wconf 86' lang='lat' dir='ltr'><strong>ab</strong></span> 
     </span>
     <span class='ocr_line' id='line_1_37' title="bbox 142 1968 872 2016; baseline 0.004 -13"><span class='ocrx_word' id='word_1_191' title='bbox 142 1968 282 2013; x_wconf 85' lang='lat' dir='ltr'><strong>Ofella,</strong></span> <span class='ocrx_word' id='word_1_192' title='bbox 314 1982 453 2016; x_wconf 82' lang='lat' dir='ltr'><strong>easque</strong></span> <span class='ocrx_word' id='word_1_193' title='bbox 486 1982 554 2006; x_wconf 91' lang='lat' dir='ltr'><strong>suo</strong></span> <span class='ocrx_word' id='word_1_194' title='bbox 585 1972 695 2006; x_wconf 90' lang='lat' dir='ltr'><strong>modo</strong></span> <span class='ocrx_word' id='word_1_195' title='bbox 721 1983 872 2016; x_wconf 86' lang='lat' dir='ltr'><strong>expres-</strong></span> 
     </span>
     <span class='ocr_line' id='line_1_38' title="bbox 143 2015 871 2062; baseline 0.004 -12"><span class='ocrx_word' id='word_1_196' title='bbox 143 2015 292 2061; x_wconf 78' lang='lat' dir='ltr'><strong>surum3</strong></span> <span class='ocrx_word' id='word_1_197' title='bbox 317 2018 383 2052; x_wconf 80' lang='lat' dir='ltr'><strong>cfr.</strong></span> <span class='ocrx_word' id='word_1_198' title='bbox 407 2019 589 2062; x_wconf 85' lang='lat' dir='ltr'><strong>imprimis</strong></span> <span class='ocrx_word' id='word_1_199' title='bbox 611 2030 644 2052; x_wconf 82' lang='lat' dir='ltr'><strong>v.</strong></span> <span class='ocrx_word' id='word_1_200' title='bbox 664 2022 743 2053; x_wconf 89' lang='grc'><strong>112.</strong></span> <span class='ocrx_word' id='word_1_201' title='bbox 769 2018 871 2053; x_wconf 87' lang='lat' dir='ltr'><strong>Ofel-</strong></span> 
     </span>
     <span class='ocr_line' id='line_1_39' title="bbox 142 2063 870 2110; baseline 0.004 -14"><span class='ocrx_word' id='word_1_202' title='bbox 142 2063 215 2097; x_wconf 85' lang='lat' dir='ltr'><strong>lam</strong></span> <span class='ocrx_word' id='word_1_203' title='bbox 233 2066 356 2099; x_wconf 86' lang='lat' dir='ltr'><strong>autem</strong></span> <span class='ocrx_word' id='word_1_204' title='bbox 381 2065 504 2109; x_wconf 89' lang='lat' dir='ltr'><strong>ipsum</strong></span> <span class='ocrx_word' id='word_1_205' title='bbox 520 2066 735 2110; x_wconf 89' lang='lat' dir='ltr'><strong>loquentem</strong></span> <span class='ocrx_word' id='word_1_206' title='bbox 760 2066 870 2099; x_wconf 90' lang='lat' dir='ltr'><strong>indu-</strong></span> 
     </span>
     <span class='ocr_line' id='line_1_40' title="bbox 144 2109 871 2155; baseline 0.004 -13"><span class='ocrx_word' id='word_1_207' title='bbox 144 2109 196 2143; x_wconf 87' lang='lat' dir='ltr'><strong>cit</strong></span> <span class='ocrx_word' id='word_1_208' title='bbox 218 2109 367 2144; x_wconf 86' lang='lat' dir='ltr'><strong>demum</strong></span> <span class='ocrx_word' id='word_1_209' title='bbox 391 2122 424 2145; x_wconf 72' lang='lat' dir='ltr'><strong>V.</strong></span> <span class='ocrx_word' id='word_1_210' title='bbox 451 2114 530 2145; x_wconf 90' lang='grc'><strong>116.</strong></span> <span class='ocrx_word' id='word_1_211' title='bbox 556 2131 600 2136; x_wconf 91' lang='grc'><strong>--</strong></span> <span class='ocrx_word' id='word_1_212' title='bbox 627 2112 763 2155; x_wconf 73' lang='lat' dir='ltr'><strong>Ofella]</strong></span> <span class='ocrx_word' id='word_1_213' title='bbox 800 2113 871 2146; x_wconf 90' lang='lat' dir='ltr'><strong>Le-</strong></span> 
     </span>
     <span class='ocr_line' id='line_1_41' title="bbox 143 2157 870 2202; baseline 0.003 -12"><span class='ocrx_word' id='word_1_214' title='bbox 143 2157 216 2190; x_wconf 82' lang='lat' dir='ltr'><strong>ctio</strong></span> <span class='ocrx_word' id='word_1_215' title='bbox 236 2158 376 2199; x_wconf 71' lang='lat' dir='ltr'><strong>Ofellus</strong></span> <span class='ocrx_word' id='word_1_216' title='bbox 399 2158 566 2192; x_wconf 87' lang='lat' dir='ltr'><strong>librariis</strong></span> <span class='ocrx_word' id='word_1_217' title='bbox 591 2158 760 2200; x_wconf 81' lang='lat' dir='ltr'><strong>debetur,</strong></span> <span class='ocrx_word' id='word_1_218' title='bbox 786 2160 870 2202; x_wconf 88' lang='lat' dir='ltr'><strong>qui-</strong></span> 
     </span>
     <span class='ocr_line' id='line_1_42' title="bbox 143 2202 871 2239; baseline 0.001 -2"><span class='ocrx_word' id='word_1_219' title='bbox 143 2202 214 2237; x_wconf 88' lang='lat' dir='ltr'><strong>bus</strong></span> <span class='ocrx_word' id='word_1_220' title='bbox 238 2204 450 2238; x_wconf 86' lang='lat' dir='ltr'><strong>terminatio</strong></span> <span class='ocrx_word' id='word_1_221' title='bbox 476 2213 500 2237; x_wconf 86' lang='lat' dir='ltr'><strong>a</strong></span> <span class='ocrx_word' id='word_1_222' title='bbox 523 2205 564 2238; x_wconf 93' lang='lat' dir='ltr'><strong>in</strong></span> <span class='ocrx_word' id='word_1_223' title='bbox 589 2205 670 2239; x_wconf 76' lang='lat' dir='ltr'><strong>viro</strong></span> <span class='ocrx_word' id='word_1_224' title='bbox 699 2205 794 2238; x_wconf 87' lang='lat' dir='ltr'><strong>falsa</strong></span> <span class='ocrx_word' id='word_1_225' title='bbox 817 2205 871 2238; x_wconf 79' lang='lat' dir='ltr'><strong>vi-</strong></span> 
     </span>
     <span class='ocr_line' id='line_1_43' title="bbox 142 2250 872 2296; baseline 0.001 -12"><span class='ocrx_word' id='word_1_226' title='bbox 142 2250 315 2294; x_wconf 82' lang='lat' dir='ltr'><strong>deretur3</strong></span> <span class='ocrx_word' id='word_1_227' title='bbox 341 2251 407 2285; x_wconf 85' lang='lat' dir='ltr'><strong>sed</strong></span> <span class='ocrx_word' id='word_1_228' title='bbox 422 2262 499 2285; x_wconf 93' lang='lat' dir='ltr'><strong>non</strong></span> <span class='ocrx_word' id='word_1_229' title='bbox 516 2251 764 2285; x_wconf 86' lang='lat' dir='ltr'><strong>meminerant</strong></span> <span class='ocrx_word' id='word_1_230' title='bbox 782 2262 872 2296; x_wconf 88' lang='lat' dir='ltr'><strong>gen-</strong></span> 
     </span>
    </p>
   </div>
   <div class='ocr_carea' id='block_1_14' title="bbox 86 2296 870 2333">
    <p class='ocr_par' dir='ltr' id='par_1_14' title="bbox 86 2296 870 2333">
     <span class='ocr_line' id='line_1_44' title="bbox 86 2296 870 2333; baseline 0.003 -3"><span class='ocrx_word' id='word_1_231' title='bbox 86 2313 91 2325; x_wconf 58' lang='grc' dir='ltr'><strong>ε</strong></span> <span class='ocrx_word' id='word_1_232' title='bbox 143 2296 192 2331; x_wconf 82' lang='lat' dir='ltr'><strong>tis</strong></span> <span class='ocrx_word' id='word_1_233' title='bbox 225 2297 415 2332; x_wconf 85' lang='lat' dir='ltr'><strong>Romanae</strong></span> <span class='ocrx_word' id='word_1_234' title='bbox 449 2309 587 2332; x_wconf 92' lang='lat' dir='ltr'><strong>nomen</strong></span> <span class='ocrx_word' id='word_1_235' title='bbox 621 2309 701 2332; x_wconf 89' lang='lat' dir='ltr'><strong>esse</strong></span> <span class='ocrx_word' id='word_1_236' title='bbox 735 2299 870 2333; x_wconf 88' lang='lat' dir='ltr'><strong>debere</strong></span> 
     </span>
    </p>
   </div>
   <div class='ocr_carea' id='block_1_15' title="bbox 140 2345 871 2766">
    <p class='ocr_par' dir='ltr' id='par_1_15' title="bbox 140 2345 871 2766">
     <span class='ocr_line' id='line_1_45' title="bbox 143 2345 871 2390; baseline 0.001 -12"><span class='ocrx_word' id='word_1_237' title='bbox 143 2345 308 2387; x_wconf 63' lang='lat' dir='ltr'><strong>ore-llius,</strong></span> <span class='ocrx_word' id='word_1_238' title='bbox 334 2347 376 2378; x_wconf 86' lang='lat' dir='ltr'><strong>ut</strong></span> <span class='ocrx_word' id='word_1_239' title='bbox 399 2347 458 2379; x_wconf 85' lang='lat' dir='ltr'><strong>est</strong></span> <span class='ocrx_word' id='word_1_240' title='bbox 476 2346 629 2387; x_wconf 77' lang='lat' dir='ltr'><strong>Ofellius</strong></span> <span class='ocrx_word' id='word_1_241' title='bbox 646 2345 746 2390; x_wconf 87' lang='lat' dir='ltr'><strong>apud</strong></span> <span class='ocrx_word' id='word_1_242' title='bbox 764 2345 871 2379; x_wconf 85' lang='lat' dir='ltr'><strong>Grut.</strong></span> 
     </span>
     <span class='ocr_line' id='line_1_46' title="bbox 141 2391 871 2433; baseline 0.003 -9"><span class='ocrx_word' id='word_1_243' title='bbox 141 2393 229 2433; x_wconf 79' lang='lat'><strong>463,</strong></span> <span class='ocrx_word' id='word_1_244' title='bbox 263 2393 296 2425; x_wconf 93' lang='grc'><strong>2.</strong></span> <span class='ocrx_word' id='word_1_245' title='bbox 346 2391 486 2426; x_wconf 77' lang='lat' dir='ltr'><strong>Contra</strong></span> <span class='ocrx_word' id='word_1_246' title='bbox 522 2393 710 2426; x_wconf 77' lang='lat' dir='ltr'><strong>Lucretius</strong></span> <span class='ocrx_word' id='word_1_247' title='bbox 749 2393 871 2433; x_wconf 77' lang='lat' dir='ltr'><strong>Ofella</strong></span> 
     </span>
     <span class='ocr_line' id='line_1_47' title="bbox 141 2438 870 2483; baseline 0.003 -12"><span class='ocrx_word' id='word_1_248' title='bbox 141 2441 368 2473; x_wconf 89' lang='lat' dir='ltr'><strong>memoratur</strong></span> <span class='ocrx_word' id='word_1_249' title='bbox 381 2451 404 2473; x_wconf 87' lang='lat' dir='ltr'><strong>a</strong></span> <span class='ocrx_word' id='word_1_250' title='bbox 415 2438 561 2473; x_wconf 86' lang='lat' dir='ltr'><strong>Velleio</strong></span> <span class='ocrx_word' id='word_1_251' title='bbox 576 2441 609 2481; x_wconf 91' lang='grc'><strong>2,</strong></span> <span class='ocrx_word' id='word_1_252' title='bbox 628 2441 684 2473; x_wconf 84' lang='grc'><strong>27.</strong></span> <span class='ocrx_word' id='word_1_253' title='bbox 699 2439 870 2483; x_wconf 88' lang='lat' dir='ltr'><strong>aliisque.</strong></span> 
     </span>
     <span class='ocr_line' id='line_1_48' title="bbox 141 2484 870 2520; baseline 0.003 -2"><span class='ocrx_word' id='word_1_254' title='bbox 141 2484 299 2519; x_wconf 81' lang='lat' dir='ltr'><strong>Videtur</strong></span> <span class='ocrx_word' id='word_1_255' title='bbox 323 2485 440 2520; x_wconf 86' lang='lat' dir='ltr'><strong>fuisse</strong></span> <span class='ocrx_word' id='word_1_256' title='bbox 458 2486 606 2520; x_wconf 81' lang='lat' dir='ltr'><strong>vicinus</strong></span> <span class='ocrx_word' id='word_1_257' title='bbox 624 2489 661 2520; x_wconf 86' lang='lat' dir='ltr'><strong>et</strong></span> <span class='ocrx_word' id='word_1_258' title='bbox 677 2486 870 2520; x_wconf 82' lang='lat' dir='ltr'><strong>familiaris</strong></span> 
     </span>
     <span class='ocr_line' id='line_1_49' title="bbox 140 2531 871 2577; baseline 0.003 -12"><span class='ocrx_word' id='word_1_259' title='bbox 140 2531 287 2566; x_wconf 81' lang='lat' dir='ltr'><strong>Horatii</strong></span> <span class='ocrx_word' id='word_1_260' title='bbox 308 2533 469 2575; x_wconf 83' lang='lat' dir='ltr'><strong>iuvenis,</strong></span> <span class='ocrx_word' id='word_1_261' title='bbox 493 2534 551 2566; x_wconf 78' lang='lat' dir='ltr'><strong>vir</strong></span> <span class='ocrx_word' id='word_1_262' title='bbox 568 2533 718 2577; x_wconf 89' lang='lat' dir='ltr'><strong>sapiens</strong></span> <span class='ocrx_word' id='word_1_263' title='bbox 736 2536 871 2567; x_wconf 76' lang='lat' dir='ltr'><strong>natura</strong></span> 
     </span>
     <span class='ocr_line' id='line_1_50' title="bbox 142 2579 870 2622; baseline 0.003 -10"><span class='ocrx_word' id='word_1_264' title='bbox 142 2581 254 2622; x_wconf 85' lang='lat' dir='ltr'><strong>atque</strong></span> <span class='ocrx_word' id='word_1_265' title='bbox 280 2579 396 2614; x_wconf 88' lang='lat' dir='ltr'><strong>insita</strong></span> <span class='ocrx_word' id='word_1_266' title='bbox 419 2580 569 2622; x_wconf 81' lang='lat' dir='ltr'><strong>virtute,</strong></span> <span class='ocrx_word' id='word_1_267' title='bbox 596 2581 704 2614; x_wconf 90' lang='lat' dir='ltr'><strong>cuius</strong></span> <span class='ocrx_word' id='word_1_268' title='bbox 730 2580 870 2614; x_wconf 86' lang='lat' dir='ltr'><strong>candor</strong></span> 
     </span>
     <span class='ocr_line' id='line_1_51' title="bbox 141 2626 871 2671; baseline 0.001 -12"><span class='ocrx_word' id='word_1_269' title='bbox 141 2629 322 2671; x_wconf 83' lang='lat' dir='ltr'><strong>grataque</strong></span> <span class='ocrx_word' id='word_1_270' title='bbox 364 2626 583 2671; x_wconf 86' lang='lat' dir='ltr'><strong>simplicitas</strong></span> <span class='ocrx_word' id='word_1_271' title='bbox 620 2627 750 2661; x_wconf 88' lang='lat' dir='ltr'><strong>iuncta</strong></span> <span class='ocrx_word' id='word_1_272' title='bbox 786 2637 871 2660; x_wconf 89' lang='lat' dir='ltr'><strong>cum</strong></span> 
     </span>
     <span class='ocr_line' id='line_1_52' title="bbox 140 2672 869 2718; baseline 0.004 -13"><span class='ocrx_word' id='word_1_273' title='bbox 140 2672 281 2717; x_wconf 85' lang='lat' dir='ltr'><strong>insigni</strong></span> <span class='ocrx_word' id='word_1_274' title='bbox 313 2674 442 2717; x_wconf 85' lang='lat' dir='ltr'><strong>lepore</strong></span> <span class='ocrx_word' id='word_1_275' title='bbox 475 2674 565 2708; x_wconf 82' lang='lat' dir='ltr'><strong>satis</strong></span> <span class='ocrx_word' id='word_1_276' title='bbox 590 2674 723 2708; x_wconf 83' lang='lat' dir='ltr'><strong>festive</strong></span> <span class='ocrx_word' id='word_1_277' title='bbox 755 2684 869 2718; x_wconf 87' lang='lat' dir='ltr'><strong>oppo-</strong></span> 
     </span>
     <span class='ocr_line' id='line_1_53' title="bbox 142 2719 871 2766; baseline 0.003 -14"><span class='ocrx_word' id='word_1_278' title='bbox 142 2719 244 2752; x_wconf 86' lang='lat' dir='ltr'><strong>nitur</strong></span> <span class='ocrx_word' id='word_1_279' title='bbox 269 2719 403 2754; x_wconf 85' lang='lat' dir='ltr'><strong>Stoicis</strong></span> <span class='ocrx_word' id='word_1_280' title='bbox 435 2720 512 2754; x_wconf 91' lang='lat' dir='ltr'><strong>illis</strong></span> <span class='ocrx_word' id='word_1_281' title='bbox 536 2721 754 2766; x_wconf 84' lang='lat' dir='ltr'><strong>aretalogis‚</strong></span> <span class='ocrx_word' id='word_1_282' title='bbox 780 2731 871 2765; x_wconf 89' lang='lat' dir='ltr'><strong>qua-</strong></span> 
     </span>
    </p>
   </div>
   <div class='ocr_carea' id='block_1_16' title="bbox 922 1055 1660 1279">
    <p class='ocr_par' dir='ltr' id='par_1_16' title="bbox 922 1055 1660 1279">
     <span class='ocr_line' id='line_1_54' title="bbox 923 1055 1660 1101; baseline 0 -11"><span class='ocrx_word' id='word_1_283' title='bbox 923 1056 978 1091; x_wconf 86' lang='lat' dir='ltr'><strong>les</strong></span> <span class='ocrx_word' id='word_1_284' title='bbox 1016 1059 1126 1091; x_wconf 83' lang='lat' dir='ltr'><strong>erant</strong></span> <span class='ocrx_word' id='word_1_285' title='bbox 1156 1055 1354 1101; x_wconf 87' lang='lat' dir='ltr'><strong>Crispinus</strong></span> <span class='ocrx_word' id='word_1_286' title='bbox 1391 1059 1429 1091; x_wconf 86' lang='lat' dir='ltr'><strong>et</strong></span> <span class='ocrx_word' id='word_1_287' title='bbox 1463 1056 1660 1101; x_wconf 84' lang='lat' dir='ltr'><strong>Damasip-</strong></span> 
     </span>
     <span class='ocr_line' id='line_1_55' title="bbox 922 1103 1658 1148; baseline 0 -11"><span class='ocrx_word' id='word_1_288' title='bbox 922 1114 1005 1148; x_wconf 88' lang='lat' dir='ltr'><strong>pus.</strong></span> <span class='ocrx_word' id='word_1_289' title='bbox 1056 1103 1166 1137; x_wconf 85' lang='lat' dir='ltr'><strong>Haud</strong></span> <span class='ocrx_word' id='word_1_290' title='bbox 1192 1103 1385 1138; x_wconf 87' lang='lat' dir='ltr'><strong>dissimilis</strong></span> <span class='ocrx_word' id='word_1_291' title='bbox 1411 1106 1469 1138; x_wconf 88' lang='lat' dir='ltr'><strong>est</strong></span> <span class='ocrx_word' id='word_1_292' title='bbox 1496 1103 1562 1138; x_wconf 90' lang='lat' dir='ltr'><strong>ille</strong></span> <span class='ocrx_word' id='word_1_293' title='bbox 1588 1105 1658 1137; x_wconf 79' lang='lat' dir='ltr'><strong>Fa-</strong></span> 
     </span>
     <span class='ocr_line' id='line_1_56' title="bbox 922 1151 1659 1193; baseline 0.001 -10"><span class='ocrx_word' id='word_1_294' title='bbox 922 1151 1061 1193; x_wconf 68' lang='lat' dir='ltr'><strong>cianus,</strong></span> <span class='ocrx_word' id='word_1_295' title='bbox 1087 1159 1162 1184; x_wconf 79' lang='lat' dir='ltr'><strong>non</strong></span> <span class='ocrx_word' id='word_1_296' title='bbox 1178 1159 1224 1185; x_wconf 71' lang='lat' dir='ltr'><strong>ea:</strong></span> <span class='ocrx_word' id='word_1_297' title='bbox 1247 1152 1303 1184; x_wconf 75' lang='lat' dir='ltr'><strong>his</strong></span> <span class='ocrx_word' id='word_1_298' title='bbox 1320 1152 1561 1185; x_wconf 70' lang='lat' dir='ltr'><strong>cathedr-ariis</strong></span> <span class='ocrx_word' id='word_1_299' title='bbox 1580 1151 1659 1192; x_wconf 69' lang='lat' dir='ltr'><strong>phi·</strong></span> 
     </span>
     <span class='ocr_line' id='line_1_57' title="bbox 924 1198 1656 1239; baseline 0.001 -8"><span class='ocrx_word' id='word_1_300' title='bbox 924 1198 1098 1239; x_wconf 68' lang='lat' dir='ltr'><strong>lampenis,</strong></span> <span class='ocrx_word' id='word_1_301' title='bbox 1129 1199 1193 1231; x_wconf 71' lang='lat' dir='ltr'><strong>sed</strong></span> <span class='ocrx_word' id='word_1_302' title='bbox 1218 1207 1264 1231; x_wconf 76' lang='lat' dir='ltr'><strong>ex</strong></span> <span class='ocrx_word' id='word_1_303' title='bbox 1295 1199 1389 1231; x_wconf 73' lang='lat' dir='ltr'><strong>veris</strong></span> <span class='ocrx_word' id='word_1_304' title='bbox 1416 1200 1449 1231; x_wconf 74' lang='lat' dir='ltr'><strong>et</strong></span> <span class='ocrx_word' id='word_1_305' title='bbox 1483 1199 1656 1239; x_wconf 69' lang='lat' dir='ltr'><strong>antiquis.</strong></span> 
     </span>
     <span class='ocr_line' id='line_1_58' title="bbox 923 1243 1443 1279; baseline 0 -1"><span class='ocrx_word' id='word_1_306' title='bbox 923 1243 1066 1279; x_wconf 87' lang='lat' dir='ltr'><strong>Seneca</strong></span> <span class='ocrx_word' id='word_1_307' title='bbox 1090 1245 1136 1279; x_wconf 87' lang='lat' dir='ltr'><strong>de</strong></span> <span class='ocrx_word' id='word_1_308' title='bbox 1161 1245 1271 1279; x_wconf 84' lang='lat' dir='ltr'><strong>Brev.</strong></span> <span class='ocrx_word' id='word_1_309' title='bbox 1297 1245 1361 1278; x_wconf 82' lang='lat' dir='ltr'><strong>vit.</strong></span> <span class='ocrx_word' id='word_1_310' title='bbox 1388 1247 1443 1278; x_wconf 89' lang='lat'><strong>10.</strong></span> 
     </span>
    </p>
   </div>
   <div class='ocr_carea' id='block_1_17' title="bbox 920 1314 1657 1782">
    <p class='ocr_par' dir='ltr' id='par_1_17' title="bbox 920 1314 1657 1782">
     <span class='ocr_line' id='line_1_59' title="bbox 968 1314 1655 1359; baseline 0.001 -11"><span class='ocrx_word' id='word_1_311' title='bbox 968 1317 1042 1348; x_wconf 90' lang='grc'><strong>3-6.</strong></span> <span class='ocrx_word' id='word_1_312' title='bbox 1068 1315 1267 1357; x_wconf 76' lang='lat' dir='ltr'><strong>abnormis]</strong></span> <span class='ocrx_word' id='word_1_313' title='bbox 1283 1325 1460 1359; x_wconf 84' lang='lat' dir='ltr'><strong>„prorsus</strong></span> <span class='ocrx_word' id='word_1_314' title='bbox 1480 1314 1655 1349; x_wconf 80' lang='lat' dir='ltr'><strong>diversus</strong></span> 
     </span>
     <span class='ocr_line' id='line_1_60' title="bbox 922 1362 1656 1406; baseline 0.003 -12"><span class='ocrx_word' id='word_1_315' title='bbox 922 1372 944 1395; x_wconf 91' lang='lat' dir='ltr'><strong>a</strong></span> <span class='ocrx_word' id='word_1_316' title='bbox 968 1372 1101 1395; x_wconf 86' lang='lat' dir='ltr'><strong>norma</strong></span> <span class='ocrx_word' id='word_1_317' title='bbox 1124 1362 1201 1403; x_wconf 86' lang='lat' dir='ltr'><strong>illa,</strong></span> <span class='ocrx_word' id='word_1_318' title='bbox 1227 1372 1339 1405; x_wconf 83' lang='lat' dir='ltr'><strong>quam</strong></span> <span class='ocrx_word' id='word_1_319' title='bbox 1363 1362 1497 1406; x_wconf 80' lang='lat' dir='ltr'><strong>volgus</strong></span> <span class='ocrx_word' id='word_1_320' title='bbox 1524 1363 1656 1396; x_wconf 84' lang='lat' dir='ltr'><strong>statuit</strong></span> 
     </span>
     <span class='ocr_line' id='line_1_61' title="bbox 921 1408 1656 1453; baseline 0.003 -12"><span class='ocrx_word' id='word_1_321' title='bbox 921 1408 980 1449; x_wconf 91' lang='lat' dir='ltr'><strong>iis,</strong></span> <span class='ocrx_word' id='word_1_322' title='bbox 1006 1419 1101 1452; x_wconf 89' lang='lat' dir='ltr'><strong>quos</strong></span> <span class='ocrx_word' id='word_1_323' title='bbox 1120 1409 1364 1453; x_wconf 86' lang='lat' dir='ltr'><strong>philosophos</strong></span> <span class='ocrx_word' id='word_1_324' title='bbox 1381 1409 1577 1442; x_wconf 88' lang='lat' dir='ltr'><strong>nominare</strong></span> <span class='ocrx_word' id='word_1_325' title='bbox 1596 1420 1656 1443; x_wconf 87' lang='lat' dir='ltr'><strong>so-</strong></span> 
     </span>
     <span class='ocr_line' id='line_1_62' title="bbox 921 1455 1657 1490; baseline 0.003 -2"><span class='ocrx_word' id='word_1_326' title='bbox 921 1456 991 1489; x_wconf 91' lang='lat' dir='ltr'><strong>let·</strong></span> <span class='ocrx_word' id='word_1_327' title='bbox 1018 1455 1141 1489; x_wconf 87' lang='lat' dir='ltr'><strong>Ofella</strong></span> <span class='ocrx_word' id='word_1_328' title='bbox 1166 1455 1267 1489; x_wconf 90' lang='lat' dir='ltr'><strong>enim</strong></span> <span class='ocrx_word' id='word_1_329' title='bbox 1292 1455 1400 1489; x_wconf 87' lang='lat' dir='ltr'><strong>nulla</strong></span> <span class='ocrx_word' id='word_1_330' title='bbox 1426 1458 1529 1490; x_wconf 86' lang='lat' dir='ltr'><strong>certa</strong></span> <span class='ocrx_word' id='word_1_331' title='bbox 1554 1459 1657 1490; x_wconf 87' lang='lat' dir='ltr'><strong>secta</strong></span> 
     </span>
     <span class='ocr_line' id='line_1_63' title="bbox 921 1481 1656 1547; baseline 0.003 -12"><span class='ocrx_word' id='word_1_332' title='bbox 921 1505 959 1536; x_wconf 88' lang='lat' dir='ltr'><strong>et</strong></span> <span class='ocrx_word' id='word_1_333' title='bbox 975 1481 1176 1547; x_wconf 85' lang='lat' dir='ltr'><strong>disciplina</strong></span> <span class='ocrx_word' id='word_1_334' title='bbox 1192 1503 1370 1544; x_wconf 88' lang='lat' dir='ltr'><strong>nutritus,</strong></span> <span class='ocrx_word' id='word_1_335' title='bbox 1395 1502 1462 1536; x_wconf 89' lang='lat' dir='ltr'><strong>sed</strong></span> <span class='ocrx_word' id='word_1_336' title='bbox 1479 1513 1501 1536; x_wconf 90' lang='lat' dir='ltr'><strong>a</strong></span> <span class='ocrx_word' id='word_1_337' title='bbox 1517 1505 1656 1538; x_wconf 86' lang='lat' dir='ltr'><strong>natura</strong></span> 
     </span>
     <span class='ocr_line' id='line_1_64' title="bbox 922 1548 1653 1594; baseline 0 -11"><span class='ocrx_word' id='word_1_338' title='bbox 922 1548 1077 1583; x_wconf 89' lang='lat' dir='ltr'><strong>edoctus</strong></span> <span class='ocrx_word' id='word_1_339' title='bbox 1102 1551 1192 1591; x_wconf 88' lang='lat' dir='ltr'><strong>erat,</strong></span> <span class='ocrx_word' id='word_1_340' title='bbox 1218 1549 1311 1594; x_wconf 83' lang='lat' dir='ltr'><strong>quid</strong></span> <span class='ocrx_word' id='word_1_341' title='bbox 1334 1560 1465 1583; x_wconf 79' lang='lat' dir='ltr'><strong>verum</strong></span> <span class='ocrx_word' id='word_1_342' title='bbox 1490 1552 1653 1583; x_wconf 87' lang='lat' dir='ltr'><strong>rectum-</strong></span> 
     </span>
     <span class='ocr_line' id='line_1_65' title="bbox 921 1596 1655 1640; baseline 0 -10"><span class='ocrx_word' id='word_1_343' title='bbox 921 1605 996 1640; x_wconf 87' lang='lat' dir='ltr'><strong>que</strong></span> <span class='ocrx_word' id='word_1_344' title='bbox 1021 1597 1154 1630; x_wconf 85' lang='lat' dir='ltr'><strong>esset.“</strong></span> <span class='ocrx_word' id='word_1_345' title='bbox 1178 1615 1221 1620; x_wconf 90' lang='lat'>—</span> <span class='ocrx_word' id='word_1_346' title='bbox 1248 1605 1443 1637; x_wconf 71' lang='lat' dir='ltr'><strong>crassaque</strong></span> <span class='ocrx_word' id='word_1_347' title='bbox 1468 1596 1655 1640; x_wconf 75' lang='lat' dir='ltr'><strong>Minerva]</strong></span> 
     </span>
     <span class='ocr_line' id='line_1_66' title="bbox 922 1643 1656 1688; baseline 0.003 -12"><span class='ocrx_word' id='word_1_348' title='bbox 922 1644 1056 1688; x_wconf 81' lang='lat' dir='ltr'><strong>„longe</strong></span> <span class='ocrx_word' id='word_1_349' title='bbox 1097 1643 1242 1677; x_wconf 86' lang='lat' dir='ltr'><strong>distans</strong></span> <span class='ocrx_word' id='word_1_350' title='bbox 1279 1654 1301 1677; x_wconf 91' lang='lat' dir='ltr'><strong>a</strong></span> <span class='ocrx_word' id='word_1_351' title='bbox 1338 1644 1546 1677; x_wconf 84' lang='lat' dir='ltr'><strong>subtilitate</strong></span> <span class='ocrx_word' id='word_1_352' title='bbox 1588 1644 1656 1678; x_wconf 92' lang='lat' dir='ltr'><strong>illa</strong></span> 
     </span>
     <span class='ocr_line' id='line_1_67' title="bbox 920 1690 1655 1735; baseline 0.003 -12"><span class='ocrx_word' id='word_1_353' title='bbox 920 1700 1031 1734; x_wconf 88' lang='lat' dir='ltr'><strong>saepe</strong></span> <span class='ocrx_word' id='word_1_354' title='bbox 1079 1701 1275 1734; x_wconf 82' lang='lat' dir='ltr'><strong>perversa,</strong></span> <span class='ocrx_word' id='word_1_355' title='bbox 1325 1701 1439 1735; x_wconf 87' lang='lat' dir='ltr'><strong>quam</strong></span> <span class='ocrx_word' id='word_1_356' title='bbox 1480 1690 1655 1725; x_wconf 83' lang='lat' dir='ltr'><strong>affectare</strong></span> 
     </span>
     <span class='ocr_line' id='line_1_68' title="bbox 921 1738 1656 1782; baseline 0.003 -12"><span class='ocrx_word' id='word_1_357' title='bbox 921 1738 1045 1770; x_wconf 86' lang='lat' dir='ltr'><strong>solent</strong></span> <span class='ocrx_word' id='word_1_358' title='bbox 1091 1738 1341 1782; x_wconf 86' lang='lat' dir='ltr'><strong>philosophi.“</strong></span> <span class='ocrx_word' id='word_1_359' title='bbox 1407 1738 1656 1772; x_wconf 82' lang='lat' dir='ltr'><strong>Proverbium</strong></span> 
     </span>
    </p>
   </div>
   <div class='ocr_carea' id='block_1_18' title="bbox 920 1784 1715 1826">
    <p class='ocr_par' dir='ltr' id='par_1_18' title="bbox 920 1784 1715 1826">
     <span class='ocr_line' id='line_1_69' title="bbox 920 1784 1715 1826; baseline 0.004 -10"><span class='ocrx_word' id='word_1_360' title='bbox 920 1793 1063 1826; x_wconf 72' lang='lat' dir='ltr'><strong>crassa,</strong></span> <span class='ocrx_word' id='word_1_361' title='bbox 1087 1786 1215 1826; x_wconf 68' lang='lat' dir='ltr'><strong>pinque·</strong></span> <span class='ocrx_word' id='word_1_362' title='bbox 1239 1786 1408 1819; x_wconf 78' lang='lat' dir='ltr'><strong>Minerva</strong></span> <span class='ocrx_word' id='word_1_363' title='bbox 1434 1784 1525 1826; x_wconf 90' lang='lat' dir='ltr'><strong>(Cic.</strong></span> <span class='ocrx_word' id='word_1_364' title='bbox 1551 1785 1655 1819; x_wconf 83' lang='lat' dir='ltr'><strong>Lael.</strong></span> <span class='ocrx_word' id='word_1_365' title='bbox 1710 1786 1715 1791; x_wconf 85' lang='lat'>&#39;</span> 
     </span>
    </p>
   </div>
   <div class='ocr_carea' id='block_1_19' title="bbox 918 1830 1656 2343">
    <p class='ocr_par' dir='ltr' id='par_1_19' title="bbox 918 1830 1656 2343">
     <span class='ocr_line' id='line_1_70' title="bbox 920 1830 1654 1875; baseline 0.003 -11"><span class='ocrx_word' id='word_1_366' title='bbox 920 1832 953 1873; x_wconf 89' lang='lat'><strong>5,</strong></span> <span class='ocrx_word' id='word_1_367' title='bbox 970 1833 1038 1874; x_wconf 90' lang='grc'><strong>19.)</strong></span> <span class='ocrx_word' id='word_1_368' title='bbox 1056 1842 1079 1866; x_wconf 87' lang='lat' dir='ltr'><strong>a</strong></span> <span class='ocrx_word' id='word_1_369' title='bbox 1096 1834 1244 1866; x_wconf 85' lang='lat' dir='ltr'><strong>textura</strong></span> <span class='ocrx_word' id='word_1_370' title='bbox 1260 1830 1345 1864; x_wconf 88' lang='lat' dir='ltr'><strong>rudi</strong></span> <span class='ocrx_word' id='word_1_371' title='bbox 1364 1832 1565 1875; x_wconf 88' lang='lat' dir='ltr'><strong>repetitum</strong></span> <span class='ocrx_word' id='word_1_372' title='bbox 1585 1835 1654 1866; x_wconf 83' lang='lat' dir='ltr'><strong>est.</strong></span> 
     </span>
     <span class='ocr_line' id='line_1_71' title="bbox 921 1878 1654 1923; baseline 0.001 -12"><span class='ocrx_word' id='word_1_373' title='bbox 921 1896 965 1901; x_wconf 81' lang='lat'><strong>-—</strong></span> <span class='ocrx_word' id='word_1_374' title='bbox 982 1878 1117 1921; x_wconf 75' lang='lat' dir='ltr'><strong>lances]</strong></span> <span class='ocrx_word' id='word_1_375' title='bbox 1131 1889 1265 1913; x_wconf 89' lang='lat' dir='ltr'><strong>aureas</strong></span> <span class='ocrx_word' id='word_1_376' title='bbox 1279 1881 1316 1912; x_wconf 89' lang='lat' dir='ltr'><strong>et</strong></span> <span class='ocrx_word' id='word_1_377' title='bbox 1329 1881 1539 1923; x_wconf 83' lang='lat' dir='ltr'><strong>argenteas,</strong></span> <span class='ocrx_word' id='word_1_378' title='bbox 1556 1887 1654 1912; x_wconf 71' lang='lat' dir='ltr'><strong>men-</strong></span> 
     </span>
     <span class='ocr_line' id='line_1_72' title="bbox 920 1926 1655 1968; baseline 0.003 -10"><span class='ocrx_word' id='word_1_379' title='bbox 920 1933 980 1958; x_wconf 76' lang='lat' dir='ltr'><strong>sas</strong></span> <span class='ocrx_word' id='word_1_380' title='bbox 1004 1936 1231 1959; x_wconf 85' lang='lat' dir='ltr'><strong>marmoreas</strong></span> <span class='ocrx_word' id='word_1_381' title='bbox 1256 1926 1317 1959; x_wconf 82' lang='lat' dir='ltr'><strong>ve}</strong></span> <span class='ocrx_word' id='word_1_382' title='bbox 1341 1926 1495 1968; x_wconf 84' lang='lat' dir='ltr'><strong>citreas3</strong></span> <span class='ocrx_word' id='word_1_383' title='bbox 1529 1929 1655 1960; x_wconf 79' lang='lat' dir='ltr'><strong>utrae-</strong></span> 
     </span>
     <span class='ocr_line' id='line_1_73' title="bbox 921 1973 1656 2017; baseline 0 -11"><span class='ocrx_word' id='word_1_384' title='bbox 921 1983 996 2016; x_wconf 89' lang='lat' dir='ltr'><strong>que</strong></span> <span class='ocrx_word' id='word_1_385' title='bbox 1013 1975 1137 2006; x_wconf 84' lang='lat' dir='ltr'><strong>autem</strong></span> <span class='ocrx_word' id='word_1_386' title='bbox 1164 1974 1276 2005; x_wconf 75' lang='lat' dir='ltr'><strong>nitent</strong></span> <span class='ocrx_word' id='word_1_387' title='bbox 1294 1975 1331 2006; x_wconf 86' lang='lat' dir='ltr'><strong>et</strong></span> <span class='ocrx_word' id='word_1_388' title='bbox 1353 1973 1507 2017; x_wconf 88' lang='lat' dir='ltr'><strong>proprio</strong></span> <span class='ocrx_word' id='word_1_389' title='bbox 1530 1973 1656 2017; x_wconf 88' lang='lat' dir='ltr'><strong>splen-</strong></span> 
     </span>
     <span class='ocr_line' id='line_1_74' title="bbox 920 2018 1655 2054; baseline 0.001 -2"><span class='ocrx_word' id='word_1_390' title='bbox 920 2018 1010 2052; x_wconf 90' lang='lat' dir='ltr'><strong>dore</strong></span> <span class='ocrx_word' id='word_1_391' title='bbox 1037 2023 1073 2053; x_wconf 89' lang='lat' dir='ltr'><strong>et</strong></span> <span class='ocrx_word' id='word_1_392' title='bbox 1104 2022 1226 2053; x_wconf 87' lang='lat' dir='ltr'><strong>tersae</strong></span> <span class='ocrx_word' id='word_1_393' title='bbox 1253 2030 1275 2053; x_wconf 90' lang='lat' dir='ltr'><strong>a</strong></span> <span class='ocrx_word' id='word_1_394' title='bbox 1300 2020 1430 2054; x_wconf 83' lang='lat' dir='ltr'><strong>servis.</strong></span> <span class='ocrx_word' id='word_1_395' title='bbox 1478 2019 1655 2053; x_wconf 90' lang='lat' dir='ltr'><strong>Iunctum</strong></span> 
     </span>
     <span class='ocr_line' id='line_1_75' title="bbox 919 2066 1655 2110; baseline 0.003 -12"><span class='ocrx_word' id='word_1_396' title='bbox 919 2067 1071 2110; x_wconf 84' lang='lat' dir='ltr'><strong>utrique</strong></span> <span class='ocrx_word' id='word_1_397' title='bbox 1097 2066 1241 2100; x_wconf 92' lang='lat' dir='ltr'><strong>nomini</strong></span> <span class='ocrx_word' id='word_1_398' title='bbox 1266 2071 1322 2100; x_wconf 90' lang='lat' dir='ltr'><strong>est</strong></span> <span class='ocrx_word' id='word_1_399' title='bbox 1346 2066 1536 2105; x_wconf 77' lang='grc' dir='ltr'><strong>ἐπίθετον,</strong></span> <span class='ocrx_word' id='word_1_400' title='bbox 1562 2072 1605 2100; x_wconf 85' lang='lat' dir='ltr'><strong>ut</strong></span> <span class='ocrx_word' id='word_1_401' title='bbox 1620 2077 1655 2100; x_wconf 80' lang='lat' dir='ltr'><strong>v.</strong></span> 
     </span>
     <span class='ocr_line' id='line_1_76' title="bbox 920 2114 1653 2154; baseline 0.001 -9"><span class='ocrx_word' id='word_1_402' title='bbox 920 2115 976 2145; x_wconf 87' lang='lat'><strong>95.</strong></span> <span class='ocrx_word' id='word_1_403' title='bbox 1002 2114 1159 2153; x_wconf 61' lang='lat' dir='ltr'><strong>&lt;prandes</strong></span> <span class='ocrx_word' id='word_1_404' title='bbox 1184 2114 1324 2146; x_wconf 76' lang='lat' dir='ltr'><strong>rhombi</strong></span> <span class='ocrx_word' id='word_1_405' title='bbox 1352 2115 1588 2154; x_wconf 75' lang='lat' dir='ltr'><strong>patinaeque.</strong></span> <span class='ocrx_word' id='word_1_406' title='bbox 1609 2132 1653 2137; x_wconf 94' lang='lat'><strong>—</strong></span> 
     </span>
     <span class='ocr_line' id='line_1_77' title="bbox 921 2160 1654 2202; baseline 0.005 -11"><span class='ocrx_word' id='word_1_407' title='bbox 921 2160 1008 2192; x_wconf 75' lang='lat' dir='ltr'><strong>Cum</strong></span> <span class='ocrx_word' id='word_1_408' title='bbox 1055 2162 1172 2200; x_wconf 75' lang='lat' dir='ltr'><strong>stupet</strong></span> <span class='ocrx_word' id='word_1_409' title='bbox 1213 2161 1305 2202; x_wconf 85' lang='lat' dir='ltr'><strong>cet.]</strong></span> <span class='ocrx_word' id='word_1_410' title='bbox 1358 2185 1374 2201; x_wconf 88' lang='lat'>„</span> <span class='ocrx_word' id='word_1_411' title='bbox 1388 2170 1472 2194; x_wconf 90' lang='lat' dir='ltr'><strong>cum</strong></span> <span class='ocrx_word' id='word_1_412' title='bbox 1522 2161 1654 2195; x_wconf 90' lang='lat' dir='ltr'><strong>oculus</strong></span> 
     </span>
     <span class='ocr_line' id='line_1_78' title="bbox 921 2205 1654 2250; baseline 0.004 -12"><span class='ocrx_word' id='word_1_413' title='bbox 921 2205 1045 2247; x_wconf 82' lang='lat' dir='ltr'><strong>(acies)</strong></span> <span class='ocrx_word' id='word_1_414' title='bbox 1059 2205 1206 2250; x_wconf 84' lang='lat' dir='ltr'><strong>fulgore</strong></span> <span class='ocrx_word' id='word_1_415' title='bbox 1220 2206 1286 2239; x_wconf 91' lang='lat' dir='ltr'><strong>illo</strong></span> <span class='ocrx_word' id='word_1_416' title='bbox 1305 2206 1519 2242; x_wconf 89' lang='lat' dir='ltr'><strong>incredibili</strong></span> <span class='ocrx_word' id='word_1_417' title='bbox 1546 2217 1654 2250; x_wconf 88' lang='lat' dir='ltr'><strong>prae-</strong></span> 
     </span>
     <span class='ocr_line' id='line_1_79' title="bbox 920 2252 1654 2297; baseline 0.004 -12"><span class='ocrx_word' id='word_1_418' title='bbox 920 2252 1152 2297; x_wconf 85' lang='lat' dir='ltr'><strong>stringitur.“</strong></span> <span class='ocrx_word' id='word_1_419' title='bbox 1172 2271 1215 2275; x_wconf 95' lang='lat'><strong>——</strong></span> <span class='ocrx_word' id='word_1_420' title='bbox 1233 2254 1387 2295; x_wconf 73' lang='lat' dir='ltr'><strong>imanis!</strong></span> <span class='ocrx_word' id='word_1_421' title='bbox 1418 2253 1553 2294; x_wconf 86' lang='lat' dir='ltr'><strong>„nimis</strong></span> <span class='ocrx_word' id='word_1_422' title='bbox 1577 2264 1654 2288; x_wconf 91' lang='lat' dir='ltr'><strong>ma-</strong></span> 
     </span>
     <span class='ocr_line' id='line_1_80' title="bbox 918 2299 1655 2343; baseline 0.005 -12"><span class='ocrx_word' id='word_1_423' title='bbox 918 2299 1037 2343; x_wconf 83' lang='lat' dir='ltr'><strong>gnis.“</strong></span> <span class='ocrx_word' id='word_1_424' title='bbox 1079 2299 1174 2332; x_wconf 71' lang='lat' dir='ltr'><strong>Aen.</strong></span> <span class='ocrx_word' id='word_1_425' title='bbox 1198 2317 1247 2323; x_wconf 77' lang='lat'><strong>——</strong></span> <span class='ocrx_word' id='word_1_426' title='bbox 1270 2300 1443 2343; x_wconf 71' lang='lat' dir='ltr'><strong>Acclim‘s]</strong></span> <span class='ocrx_word' id='word_1_427' title='bbox 1472 2311 1544 2334; x_wconf 80' lang='lat' dir='ltr'><strong>vox</strong></span> <span class='ocrx_word' id='word_1_428' title='bbox 1567 2312 1655 2335; x_wconf 86' lang='lat' dir='ltr'><strong>rara</strong></span> 
     </span>
    </p>
   </div>
   <div class='ocr_carea' id='block_1_20' title="bbox 920 2345 1716 2392">
    <p class='ocr_par' dir='ltr' id='par_1_20' title="bbox 920 2345 1716 2392">
     <span class='ocr_line' id='line_1_81' title="bbox 920 2345 1716 2392; baseline 0.004 -13"><span class='ocrx_word' id='word_1_429' title='bbox 920 2348 957 2379; x_wconf 93' lang='lat' dir='ltr'><strong>et</strong></span> <span class='ocrx_word' id='word_1_430' title='bbox 980 2345 1129 2390; x_wconf 70' lang='lat' dir='ltr'><strong>poetica</strong></span> <span class='ocrx_word' id='word_1_431' title='bbox 1165 2345 1286 2392; x_wconf 79' lang='lat' dir='ltr'><strong>(Virg.</strong></span> <span class='ocrx_word' id='word_1_432' title='bbox 1322 2347 1417 2381; x_wconf 84' lang='lat' dir='ltr'><strong>Aen.</strong></span> <span class='ocrx_word' id='word_1_433' title='bbox 1446 2349 1509 2390; x_wconf 89' lang='lat'><strong>10,</strong></span> <span class='ocrx_word' id='word_1_434' title='bbox 1542 2348 1653 2390; x_wconf 87' lang='lat'><strong>835.)‚</strong></span> <span class='ocrx_word' id='word_1_435' title='bbox 1709 2366 1716 2371; x_wconf 89' lang='lat'><strong>·</strong></span> 
     </span>
    </p>
   </div>
   <div class='ocr_carea' id='block_1_21' title="bbox 918 2392 1653 2766">
    <p class='ocr_par' dir='ltr' id='par_1_21' title="bbox 918 2392 1653 2578">
     <span class='ocr_line' id='line_1_82' title="bbox 918 2392 1653 2439; baseline 0.004 -13"><span class='ocrx_word' id='word_1_436' title='bbox 918 2392 1078 2426; x_wconf 85' lang='lat' dir='ltr'><strong>formata</strong></span> <span class='ocrx_word' id='word_1_437' title='bbox 1102 2396 1145 2426; x_wconf 90' lang='lat' dir='ltr'><strong>ut</strong></span> <span class='ocrx_word' id='word_1_438' title='bbox 1168 2395 1330 2433; x_wconf 75' lang='lat' dir='ltr'><strong>inclinis,</strong></span> <span class='ocrx_word' id='word_1_439' title='bbox 1355 2395 1513 2436; x_wconf 72' lang='lat' dir='ltr'><strong>reclinis,</strong></span> <span class='ocrx_word' id='word_1_440' title='bbox 1540 2405 1653 2439; x_wconf 87' lang='lat' dir='ltr'><strong>saepe</strong></span> 
     </span>
     <span class='ocr_line' id='line_1_83' title="bbox 920 2439 1652 2483; baseline 0.003 -10"><span class='ocrx_word' id='word_1_441' title='bbox 920 2439 1164 2474; x_wconf 86' lang='lat' dir='ltr'><strong>confunditur</strong></span> <span class='ocrx_word' id='word_1_442' title='bbox 1197 2451 1282 2474; x_wconf 90' lang='lat' dir='ltr'><strong>cum</strong></span> <span class='ocrx_word' id='word_1_443' title='bbox 1307 2452 1340 2474; x_wconf 83' lang='lat' dir='ltr'><strong>v.</strong></span> <span class='ocrx_word' id='word_1_444' title='bbox 1366 2442 1531 2483; x_wconf 70' lang='lat' dir='ltr'><strong>acclivis3</strong></span> <span class='ocrx_word' id='word_1_445' title='bbox 1564 2443 1600 2475; x_wconf 87' lang='lat' dir='ltr'><strong>h.</strong></span> <span class='ocrx_word' id='word_1_446' title='bbox 1626 2442 1652 2475; x_wconf 88' lang='lat' dir='ltr'><strong>l.</strong></span> 
     </span>
     <span class='ocr_line' id='line_1_84' title="bbox 918 2486 1652 2533; baseline 0.003 -13"><span class='ocrx_word' id='word_1_447' title='bbox 918 2486 1061 2530; x_wconf 87' lang='lat' dir='ltr'><strong>tropice</strong></span> <span class='ocrx_word' id='word_1_448' title='bbox 1088 2486 1335 2530; x_wconf 88' lang='lat' dir='ltr'><strong>„inclinatus‚</strong></span> <span class='ocrx_word' id='word_1_449' title='bbox 1367 2498 1580 2533; x_wconf 88' lang='lat' dir='ltr'><strong>propensus</strong></span> <span class='ocrx_word' id='word_1_450' title='bbox 1605 2488 1652 2522; x_wconf 87' lang='lat' dir='ltr'><strong>ad</strong></span> 
     </span>
     <span class='ocr_line' id='line_1_85' title="bbox 918 2533 1264 2578; baseline 0 -12"><span class='ocrx_word' id='word_1_451' title='bbox 918 2533 1014 2567; x_wconf 84' lang='lat' dir='ltr'><strong>falsa</strong></span> <span class='ocrx_word' id='word_1_452' title='bbox 1037 2533 1264 2578; x_wconf 81' lang='lat' dir='ltr'><strong>probanda.“</strong></span> 
     </span>
    </p>

    <p class='ocr_par' dir='ltr' id='par_1_22' title="bbox 918 2581 1653 2766">
     <span class='ocr_line' id='line_1_86' title="bbox 966 2581 1653 2623; baseline 0.003 -10"><span class='ocrx_word' id='word_1_453' title='bbox 966 2581 1063 2614; x_wconf 88' lang='grc'><strong>7-13.</strong></span> <span class='ocrx_word' id='word_1_454' title='bbox 1096 2581 1174 2623; x_wconf 79' lang='lat' dir='ltr'><strong>hic]</strong></span> <span class='ocrx_word' id='word_1_455' title='bbox 1202 2582 1263 2622; x_wconf 78' lang='lat' dir='ltr'><strong>„in</strong></span> <span class='ocrx_word' id='word_1_456' title='bbox 1289 2581 1464 2615; x_wconf 84' lang='lat' dir='ltr'><strong>familiari</strong></span> <span class='ocrx_word' id='word_1_457' title='bbox 1490 2582 1561 2615; x_wconf 91' lang='lat' dir='ltr'><strong>hoc</strong></span> <span class='ocrx_word' id='word_1_458' title='bbox 1586 2592 1653 2615; x_wconf 91' lang='lat' dir='ltr'><strong>no-</strong></span> 
     </span>
     <span class='ocr_line' id='line_1_87' title="bbox 919 2628 1653 2672; baseline 0.003 -12"><span class='ocrx_word' id='word_1_459' title='bbox 919 2629 995 2660; x_wconf 87' lang='lat' dir='ltr'><strong>stro</strong></span> <span class='ocrx_word' id='word_1_460' title='bbox 1029 2628 1190 2669; x_wconf 87' lang='lat' dir='ltr'><strong>circulo,</strong></span> <span class='ocrx_word' id='word_1_461' title='bbox 1223 2630 1261 2662; x_wconf 89' lang='lat' dir='ltr'><strong>et</strong></span> <span class='ocrx_word' id='word_1_462' title='bbox 1293 2628 1447 2672; x_wconf 88' lang='lat' dir='ltr'><strong>quidem</strong></span> <span class='ocrx_word' id='word_1_463' title='bbox 1480 2631 1567 2661; x_wconf 87' lang='lat' dir='ltr'><strong>ante</strong></span> <span class='ocrx_word' id='word_1_464' title='bbox 1602 2628 1653 2662; x_wconf 92' lang='lat' dir='ltr'><strong>ci-</strong></span> 
     </span>
     <span class='ocr_line' id='line_1_88' title="bbox 918 2674 1653 2718; baseline 0.001 -10"><span class='ocrx_word' id='word_1_465' title='bbox 918 2674 986 2708; x_wconf 91' lang='lat' dir='ltr'><strong>bos</strong></span> <span class='ocrx_word' id='word_1_466' title='bbox 1011 2675 1235 2718; x_wconf 85' lang='lat' dir='ltr'><strong>appositos.“</strong></span> <span class='ocrx_word' id='word_1_467' title='bbox 1262 2694 1306 2699; x_wconf 90' lang='lat'>—</span> <span class='ocrx_word' id='word_1_468' title='bbox 1332 2674 1534 2716; x_wconf 75' lang='lat' dir='ltr'><strong>impransi]</strong></span> <span class='ocrx_word' id='word_1_469' title='bbox 1570 2685 1653 2716; x_wconf 81' lang='lat' dir='ltr'><strong>„so-</strong></span> 
     </span>
     <span class='ocr_line' id='line_1_89' title="bbox 918 2720 1652 2766; baseline 0.001 -12"><span class='ocrx_word' id='word_1_470' title='bbox 918 2721 1002 2764; x_wconf 91' lang='lat' dir='ltr'><strong>brii,</strong></span> <span class='ocrx_word' id='word_1_471' title='bbox 1026 2722 1247 2766; x_wconf 87' lang='lat' dir='ltr'><strong>priusquam</strong></span> <span class='ocrx_word' id='word_1_472' title='bbox 1273 2722 1361 2755; x_wconf 85' lang='lat' dir='ltr'><strong>vina</strong></span> <span class='ocrx_word' id='word_1_473' title='bbox 1386 2724 1424 2755; x_wconf 88' lang='lat' dir='ltr'><strong>et</strong></span> <span class='ocrx_word' id='word_1_474' title='bbox 1448 2720 1523 2755; x_wconf 88' lang='lat' dir='ltr'><strong>cibi</strong></span> <span class='ocrx_word' id='word_1_475' title='bbox 1548 2731 1652 2755; x_wconf 88' lang='lat' dir='ltr'><strong>men-</strong></span> 
     </span>
    </p>
   </div>
  </div>
 </body>
</html>
