1774 2930
677 123 771 158 Lm.
795 123 844 158 Π.
893 122 996 158 8ΑΤ.
1019 122 1088 158 ΠΙ.

1564 123 1647 165 185

243 226 368 270 Haec
396 225 503 268 mihi
533 223 784 277 Stertinius,
817 224 1060 280 sapientum
1090 226 1286 276 octavus,
1318 223 1454 265 amico

245 297 380 340 Διιιια
408 295 545 350 dedit,
576 295 759 352 posthac
787 308 842 337 ne
874 293 1153 350 compellaret·
1181 293 1358 336 inultus.

243 367 417 410 Dixerit
447 367 644 409 insanum
676 366 749 422 qui
778 379 866 419 me,
896 364 1076 407 totidem
1106 363 1251 407 audiet
1281 368 1411 421 atque

245 437 481 494 Respicere
509 437 656 493 ignoto
687 436 824 479 discet
854 435 1086 492 pendentia
1113 438 1249 491 tergo.

248 508 409 562 Stoice,
440 511 539 564 post
569 507 771 550 damnum
802 507 865 549 sic
894 506 1055 550 vendas
1087 506 1231 548 omnia
1260 505 1394 561 pluris
1407 537 1418 558 ,

1561 505 1647 546 300

248 578 344 627 Qua
373 593 442 621 me
472 570 673 632 stultitia,
705 578 905 633 quoniam
935 590 1022 619 non
1053 580 1119 619 est
1149 590 1285 632 genus
1315 589 1468 628 unum,

246 649 440 692 Insanire
470 650 628 705 putas?
657 648 752 704 Ego
783 662 883 691 nam
912 647 1061 690 videor
1091 647 1197 689 mihi
1229 661 1373 689 sanus.

250 719 382 774 Quid,
413 724 544 776 caput
571 719 808 762 abscissum
838 718 1035 761 manibus
1068 732 1166 760 cum
1195 721 1338 773 portat
1368 716 1518 773 Agave

226 845 306 876 301.
333 845 416 885 Qua
438 852 494 877 me
518 843 676 877 stultitia
700 841 799 887 bScp
826 845 863 876 et
888 851 1016 876 omnes
1041 841 1236 882 Pottierii‚
1270 840 1358 874 tFJ:
1398 841 1518 882 Quam
1541 848 1600 873 me

175 891 370 925 stultitiam
393 889 474 932 Lo,
507 889 702 923 Bentleius
729 891 766 923 et
789 888 837 922 M.
862 907 908 912 —
934 890 1013 922 303.
1048 889 1229 921 abscisum
1254 887 1340 930 (sic)
1367 888 1510 921 demens
1537 897 1599 920 su-

177 947 320 981 perscr.
347 938 428 980 „vel
452 938 642 970 manilnw‘
668 944 751 970 cum
776 935 811 978 S,
837 937 1016 969 abscisum
1040 937 1184 969 demens
1209 943 1291 968 cum
1316 935 1374 976 bc,
1404 935 1600 967 abscissum

177 985 320 1017 demens
345 993 427 1018 cum
451 983 577 1028 p,LGt.
618 984 812 1026 (abscisum
836 984 1004 1016 manibus
1029 991 1110 1016 cum
1142 982 1419 1016 vetustissimus
1444 981 1599 1015 Blandi-

179 1030 278 1072 nius,
303 1031 467 1076 optimus
490 1030 706 1073 Pulmanni,
730 1029 945 1064 Bentleiani
970 1030 1076 1071 tres.)

450 1137 774 1171 conturbationem
820 1145 862 1170 ac

130 1184 341 1226 vesaniam,
382 1194 495 1229 quam
529 1193 722 1226 percussa,
761 1183 862 1228 quod

131 1233 198 1264 aut
221 1230 267 1264 de
293 1230 423 1265 dolore
455 1231 583 1275 aliquo
618 1234 684 1264 aut
713 1231 758 1264 de
784 1231 862 1264 acri

132 1277 310 1321 cupidine
343 1278 484 1312 rectius
519 1288 692 1322 usurpes.
726 1296 773 1301 —-
806 1279 863 1310 Ti-

131 1332 233 1357 more
241 1325 404 1367 deor-um]
414 1323 721 1368 (δεισιδαιμονίᾳ)
731 1324 863 1368 utique

133 1370 363 1413 reiiciendo,
410 1381 494 1404 cum
534 1371 709 1405 laudetur
750 1374 864 1404 melus

133 1419 296 1460 domm,
321 1420 364 1452 ut
386 1418 518 1452 Livius
543 1420 606 1460 21,
631 1421 665 1451 4.
691 1418 737 1452 de
762 1418 864 1452 Han-

134 1464 278 1499 nibale:
303 1466 428 1499 nullus
444 1467 553 1498 deum
568 1468 695 1507 metus,
720 1466 865 1498 nullum

123 1513 191 1545 ⁴im
214 1514 425 1554 iurandum,
451 1513 558 1545 nulla
582 1513 724 1553 reticio.

182 1561 350 1593 296·299.
374 1559 536 1602 octavus]
563 1559 715 1602 comice,
741 1562 783 1592 ut
803 1559 865 1593 Iu-

134 1616 216 1640 ven.
242 1608 275 1648 2,
300 1608 364 1640 40:
398 1607 583 1647 Tertius-e
607 1608 709 1639 caelo
733 1608 865 1640 decidit

127 1654 240 1696 ca103
266 1655 373 1698 grata
396 1655 531 1688 contra
547 1653 755 1697 hyperbola
772 1653 863 1697 Sap-

133 1700 209 1745 pho
235 1699 390 1734 Graecis
419 1703 475 1734 est
505 1700 649 1734 decima
672 1699 792 1734 Musa.
820 1719 863 1724 —

133 1756 181 1781 ne
197 1747 451 1790 compellar-er]
480 1758 548 1790 „ne
567 1747 764 1781 iniuriosis
782 1758 863 1782 ver-

133 1793 193 1828 bis
209 1805 268 1828 me
285 1793 525 1828 adorirentur
550 1794 673 1839 iniqui
690 1794 799 1828 mei.“
820 1814 863 1818 ——

131 1838 297 1895 tolidem]
324 1844 437 1896 „quot
461 1841 526 1875 ille
543 1842 636 1875 mihi
662 1841 865 1887 ingesserit

134 1888 249 1922 verba
280 1888 467 1922 insaniam
501 1888 773 1933 significantia:
808 1890 865 1922 in·

135 1945 246 1977 sane,
270 1934 409 1978 delire,
434 1935 570 1969 cerrite
596 1939 686 1977 cet.,
712 1935 866 1969 totidem

134 1991 269 2015 rursus
297 1992 477 2026 regeram.
527 1982 587 2015 Sic
613 1993 698 2016 eum
723 1982 864 2017 docebo

137 2038 208 2062 sua
243 2028 362 2071 ipsius
399 2029 489 2062 vitia
525 2029 715 2073 respicere
753 2032 865 2074 atque

134 2076 376 2119 agnoscere.“
424 2074 520 2108 Nota
545 2079 601 2109 est
633 2075 772 2110 fabella
795 2077 867 2110 Ae-

138 2121 246 2165 sopia
269 2121 445 2163 (Phaedr.
471 2124 512 2162 4,
540 2123 614 2163 10.‚
645 2122 756 2156 Babr.
783 2124 867 2165 66.)‚

136 2167 230 2202 duas
254 2178 365 2212 peras
391 2179 419 2202 s.
440 2168 623 2202 manticas
649 2169 758 2202 nobis
785 2180 866 2204 esse

134 2213 262 2256 datas,
286 2225 399 2248 unam
424 2226 444 2248 e
470 2218 640 2259 pectore,
665 2217 821 2249 alteram
847 2228 867 2250 e

137 2263 243 2307 tergo
262 2272 501 2306 suspensam3
528 2262 567 2295 in
594 2263 658 2296 illa
675 2263 799 2296 aliena
815 2263 868 2296 vi-

135 2308 201 2350 tia,
226 2309 266 2342 in
292 2309 361 2342 hac
386 2310 538 2353 propria
564 2310 760 2343 asservari.
790 2310 867 2343 Alii

134 2356 286 2390 collatis
311 2357 482 2390 versibus
516 2358 559 2390 52
596 2367 650 2400 sq.
677 2356 722 2390 de
750 2356 868 2391 cauda

137 2412 161 2436 a
192 2405 297 2448 tergo
339 2413 524 2447 suspensa
565 2404 788 2448 cogitarunt.
821 2422 869 2429 --

134 2450 275 2493 iuncto]
302 2450 425 2494 „quod
450 2461 644 2494 nunquam
663 2451 866 2485 videmus.“

138 2495 273 2530 Catull.
299 2498 363 2539 22,
398 2500 461 2532 20:
498 2499 593 2532 suus
626 2500 783 2538 quoique
813 2501 869 2532 at-

134 2545 294 2578 tributus
327 2547 378 2578 est
411 2553 536 2578 error.-
565 2547 635 2579 Sed
666 2553 741 2578 non
772 2546 868 2578 vide-

137 2598 218 2623 mus
239 2593 423 2625 manticae
447 2594 543 2632 quod
567 2594 606 2624 in
630 2595 731 2633 lerqo
758 2595 819 2625 est.

187 2638 272 2670 300-
272 2640 353 2671 302.
378 2638 443 2681 sic]
460 2639 540 2672 Hac
552 2639 739 2682 particula
756 2641 868 2672 utun·

138 2685 213 2725 tur,
237 2684 302 2718 ubi
327 2680 459 2729 optant
482 2686 628 2730 aliquid
653 2697 675 2720 a
700 2686 758 2719 dis
783 2696 867 2730 pre-

122 1135 219 1170 ficat
265 1137 401 1171 mentis

912 1138 1052 1170 cantes.
1079 1134 1165 1169 Vid.
1183 1134 1230 1169 ad
1249 1134 1318 1169 od.
1347 1137 1378 1177 1,
1405 1137 1438 1177 3,
1465 1136 1497 1168 1.
1526 1132 1646 1178 „Opto

912 1193 1042 1216 verum
1075 1182 1168 1216 mihi
1202 1182 1326 1224 dicas3
1364 1181 1439 1223 sic,
1478 1181 1542 1214 ubi
1578 1181 1647 1215 hoc

911 1229 1061 1271 feceris,
1087 1230 1281 1274 contingat
1305 1228 1386 1270 tibi,
1413 1231 1455 1262 ut
1479 1230 1565 1272 post
1591 1228 1647 1262 rei

911 1276 1110 1310 familiaris
1148 1276 1387 1321 naufragium
1420 1286 1555 1309 rursus
1590 1275 1648 1308 lu-

913 1334 1018 1356 crum
1050 1323 1167 1357 facias
1201 1324 1241 1356 in
1273 1322 1481 1357 vendendis
1515 1322 1647 1364 hortis,

912 1370 1070 1413 tabulis,
1104 1370 1243 1414 signis,
1278 1373 1315 1404 et
1340 1369 1495 1414 quidem
1527 1369 1648 1403 maius

913 1417 1025 1452 etiam
1062 1427 1175 1462 qnam
1212 1420 1341 1458 antea,
1384 1427 1459 1461 quo
1501 1416 1650 1450 iactura

913 1464 980 1498 illa
1006 1465 1080 1498 cito
1115 1464 1415 1508 compensetur-‚¹⁶
1443 1482 1486 1488 —
1510 1463 1649 1506 pluris]

915 1522 1050 1555 „quam
1086 1511 1307 1556 priusquam
1344 1510 1563 1545 decoxisti.“
1603 1529 1648 1535 -

914 1560 997 1600 Qua
1020 1567 1077 1592 me
1101 1558 1272 1601 stultitia]
1313 1558 1420 1592 Hanc
1447 1558 1648 1592 lectionem

912 1606 1078 1650 praetuli
1114 1609 1269 1650 propter
1304 1605 1485 1639 Codicum
1523 1608 1650 1639 aucto-

912 1653 1074 1687 ritatem.
1102 1652 1285 1697 „Propter
1311 1663 1423 1697 quam
1450 1652 1649 1686 stultitiam

912 1703 978 1734 tua
1002 1711 1047 1734 ex
1072 1700 1245 1734 doctrina
1271 1711 1329 1734 me
1354 1700 1500 1734 insanis
1530 1699 1649 1733 adnu-

912 1747 1061 1781 meras?
1101 1747 1203 1792 quod
1229 1747 1383 1791 quidem
1413 1747 1502 1780 mihi
1536 1747 1649 1780 nimis

913 1805 1086 1828 severum
1102 1794 1287 1828 iudicium
1300 1794 1486 1828 videtur.“
1503 1813 1547 1817 —
1562 1802 1650 1834 quo-

913 1843 1015 1875 niam
1040 1850 1114 1875 non
1140 1844 1190 1875 est
1215 1850 1327 1883 uenus
1351 1841 1480 1884 umam]
1506 1841 1591 1874 Vid.
1616 1851 1648 1874 v.

914 1890 959 1922 53
985 1899 1067 1933 sqq.
1093 1908 1136 1912 —
1162 1891 1241 1930 Eoo
1266 1897 1353 1922 nam
1379 1888 1463 1932 cet.]
1490 1888 1576 1922 vid.
1602 1887 1649 1922 ad

914 1946 947 1968 v.
971 1938 1027 1969 20.

962 1984 1042 2016 303.
1069 1985 1149 2017 304.
1523 1982 1651 2027 inquit

914 2029 1186 2074 Damasippus,
1222 2030 1348 2074 „quod
1373 2032 1415 2063 tu
1440 2030 1510 2063 tibi
1537 2040 1650 2063 sanus

915 2076 1068 2110 videris.
1093 2077 1196 2110 Haec
1220 2078 1303 2120 ipsa
1319 2077 1419 2110 enim
1438 2076 1526 2110 mali
1544 2077 1650 2121 igno-

915 2124 1010 2156 ratio
1037 2123 1208 2157 insaniae
1235 2126 1292 2157 est
1316 2124 1503 2167 propria.“
1525 2142 1566 2146 —
1590 2132 1651 2156 ca-

913 2172 979 2210 put
1005 2171 1202 2203 abscissum
1220 2170 1304 2213 cet]
1330 2170 1468 2215 Hygin.
1494 2170 1534 2203 F.
1564 2172 1650 2203 184:

916 2218 1107 2258 Pentheus,
1132 2218 1303 2250 Echionis
1326 2220 1358 2250 el
1374 2220 1516 2258 Aaaves
1540 2218 1648 2259 filius,

917 2263 1000 2304 (rex
1032 2265 1263 2307 Theb-mm),
1300 2265 1469 2298 Liberum
1506 2266 1650 2305 negavit

915 2311 1022 2343 deum
1047 2320 1120 2344 esse
1154 2320 1218 2344 nec
1250 2313 1424 2352 mysteria
1455 2313 1532 2345 eius
1557 2313 1650 2345 acci-

913 2366 1001 2398 pere
1037 2359 1164 2391 voluit.
1216 2360 1268 2392 01>
1307 2360 1373 2392 hoc
1410 2367 1489 2391 eum
1523 2360 1650 2400 Aqave

915 2407 1033 2437 mater
1062 2413 1143 2438 cum
1174 2407 1360 2439 sororibus
1385 2408 1454 2439 Im)
1480 2409 1512 2439 et
1538 2407 1650 2439 Auto-

915 2453 985 2484 ηοᾶ
1014 2461 1083 2493 per
1112 2454 1299 2486 insaniam
1333 2462 1357 2486 a
1390 2454 1522 2486 Libero
1555 2454 1649 2486 obie-

916 2501 1014 2532 ctam
1036 2501 1265 2533 membratim
1292 2501 1460 2533 laniavit.
1509 2500 1563 2532 De
1590 2509 1650 2533 ea-

915 2544 999 2579 dem
1025 2556 1066 2579 re
1092 2545 1198 2580 ovid.
1223 2546 1310 2580 Met.
1337 2549 1375 2588 3,
1403 2549 1493 2580 727:
1520 2547 1651 2579 Avol-

914 2601 1104 2634 sumque
1145 2596 1254 2635 caput
1296 2595 1417 2634 divitis
1460 2594 1650 2634 complexa

917 2640 1071 2684 (Agave)
1098 2642 1255 2674 cruemt's
1282 2642 1422 2673 Clamat
1450 2642 1515 2681 „10
1541 2642 1648 2673 comi-

916 2689 978 2728 tes,
996 2696 1084 2728 opus
1101 2689 1188 2721 haec
1204 2689 1356 2720 mecona
1372 2690 1534 2720 nostrum
1553 2689 1604 2720 est
1614 2687 1647 2720 1⁴*

1201 1982 1286 2024 „Nil
1315 1982 1489 2024 mirum“‚
