1786 2912
126 165 183 206 28

630 164 837 199 HORATII
862 164 1146 200 SATIRARUM

181 271 356 325 Nonne,
388 270 659 326 cupidinibus
692 274 852 313 statuat
882 275 1038 313 natura
1067 270 1241 312 modum
1273 285 1419 327 quem,

184 341 297 390 Quid
327 342 466 383 latura
496 342 578 383 sibi
611 341 713 397 quid
743 342 799 382 sit
830 341 1014 384 dolitura
1043 346 1267 397 negatum,

184 412 400 460 Quaerere
432 412 528 468 plus
560 411 734 467 prodest
767 416 808 454 et
839 412 967 454 inane
999 412 1250 455 abscindere
1282 413 1432 455 soldo?

181 482 314 536 Num,
347 483 425 524 tibi
459 497 553 524 cum
585 482 728 524 fauces
761 483 845 524 urit
877 483 990 536 sitis,
1024 497 1155 525 aurea
1186 484 1357 539 quaeris

183 553 376 595 Pocula?
407 567 509 594 num
541 554 736 596 esuriens
769 553 937 595 fastidis
971 554 1114 596 omnia
1143 558 1315 610 praeter

1564 554 1645 596 115

183 623 402 666 Pavonem
424 624 765 679 rhombumque?
798 624 984 666 Tument
1005 625 1085 666 tibi
1106 639 1203 666 cum
1222 625 1419 679 inguina,
1452 638 1574 678 num,
1608 625 1643 666 si

183 695 353 736 Ancilla
383 698 456 736 aut
487 709 620 737 verna
651 699 716 737 est
746 699 917 750 praesto
948 710 1075 751 puer,
1108 696 1294 751 impetus
1325 696 1369 736 in
1402 709 1529 751 quem

184 765 398 807 Continuo
430 765 522 819 fiat,
555 766 679 807 malis
711 766 921 821 tentigine
952 767 1124 822 rumpi?

182 836 280 878 Non
312 851 414 892 ego:
448 850 631 891 namque
662 837 899 892 parabilem
931 851 1026 878 amo
1058 851 1260 879 venerem
1290 836 1557 893 facilemque.

183 907 325 960 Illam,
360 907 488 959 „Post
519 907 685 962 paulo“,
719 907 829 960 „Sed
860 907 1033 963 pluris“,
1067 907 1138 960 „Si
1170 908 1323 950 exierit
1352 908 1455 960 vir“,

1561 908 1644 948 120

185 977 340 1031 Gallis,
373 978 483 1019 hanc
514 977 792 1020 Philodemus
826 979 885 1020 ait
917 978 1018 1031 sibi,
1051 992 1160 1034 quae
1190 992 1330 1034 neque
1359 992 1515 1034 magno

185 1047 280 1090 Stet
310 1049 448 1104 pretio
480 1062 620 1104 neque
652 1052 892 1102 cunctetur,
926 1063 1021 1090 cum
1053 1052 1120 1091 est
1149 1049 1268 1091 iussa
1297 1049 1458 1091 venire.

120 1176 193 1211 od.
222 1180 252 1220 1,
279 1179 312 1220 7,
338 1179 401 1210 31:
427 1186 523 1211 nunc
547 1179 631 1210 vino
654 1178 780 1219 pellice
799 1187 859 1211 cu-

122 1232 206 1267 ra33
233 1234 275 1258 ac
294 1235 383 1258 sane
408 1227 554 1266 pectore
571 1226 660 1266 pelli
677 1225 858 1259 allittera-

122 1271 177 1305 tio
203 1274 260 1305 est
284 1271 430 1306 Latinis
455 1272 610 1306 auribus
636 1272 859 1316 gratissima.

173 1320 339 1353 111-119.
366 1321 494 1352 Nonne
513 1319 596 1362 cet.]
625 1318 778 1360 „Nonne
804 1330 860 1354 sa-

123 1366 198 1399 tius
225 1370 282 1400 est
307 1377 509 1410 quaerere,
536 1377 651 1410 quem
676 1367 859 1410 cupidita-

123 1412 223 1447 tibus
243 1413 392 1447 modum
412 1416 546 1447 natura
564 1413 748 1456 statuerit,
767 1415 859 1458 quid

122 1461 284 1494 tolerare
311 1460 442 1504 possit,
469 1461 500 1494 si
521 1461 742 1506 denegetur,
768 1462 860 1506 quid

122 1506 349 1552 denegatum
388 1507 576 1542 sustinere
614 1519 689 1541 non
729 1509 859 1552 possit,

124 1565 235 1599 quam
270 1555 397 1588 nimiis
423 1557 461 1588 et
485 1555 687 1588 inutilibus
714 1556 858 1599 cupidi-

124 1602 263 1635 tatibus
290 1602 536 1636 sollicitari?“
574 1602 701 1636 COMM.
737 1602 858 1641 CRUQ.

123 1667 168 1672 -
193 1650 306 1682 inane
333 1650 543 1683 abscindere
567 1649 684 1691 soldo]
721 1649 858 1691 „inuti-

122 1696 174 1729 lia
199 1706 242 1729 ac
270 1707 364 1730 vana
396 1696 442 1730 ab
475 1697 634 1730 utilibus
667 1698 704 1729 et
729 1706 858 1730 neces-

123 1743 234 1776 sariis
289 1743 509 1787 praecidere
560 1747 598 1777 et
646 1743 856 1787 separare.“

125 1789 252 1823 COMM.
288 1790 427 1833 CRUQ.;
461 1791 614 1835 proprie
642 1791 724 1833 „id,
759 1791 858 1835 quod

125 1838 225 1870 omni
261 1841 362 1871 caret
387 1849 475 1872 vero
517 1838 657 1882 pretio,
691 1849 712 1872 a
738 1837 859 1872 solida

124 1887 225 1918 sorte
263 1885 463 1927 (Kapilal),
501 1886 548 1919 ab
586 1885 688 1919 haud
727 1885 860 1930 exigua

122 1931 309 1975 pecuniae
327 1942 481 1974 summa,
500 1933 592 1966 scite
612 1932 859 1977 distinguere,

124 1977 222 2011 hanc
247 1979 453 2022 praeferre,
479 1980 575 2013 illud
601 1990 780 2023 spernere
807 1982 860 2013 at-

126 2035 197 2068 que
224 2026 423 2060 abiicere.“
445 2046 486 2050 —
513 2026 629 2069 solda]
657 2030 698 2060 ut
724 2026 798 2060 Sat.
826 2029 858 2069 2,

125 2073 166 2113 5,
193 2075 256 2114 65;
295 2073 383 2106 item
418 2075 558 2106 caldior
595 2085 663 2118 pro
702 2075 859 2107 calidior

126 2118 199 2151 Sat.
228 2121 267 2161 1,
295 2121 335 2161 3,
362 2122 417 2153 53.
446 2140 486 2143 -
516 2121 647 2155 Totius
674 2121 749 2155 loci
776 2131 859 2155 sen-

125 2166 242 2199 tentia
267 2166 360 2200 haec
386 2170 459 2200 est:
488 2166 650 2208 „Solitas
675 2169 763 2202 illae
789 2179 859 2202 nu-

124 2223 211 2257 gae,
238 2214 376 2257 quibus
402 2215 503 2247 velut
537 2215 793 2249 cantiunculis
819 2226 858 2249 se

126 2259 313 2294 oblectare
363 2271 407 2295 ac
448 2261 622 2306 decipere
673 2265 859 2296 conantur

125 2310 328 2348 amatores,
354 2319 395 2341 re
422 2319 510 2342 vera
536 2309 581 2342 ad
608 2312 749 2343 rectam
774 2309 859 2343 bea-

124 2355 275 2397 tamque
302 2354 414 2388 vitam
441 2355 539 2388 nihil
565 2356 714 2399 iuvant3
741 2357 859 2391 satius

126 2402 184 2433 est
201 2401 370 2444 profecto
389 2402 501 2435 animi
517 2403 741 2446 cupiditates
759 2405 860 2448 ipsas

124 2447 259 2481 tollere
276 2449 471 2481 socraticis
495 2449 572 2483 illis
591 2451 737 2492 chartis,
764 2462 860 2495 quae

125 2493 294 2537 modum,
322 2506 433 2538 quem
458 2496 541 2540 ipsa
566 2498 695 2531 statuit
713 2502 860 2541 natura,

126 2541 236 2575 nobis
267 2546 479 2576 monstrant
505 2545 541 2576 et
565 2554 694 2577 verum
728 2544 861 2578 distin-

125 2598 243 2632 guere
277 2600 299 2622 a
331 2589 424 2622 falso
459 2589 606 2623 docent.
654 2591 704 2624 Ut
737 2595 861 2626 autem

127 2637 262 2669 natura
294 2636 377 2680 ipsa
402 2647 445 2670 eo
471 2636 664 2679 ducimur,
690 2641 749 2679 ut,
777 2650 861 2672 cum

126 2681 209 2715 sitis
234 2682 427 2727 famesque
453 2693 522 2716 nos
546 2684 701 2723 cruciet,
728 2689 861 2728 paratu

125 2727 318 2764 facillimis
358 2729 570 2775 quibusque
610 2733 775 2765 contenti
814 2733 863 2767 si-

908 1189 1011 1221 mus,
1045 1178 1098 1212 ita
1123 1178 1234 1213 etiam
1259 1179 1299 1212 in
1325 1180 1440 1213 rebus
1469 1177 1644 1212 venereis

908 1225 1135 1259 versandum
1174 1228 1248 1269 est3
1291 1237 1358 1260 cur
1396 1226 1515 1268 enim,
1558 1235 1644 1259 cum

908 1273 1048 1307 ancilla
1079 1273 1138 1306 vel
1175 1273 1357 1317 puerulus
1390 1275 1540 1317 praesto
1575 1274 1644 1315 est,

909 1320 1024 1354 salaci
1050 1321 1247 1365 prurigine
1275 1320 1341 1354 diu
1366 1331 1435 1354 nos
1455 1319 1644 1354 cruciare-

908 1379 991 1402 mus
1002 1369 1039 1401 ?“
1077 1387 1119 1391 -
1155 1370 1340 1402 Pavonem
1369 1366 1644 1409 rhombumque]

909 1415 1013 1449 cibos
1038 1415 1160 1459 pretio
1179 1415 1296 1460 magis
1315 1414 1427 1448 etiam
1446 1425 1558 1458 quam
1585 1424 1642 1447 sa-

908 1473 1000 1506 pore
1018 1462 1200 1507 insignes,
1223 1472 1386 1506 quorum
1404 1461 1563 1505 cupidos
1580 1460 1644 1495 de-

908 1509 1007 1543 ridet
1033 1509 1106 1543 Sat.
1135 1511 1167 1551 2,
1193 1512 1226 1550 2,
1253 1511 1298 1543 23
1324 1519 1406 1553 sqq.
1431 1510 1476 1542 48
1505 1519 1587 1553 sqq.

958 1558 1122 1590 120-122.
1157 1557 1285 1598 Illam,
1311 1557 1397 1589 Post
1419 1555 1549 1598 paulo]
1577 1555 1644 1597 „il-

907 1604 992 1645 lam,
1020 1614 1114 1648 quae
1133 1603 1260 1637 dicere
1286 1604 1392 1643 solet,
1417 1602 1531 1646 paulo
1557 1604 1644 1646 post

906 1650 1040 1684 faciam
1059 1651 1126 1683 tibi
1145 1651 1218 1684 mei
1238 1649 1395 1694 copiam,
1418 1652 1643 1693 semperque

907 1698 977 1730 hoc
1016 1697 1161 1730 deludit
1199 1697 1434 1730 amatorem.“
1470 1714 1518 1720 —
1552 1697 1645 1739 „Sed

904 1744 1044 1787 pluris]
1085 1755 1169 1786 „me
1206 1744 1368 1778 vendere
1413 1743 1539 1786 sole03
1577 1742 1644 1778 sed

906 1792 995 1835 plus
1022 1791 1114 1824 mihi
1140 1791 1334 1825 numerari
1351 1791 1470 1825 volo.“
1489 1809 1537 1814 —
1555 1791 1644 1824 Gal-

910 1838 966 1881 lis]
1007 1839 1138 1880 „Illam
1176 1839 1349 1872 castratis
1387 1837 1548 1882 Cybelae
1587 1847 1645 1871 sa-

910 1885 1124 1919 cerdotibus
1146 1885 1436 1930 relinquendam
1455 1895 1539 1919 esse
1557 1895 1644 1918 cen-

908 1935 984 1974 set,
1019 1933 1084 1977 qui
1119 1936 1193 1966 tam
1228 1933 1349 1966 lentas
1384 1932 1558 1976 ambages
1591 1931 1644 1965 fa-

887 1980 980 2013 ‹cile
1023 1990 1066 2013 ac
1107 1980 1294 2024 patienter
1335 1979 1436 2013 ferre
1478 1980 1644 2023 queant3

908 2026 981 2060 sibi
999 2030 1132 2061 contra
1155 2027 1304 2061 facilem
1323 2029 1425 2070 optat
1449 2026 1489 2060 in
1514 2026 1643 2070 aliquo

908 2074 1173 2119 epigrammate
1232 2073 1475 2107 Philodemus
1525 2072 1646 2106 Gada-

907 2132 1040 2163 renus,
1067 2121 1319 2166 Epicureus;“
1360 2120 1469 2154 cuius
1496 2121 1646 2153 exstant

909 2169 1177 2213 epigrammate
1209 2171 1247 2202 et
1283 2168 1371 2202 libri
1405 2167 1451 2202 de
1489 2166 1645 2210 musica,

909 2215 955 2249 de
981 2216 1173 2249 rhetorica
1198 2215 1341 2260 aliique
1359 2213 1567 2248 Herculani
1585 2224 1645 2248 re-

908 2263 1017 2307 perti.
1043 2263 1100 2296 De
1119 2273 1162 2297 eo
1183 2262 1327 2305 Cicero,
1354 2262 1436 2296 eius
1462 2260 1645 2306 aequalis,

908 2310 949 2343 in
987 2310 1114 2344 Pison.
1154 2311 1217 2352 29,
1256 2311 1311 2343 70.
1353 2309 1468 2343 dixit:
1510 2310 1645 2341 Poema

908 2359 997 2399 facil
1023 2359 1077 2390 ila
1101 2358 1289 2398 festivum,
1327 2357 1382 2389 ila
1414 2355 1644 2397 concinnum,

908 2406 963 2437 ila
981 2405 1138 2446 elegans,
1166 2404 1257 2436 nihil
1281 2405 1321 2436 ut
1345 2403 1427 2444 fieri
1449 2403 1562 2444 possit
1579 2410 1643 2434 ar-

910 2453 1042 2493 aulius.
1067 2470 1112 2475 —-
1137 2452 1247 2483 Hanc
1283 2449 1525 2483 Philodemus
1563 2458 1645 2483 eam

910 2498 1022 2540 dixit,
1057 2508 1168 2542 quam
1195 2497 1267 2531 sibi
1298 2499 1536 2541 praesentem
1561 2505 1645 2530 esse

909 2545 1087 2579 finxerat:
1116 2546 1242 2587 „hane
1269 2555 1363 2588 quae
1390 2554 1494 2577 nunc
1519 2542 1644 2587 ipsum

911 2593 1030 2626 oculis
1072 2593 1165 2626 meis
1203 2591 1444 2632 obversatur,
1486 2590 1532 2623 de
1569 2599 1646 2634 qua

911 2649 1013 2673 nunc
1040 2639 1195 2684 cogito.“
1241 2637 1334 2672 Cum
1359 2638 1395 2671 vi
1422 2636 1585 2682 quadam
1610 2645 1644 2670 v-

913 2688 991 2720 125.
1032 2696 1242 2731 pronomen
1284 2684 1492 2729 repetitur:
1541 2685 1645 2717 Haeo

912 2736 981 2768 oet.
1018 2752 1059 2757 —
1093 2732 1190 2776 Stel]
1227 2731 1428 2776 „constet.“
1479 2730 1561 2764 Liv.
1588 2731 1645 2773 34,
