1774 2930
34 2258 182 2311 ’Ν

675 144 842 180 Iam-II„

890 143 993 178 SAT.
1017 142 1063 176 V.
1535 139 1621 182 209

230 247 329 292 Stes
361 248 500 305 capite
529 247 713 303 obstipo,
744 246 925 288 multum
954 243 1107 286 similis
1137 241 1361 285 metuenti.

230 319 449 376 Obsequio
479 332 700 375 grassare3
731 330 870 369 mone,
902 316 939 356 si
970 314 1203 357 increbruit
1233 327 1351 366 aura,

230 389 391 433 Cautus
420 390 485 431 uti
514 389 630 432 velet
660 402 803 431 carum
834 390 990 443 caput3
1019 384 1197 428 extrahe
1227 383 1354 426 turba

230 459 451 518 Oppositis
481 460 692 513 humeris;
725 472 871 501 aurem
901 457 1145 512 substringe
1174 454 1356 510 loquaci.

228 531 499 588 Importunus
531 534 646 573 amat
674 528 864 583 laudari3

1567 451 1624 492 95

896 527 1032 570 donec
1062 526 1158 568 Ohe
1187 525 1297 568 iam!

228 601 300 645 Ad
330 602 494 645 caelum
523 600 720 643 manibus
752 598 930 641 sublatis
964 598 1133 651 dixerit,
1163 610 1283 652 urge,

209 746 264 778 93.
294 744 493 777 increbruit
519 752 617 776 corr.
644 740 760 785 s,Lct
783 743 822 775 et
844 739 1059 773 Bentleius:
1085 739 1262 771 increbuit
1289 747 1345 782 cp,
1376 736 1432 779 M,
1461 738 1579 769 incre-

157 792 240 832 puit
263 790 301 833 b,
323 792 400 824 tres
423 789 606 831 Pottierii,
631 788 671 822 F.
689 807 734 812 —
752 789 808 822 97.
833 795 941 829 urae,
969 787 1191 820 crescentem
1214 784 1305 826 bSc,
1339 794 1467 818 omnes
1492 782 1580 816 Pot-

161 837 263 871 tierii
295 839 331 871 et
362 839 456 871 teste
482 836 680 870 Torrentio
712 835 830 868 multo
862 834 992 878 plures
1025 836 1062 867 et
1085 832 1263 867 meliores
1288 832 1401 866 libri:
1426 839 1518 872 urae
1545 833 1578 863 ei

162 886 383 919 crescentem
405 882 598 926 LCtJmJ.

113 1013 179 1049 ubi
210 1022 284 1047 non
318 1023 387 1057 pro
424 1021 470 1046 nc
501 1011 663 1057 positum
694 1010 844 1045 videtur

114 1061 233 1104 (velut
254 1059 299 1094 A.
323 1060 365 1094 Ρ.
390 1062 479 1094 46οι
504 1068 579 1093 non
600 1060 664 1101 sii,
689 1060 752 1099 qui
776 1059 845 1091 lol-

115 1109 190 1142 lerc
219 1110 331 1142 curet.
379 1106 472 1151 Epp.
500 1109 539 1149 1,
566 1108 629 1148 18,
654 1107 722 1139 72:
763 1107 846 1139 Non

113 1156 252 1189 andita
282 1157 385 1198 tuum
413 1156 516 1188 iecur
538 1154 688 1187 ulceret.
737 1152 844 1186 Ovid.

112 1202 157 1236 Δ.
192 1201 238 1235 A.
274 1204 316 1244 3,
350 1203 439 1236 129:
483 1202 549 1234 Vos
591 1209 731 1241 quoque
772 1208 847 1233 non

115 1250 212 1283 curis
237 1256 346 1282 aures
377 1251 526 1281 onerate
559 1248 744 1290 lapillis),
778 1247 845 1280 cfr.

113 1294 226 1330 Hand
250 1295 360 1328 Turs.
383 1294 448 1328 IV.
473 1306 509 1339 p.
535 1296 604 1328 264
629 1305 711 1338 sqq.
735 1293 847 1338 Wag-

116 1353 186 1376 ner
220 1342 267 1376 ad
290 1341 396 1386 Virg.
421 1342 515 1375 Aen.
549 1343 612 1381 12,
645 1344 702 1375 78.
744 1341 848 1382 (Non

116 1390 271 1422 Teucros
303 1391 390 1429 aqui
422 1389 462 1420 in
492 1389 699 1430 Rutulos.):
735 1389 848 1429 „Non

116 1435 312 1479 proprium
346 1434 458 1468 habet
490 1434 615 1468 locum
645 1435 685 1467 in
716 1434 848 1468 distin-

117 1481 277 1527 guendis
294 1481 475 1526 oppositis
493 1483 530 1515 et
543 1481 753 1522 contrariis,
769 1484 848 1514 tum

117 1529 160 1562 in
191 1528 456 1562 enumerando.
481 1547 497 1554 -
521 1547 535 1553 -
559 1528 656 1562 Male
682 1537 756 1561 non
779 1539 847 1572 pro

117 1584 163 1610 ne
199 1575 384 1619 accipitur
420 1574 520 1619 apud
552 1574 682 1609 Horat.
714 1574 787 1609 Sat.
815 1577 848 1617 2,

117 1623 245 1665 5‚.91.‚
269 1632 355 1656 cum
378 1622 471 1656 haec
495 1622 742 1666 praecedant:
766 1623 847 1664 Dis-

115 1669 246 1711 ficilem
279 1671 313 1702 el
345 1677 527 1702 morosum
550 1665 713 1710 '‘offendet
739 1678 848 1710 qur-

115 1716 264 1750 rulus.
298 1735 342 1739 —
375 1715 524 1758 Davus]
566 1715 673 1749 Servi
714 1717 848 1750 comici

116 1763 248 1805 instar,
280 1763 346 1807 qui
377 1773 562 1797 summum
596 1773 685 1808 erga
714 1764 847 1797 herum

117 1809 340 1854 obsequium
365 1810 516 1844 simulat
540 1810 746 1855 timideque
763 1821 846 1845 cum

117 1867 162 1891 eo
194 1857 374 1901 loquitur.
425 1856 499 1890 Cfr.
527 1857 600 1891 Sat.
636 1860 675 1900 1,
703 1860 765 1899 10,
791 1861 847 1892 40.

117 1923 163 1928 -
188 1904 347 1946 obstipo]
387 1905 552 1946 Obstipus
585 1906 642 1938 est
680 1905 847 1949 „stipitis

117 1950 247 1993 instar,
279 1951 358 1984 sive
388 1951 508 1995 rigida
538 1951 764 1996 immotaque
790 1963 848 1985 ra-

117 1997 223 2031 tione
248 1997 375 2041 aliquo
394 1997 597 2032 inclinatus
607 1999 638 2040 ;“
664 1998 701 2031 h.
720 1999 743 2032 l.
763 1998 848 2041 „de-

119 2054 244 2077 orsum
268 2044 506 2078 inclinatus.“
546 2044 620 2078 Cfr.
637 2045 791 2079 Persius
817 2048 849 2086 3,

120 2091 188 2123 80:
217 2091 362 2131 Obstipo
395 2092 513 2132 capite
546 2094 579 2123 el
612 2092 759 2132 fluentes
796 2093 849 2125 lu-

118 2138 215 2170 mine
251 2139 401 2170 terram.
456 2137 646 2181 Significat
683 2136 726 2171 τὸ
763 2136 852 2171 ἀνε-

118 2180 302 2230 λεύθερον
337 2185 405 2216 καὶ
437 2183 700 2230 δουλοπρεπές.
748 2185 850 2219 Ano-

120 2241 254 2275 nymus
298 2229 398 2275 apud
440 2229 602 2265 Meinek.
646 2231 707 2265 Fr.
750 2231 850 2265 Com.

211 2289 248 2322 p.
274 2279 364 2311 611:
399 2275 452 2310 Τὸ
485 2276 517 2310 δ’
540 2274 635 2311 ὅλον
667 2276 738 2311 οὐκ
770 2278 853 2312 ἐπί-

120 2321 642 2414 wa‘fflwffl

118 2415 188 2452 τὸν
212 2414 405 2466 τράχηλον
439 2385 664 2466 :repagula
689 2439 734 2444 —
755 2384 853 2453 ἵπιῗῐῗ

119 2465 216 2509 ium]
263 2466 345 2499 Hoc
391 2466 471 2500 adv.
513 2467 690 2511 equidem
736 2467 852 2512 iungo

120 2521 204 2546 cum
228 2523 263 2546 v.
286 2514 430 2555 similis,
458 2525 640 2558 „prorsus
666 2514 850 2557 similis;“

121 2569 232 2604 quam
287 2560 573 2604 explicationem
630 2561 854 2595 confirmant

119 2605 193 2650 ipsi
239 2607 386 2640 numeri
427 2618 483 2640 vv.
524 2609 678 2642 mullum
725 2610 852 2641 similis

120 2655 303 2695 melantii,
330 2654 643 2698 praecedentibus
669 2666 724 2688 vv.
751 2658 852 2689 certe

121 2699 322 2744 aptissimi3
339 2701 404 2734 alii
421 2712 510 2735 vero
524 2712 608 2735 cum
621 2713 655 2736 v.
670 2704 851 2736 mei-uenti.

195 2768 298 2795 Horat.
314 2770 378 2796 Vol.
396 2770 436 2796 11.
452 2770 506 2796 Ed.
524 2772 618 2797 minor
635 2772 671 2797 V.

894 1009 969 1044 cfr.
994 1009 1088 1054 Epp.
1116 1012 1156 1052 1,
1184 1012 1246 1052 10,
1272 1010 1313 1042 3:
1343 1008 1502 1043 Multum
1526 1007 1629 1040 dissi-

892 1058 1005 1091 miles.

940 1106 1061 1138 93-95.
1097 1104 1276 1144 Obsequio
1302 1101 1494 1144 mussare]
1523 1103 1629 1134 Ver—

892 1153 1027 1193 sabre
1054 1152 1132 1195 (pr.
1156 1151 1366 1184 schreiie
1391 1149 1488 1191 ein)
1513 1149 1628 1182 eleis

893 1200 974 1232 mit
1015 1200 1096 1232 der
1133 1199 1352 1239 cro-nien
1388 1196 1627 1237 Gescillia-

896 1247 990 1279 keil
1016 1254 1160 1286 qeqen
1184 1246 1274 1278 ihn.
1308 1244 1445 1277 Addito
1472 1253 1505 1276 v.
1530 1244 1628 1276 obse-

896 1294 980 1333 quio
1006 1292 1147 1326 dictum
1174 1294 1230 1326 est
1255 1292 1421 1332 crassari
1455 1293 1496 1323 ut
1529 1289 1630 1334 apud

895 1339 976 1372 Liv.
994 1341 1026 1381 3,
1044 1342 1111 1372 44:
1136 1348 1173 1372 se
1190 1340 1271 1372 iure
1288 1339 1464 1380 crassari,
1492 1346 1566 1370 non
1581 1338 1629 1370 vi.

898 1389 961 1428 10,
988 1389 1051 1419 14;
1085 1387 1235 1419 consilio
1259 1386 1444 1426 ara-esuri,
1470 1386 1537 1426 45,
1562 1385 1629 1418 23:

898 1434 1007 1467 elium
1038 1434 1139 1474 apud
1161 1441 1223 1466 vos
1253 1434 1366 1474 fuisse
1391 1433 1534 1473 audim’,
1569 1433 1632 1472 qui

896 1482 1113 1514 assentando
1151 1481 1378 1513 multitudini
1417 1487 1632 1520 arassarew-

896 1530 968 1560 tur.
995 1546 1038 1550 —
1064 1527 1285 1570 increbruit]
1320 1526 1494 1571 „gliscit,
1519 1536 1632 1570 auge-

897 1575 969 1608 scit
980 1575 1011 1616 “,
1036 1576 1079 1608 ut
1103 1574 1208 1619 Virg.
1234 1573 1300 1608 Ge.
1327 1576 1368 1616 1,
1393 1575 1485 1607 359:
1510 1582 1632 1607 nemo-

895 1630 978 1654 rum
1009 1623 1275 1654 increbrescere
1299 1629 1485 1662 murmur,
1520 1621 1631 1654 etiam

896 1668 935 1701 in
960 1679 1073 1712 prosa
1097 1671 1190 1702 orat.
1217 1668 1294 1702 Cic.
1319 1668 1366 1702 ad
1388 1668 1491 1703 Fam.
1515 1670 1549 1709 7,
1573 1669 1630 1709 20,

896 1718 940 1749 3:
970 1717 1103 1750 Ventus
1128 1717 1372 1749 increbrescit.
1400 1714 1632 1759 Scripturam

895 1764 1094 1796 increbruit
1141 1763 1366 1808 praeferunt
1411 1763 1536 1796 Haase
1583 1762 1631 1796 ad

894 1809 1024 1855 Reisig
1048 1812 1129 1844 Lat.
1151 1812 1266 1851 Sprw.
1291 1822 1328 1854 p.
1354 1811 1435 1843 259.
1459 1812 1498 1843 et
1518 1809 1632 1854 Wag-

897 1868 965 1890 ner
990 1857 1038 1891 ad
1062 1857 1168 1902 Virg.
1195 1857 1262 1891 Ge.
1290 1860 1321 1899 1,
1347 1859 1428 1890 359.
1462 1856 1632 1901 Utraque

896 1904 937 1937 in
963 1915 1035 1938 usu
1060 1905 1178 1938 fuisse
1203 1904 1364 1938 videtur.
1382 1923 1428 1928 —
1445 1906 1501 1937 uti
1524 1904 1631 1946 velet]

897 1954 984 1996 toga
1008 1952 1234 1996 superiecta.
1261 1971 1304 1975 -
1329 1951 1548 1994 subslrinae]
1572 1962 1630 1995 pr.

896 2000 1179 2041 untes-binam
1211 2001 1454 2040 substrinqere
1484 2001 1542 2032 est
1566 1999 1634 2031 ali-

899 2045 989 2089 quid
1014 2046 1054 2078 in
1080 2046 1262 2079 inferiore
1287 2049 1394 2090 parte
1421 2046 1475 2079 sic
1501 2046 1632 2090 ligare,

898 2094 940 2124 ut
977 2093 1150 2135 superior
1187 2093 1378 2137 arrigatur
1410 2092 1632 2136 acutiorque

898 2138 981 2180 fiat,
1016 2138 1115 2172 idem
1148 2139 1227 2172 fere
1259 2140 1375 2184 igitur
1407 2140 1444 2172 h.
1470 2140 1494 2172 l.
1519 2142 1633 2183 atque

901 2185 1052 2230 „arrige
1063 2186 1094 2227 ⁴⁴,
1122 2194 1239 2227 „aure
1263 2187 1409 2219 sublata
1436 2186 1573 2230 (Epod.
1598 2189 1633 2228 6,

900 2232 949 2274 7.)
974 2232 1179 2266 ausculta.“

947 2280 1084 2313 96-98.
1116 2279 1370 2322 lmportunus]
1404 2280 1473 2322 „Si
1499 2281 1633 2325 quovis

900 2328 1067 2370 tempore
1092 2329 1131 2360 et
1154 2327 1238 2361 loco
1256 2328 1368 2361 etiam
1392 2327 1519 2361 minus
1544 2330 1631 2372 apto

899 2372 1031 2407 laudes
1053 2376 1187 2418 captat,
1213 2374 1305 2409 adeo
1332 2377 1375 2407 ut
1399 2375 1446 2417 ei,
1473 2386 1634 2419 quocum

900 2420 1080 2464 loquitur,
1110 2432 1291 2466 perquam
1322 2421 1503 2456 molestus
1534 2422 1632 2456 fiat.“

901 2486 944 2490 —
972 2469 1048 2501 Ohe
1072 2468 1167 2511 iam]
1193 2468 1268 2503 Sat.
1295 2472 1333 2511 1,
1358 2471 1398 2511 5,
1425 2471 1492 2502 12:
1528 2470 1634 2503 One?

899 2516 982 2548 lum
1005 2517 1094 2548 ,ςαιιζς
1119 2518 1180 2549 est.
1205 2535 1248 2539 —
1274 2517 1442 2549 manibus
1466 2515 1634 2558 sublatis]

899 2561 970 2596 Hic
995 2565 1053 2596 est
1077 2563 1226 2607 signum
1250 2563 1461 2608 precantis,
1487 2566 1529 2596 ut
1554 2565 1635 2596 tan·

900 2608 985 2642 dem
1002 2609 1156 2644 laudare
1173 2610 1350 2652 desistat3
1376 2609 1634 2643 admirationis

900 2659 1034 2690 contra
1058 2656 1136 2690 Cic.
1159 2657 1276 2691 Acad.
1303 2659 1336 2699 2,
1364 2660 1420 2698 19,
1446 2659 1511 2690 63;
1536 2658 1635 2689 Hor-

899 2704 1033 2737 tensius
1049 2706 1172 2737 autem
1186 2706 1411 2738 vehementer
1434 2705 1634 2746 admirans,

1381 2775 1413 2798 14
