1774 2930
658 147 752 182 Lm.
774 147 824 181 11.
873 145 975 180 SAT.
999 145 1083 179 VH.

1541 146 1626 187 225

233 248 342 292 Pars
372 248 593 302 hominum
622 247 739 288 vitiis
770 246 928 303 gaudet
958 249 1202 288 constanter
1233 250 1275 287 et
1306 249 1431 300 urget

234 319 527 376 Propositum;
558 332 657 374 pars
689 317 822 360 multa
852 321 990 371 natat,
1022 316 1147 358 modo
1177 322 1295 358 recta
1324 329 1567 372 capessens,

233 389 451 433 Interdum
481 389 625 446 pravis
656 389 854 430 obnoxia.

902 386 1041 444 Saepe
1071 391 1243 429 notatus

235 459 344 502 Cum
373 460 510 502 tribus
540 459 710 512 anellis,
741 458 866 500 modo
896 458 1021 500 laeva
1048 457 1223 499 Priscus
1252 457 1388 511 inani,

233 530 355 573 Vixit
383 530 639 586 inaequaIiS,
672 530 837 572 clavum
867 533 915 570 ut
944 531 1129 570 mutaret
1157 528 1203 570 in
1232 527 1379 581 horas,

1573 527 1627 567 10

233 601 426 645 Aedibus
459 615 515 643 ex
543 601 710 656 magnis
743 599 883 641 subito
914 614 960 641 se
991 598 1210 652 conderet,
1241 598 1355 640 unde

233 671 431 714 Mundior
462 672 599 714 exiret
629 671 703 712 vix
732 670 957 712 libertinus
989 670 1192 723 honeste3

233 742 324 784 Iam
354 742 556 784 moechus
587 741 769 794 Romae,
802 741 887 782 iam
917 740 1063 782 mallet
1093 739 1242 782 doctus
1274 739 1458 782 Athenis

234 811 413 862 Vivere,
443 812 711 864 Vertumnis,
744 815 950 867 quotquot
982 815 1099 864 sunt,
1130 816 1256 852 natus
1286 811 1458 866 iniquis.

237 882 394 925 Scurra
423 883 699 935 Volanerius,
729 886 955 938 postquam
985 881 1048 922 illi
1078 882 1191 923 iusta
1221 880 1427 937 cheragra

1574 881 1628 923 15

213 1007 273 1044 13,
293 1007 418 1040 doctor
442 1005 488 1040 bc
513 1010 550 1040 et
565 1017 621 1050 pr.
645 1004 801 1051 E,·Cod.
820 1004 979 1049 Franeq.
1006 1007 1042 1038 et
1058 1004 1144 1038 Fea.
1164 1024 1206 1028 —
1227 1006 1284 1038 15.
1301 1006 1475 1046 chimera
1491 1003 1580 1038 LCt.

116 1105 238 1149 Epiot.
257 1107 291 1148 4,
317 1108 350 1147 1,
375 1107 444 1147 58„
470 1104 730 1140 Saturnalibus
755 1103 849 1138 civo-

117 1150 191 1194 χὰς
215 1152 418 1196 (inducias)
443 1153 642 1187 habebant.
670 1152 744 1186 Cfr.
773 1152 846 1186 Sat.

119 1201 153 1242 2,
189 1201 223 1242 3,
256 1201 289 1234 5.
314 1219 360 1224 —-
386 1199 613 1242 constanter]
649 1199 847 1244 „aequabi-

118 1245 224 1289 liter,
259 1246 312 1280 ita
344 1250 386 1280 ut
420 1248 460 1280 in
497 1247 678 1291 pravitate
717 1247 847 1280 saltem

120 1292 192 1326 sibi
228 1294 406 1327 constet.“
443 1312 485 1316 —
521 1293 648 1335 τιν-ρει]
683 1294 847 1334 „naviter

120 1340 395 1383 persequitur.“
447 1340 529 1373 Tib.
569 1343 608 1379 1,
642 1343 683 1381 9,
718 1342 760 1372 S:
801 1342 846 1372 Et

123 1386 258 1419 durum
283 1389 402 1419 terrae
437 1388 591 1419 rusticus
617 1390 719 1427 urae!
746 1395 848 1427 opus.

123 1450 168 1455 —-
185 1432 305 1476 nalal]
332 1433 502 1475 „titubat,
526 1434 600 1466 huc
617 1440 730 1476 atque
755 1433 848 1466 illuc

123 1477 275 1512 fertur.“
327 1479 469 1514 Seneca
504 1479 622 1524 Epist.
660 1482 726 1513 35:
766 1481 850 1514 Mu-

124 1526 215 1559 tatio
262 1527 461 1560 voluntatis
509 1528 644 1560 indicat
687 1528 850 1560 animum

124 1574 267 1606 ‘emtas-e.

171 1620 270 1655 9-14.
294 1620 456 1663 Priscus]
476 1621 586 1660 home
603 1621 766 1665 ignotus,
791 1631 850 1654 or-

122 1664 222 1700 dinis
254 1669 380 1700 tamen
414 1667 605 1701 senatorii.
652 1667 749 1709 Iam,
783 1668 850 1711 qui

121 1711 211 1746 huic
228 1713 489 1756 occurrebant,
515 1713 747 1748 mirabantur
765 1725 849 1748 eum

121 1759 230 1793 modo
263 1762 341 1795 tres
374 1760 509 1795 anulos
539 1764 705 1806 gestare,
739 1761 848 1796 modo

122 1805 269 1840 nullum
286 1807 451 1842 omnino.
477 1807 610 1841 Trium
634 1811 758 1842 autem
774 1808 850 1842 Ho—

123 1853 208 1887 ratii
227 1855 456 1898 temporibus
474 1855 547 1888 iam
564 1855 703 1889 nimius
721 1866 850 1889 nume-

123 1910 189 1934 rus
214 1903 313 1943 erat,
345 1902 411 1946 qui
436 1905 565 1946 postea
598 1913 743 1947 semper
771 1913 851 1936 cre-

123 1945 189 1980 vit.
237 1946 378 1982 Seneca
410 1948 490 1982 Nat.
532 1949 682 1988 Quaest.
716 1951 755 1991 7,
788 1952 851 1983 31:

122 1994 359 2028 Exornamus
376 1997 497 2028 anulis
522 1996 673 2037 dmitos:
698 1997 738 2028 in
754 1998 852 2029 omni

123 2041 285 2074 articulo
301 2050 441 2082 aemma
458 2043 671 2084 disponitur.
689 2062 734 2066 —-
753 2044 851 2076 inae-

125 2087 265 2130 qualis]
300 2087 375 2121 cfr.
409 2087 483 2122 Sat.
518 2092 556 2130 1,
591 2090 631 2130 3,
664 2091 696 2122 9.
725 2092 767 2122 18
795 2101 850 2134 sq.

126 2151 168 2156 —-
195 2134 338 2167 clavum
368 2138 406 2168 ut
438 2135 620 2178 mutaret]
655 2135 784 2177 „Modo
810 2139 852 2169 ut

126 2183 275 2214 senator
309 2184 390 2214 erat
419 2181 575 2215 indutus
609 2183 737 2216 tunica
768 2182 851 2216 lati-

126 2226 266 2269 clavia,
296 2228 406 2262 modo
440 2230 482 2262 ut
515 2240 631 2273 eques
663 2228 732 2263 Ro.
768 2239 852 2263 eum

124 2276 283 2319 angusto
318 2275 551 2319 (purpurae)
590 2276 694 2309 clavo
727 2276 852 2320 prodi-

125 2319 221 2355 bat.“
262 2340 306 2345 —
342 2323 383 2355 in
419 2322 549 2365 horas]
587 2322 692 2356 Cous.
729 2323 773 2356 A.
810 2323 852 2356 P.

127 2369 212 2401 160:
237 2370 403 2402 mutatur
427 2370 466 2401 in
491 2371 611 2402 horas.
630 2389 673 2393 -
695 2371 853 2403 Aedibus

125 2414 210 2457 cet]
248 2413 379 2457 „Modo
415 2415 574 2461 'magnas
613 2416 742 2456 aedes,
765 2427 853 2450 con-

125 2459 286 2495 ducebat
318 2465 355 2496 et
396 2463 559 2505 emebat,
599 2464 708 2497 modo
744 2474 852 2497 cena-

126 2507 255 2542 culum
270 2509 330 2542 vel
348 2509 497 2543 domum
510 2510 663 2555 tugurio
682 2510 853 2552 similem,

125 2553 191 2588 ubi
224 2565 272 2589 ne
306 2555 524 2590 libertinum
558 2557 708 2601 quidem
739 2558 853 2602 paulo

125 2601 377 2636 honestiorem
387 2606 499 2648 atque
510 2603 777 2648 elegantiorem
791 2605 855 2638 ha-

126 2647 248 2682 bitare
279 2648 463 2684 deceret.“
485 2670 523 2674 —
545 2651 682 2693 doctus]
711 2651 854 2695 „philo-

129 2694 310 2738 sophus“,
363 2697 428 2740 qui
470 2698 609 2732 comice
652 2698 855 2742 opponitur

232 2763 333 2790 norat.
349 2765 414 2791 Vol.
431 2765 471 2791 11.
489 2766 542 2792 Ed.
559 2767 655 2792 minor
673 2768 706 2793 V.

896 1106 1052 1138 moecho.
1081 1124 1123 1128 —
1154 1104 1370 1147 Vertumnis]
1395 1104 1628 1138 Vertumnus

896 1151 1054 1185 maxime
1090 1151 1180 1185 olim
1215 1152 1261 1185 ab
1287 1151 1459 1185 Etruscis
1492 1151 1629 1194 cultus,

896 1199 984 1232 inde
1001 1198 1158 1233 Romam
1175 1198 1392 1239 translatus,
1419 1198 1513 1232 deus
1538 1199 1629 1232 anni

896 1246 1179 1290 fertilitatisque
1221 1245 1346 1279 variae
1383 1256 1451 1289 per
1489 1248 1630 1290 tempo·

897 1303 979 1325 rum
1005 1293 1116 1335 vices,
1142 1292 1279 1326 deinde
1302 1293 1509 1337 generatim
1534 1292 1629 1326 deus

898 1339 1064 1372 omnium
1125 1339 1432 1373 invertendarum
1490 1349 1629 1382 rerum,

898 1386 1064 1419 omnium
1089 1386 1340 1419 mutationum
1371 1397 1415 1420 ac
1439 1386 1630 1419 vicissitu-

898 1432 1041 1467 dinum.
1084 1432 1160 1466 cfr.
1187 1432 1325 1466 Tibull.
1351 1435 1385 1474 4,
1411 1435 1444 1474 2,
1472 1435 1534 1466 13:
1561 1434 1630 1466 Ta—

900 1480 942 1512 lis
991 1481 1030 1512 in
1078 1483 1228 1512 aeterno
1275 1481 1368 1521 [elix
1416 1481 1631 1513 Vertumnus

900 1528 1053 1568 olympo
1077 1528 1183 1561 Mille
1207 1528 1314 1560 habet
1339 1529 1505 1568 ornatus,
1530 1528 1630 1560 mille

898 1575 1063 1607 decenter
1087 1575 1203 1607 habel.
1223 1573 1330 1607 Conf.
1355 1573 1461 1607 Ovid.
1478 1573 1629 1608 Metam.

901 1622 955 1662 14,
969 1622 1036 1654 642
1053 1631 1133 1665 sqq.
1147 1639 1191 1644 —
1203 1623 1377 1661 quotquot
1385 1621 1484 1663 sunt]
1499 1623 1630 1665 „quot-

899 1670 990 1711 quot
1037 1667 1148 1701 habet
1196 1668 1418 1709 simulacra,
1470 1679 1630 1712 quorum

899 1725 1017 1747 unum
1043 1714 1219 1759 quodque
1238 1715 1447 1759 symbolum
1465 1718 1521 1748 est
1544 1726 1630 1759 per·

898 1764 1034 1805 petuae
1061 1762 1372 1795 inconstantiae.“
1423 1761 1512 1795 Sine
1538 1762 1630 1796 ima-

899 1809 1006 1853 gine:
1051 1809 1119 1850 „ad
1153 1808 1192 1842 id
1225 1819 1384 1853 prorsus
1418 1809 1630 1843 destinatus

900 1866 982 1889 esse
1007 1855 1203 1889 videbatur
1220 1857 1333 1891 miser
1351 1856 1428 1897 ille,
1454 1859 1497 1889 ut
1522 1859 1630 1900 quot-

901 1905 993 1947 quot
1017 1902 1064 1936 ad
1096 1903 1324 1936 mutationes
1356 1903 1546 1936 hominem
1571 1903 1630 1936 in·

901 1949 1038 1983 ducere
1062 1953 1186 1993 potest
1203 1960 1346 1983 summa
1364 1951 1630 1993 inconstantia,

901 2007 964 2030 eas
983 1996 1159 2030 subiret.“
1180 2016 1222 2019 —
1242 1997 1391 2040 iniquis]
1406 1997 1496 2030 Irati
1523 2001 1630 2031 erant

898 2043 1029 2077 Prisco
1044 2043 1256 2085 Vertumni,
1271 2047 1457 2088 quatenus
1471 2055 1630 2088 poenam

901 2090 935 2122 ei
959 2090 1222 2133 imposuerunt
1247 2091 1285 2123 in
1319 2090 1488 2135 singulas
1512 2102 1629 2134 prope

899 2137 1011 2170 horas
1039 2140 1075 2169 et
1098 2147 1221 2170 mores
1240 2140 1276 2169 et
1293 2137 1462 2170 habitum
1488 2137 1631 2170 ridicu·

900 2183 978 2216 lum
1004 2183 1044 2215 iu
1069 2182 1219 2216 modum
1243 2184 1424 2216 mutandi.

949 2231 1069 2263 15-20.
1103 2232 1240 2263 Scurra
1268 2231 1502 2274 Volanerius]
1526 2230 1631 2264 Nihil

900 2276 946 2309 de
962 2277 1034 2310 hoc
1051 2276 1202 2310 homine
1219 2277 1375 2311 tradunt
1390 2277 1630 2321 Scholiastae,

902 2323 1039 2367 quibus
1055 2332 1186 2357 scurra
1203 2326 1260 2358 est
1284 2325 1507 2366 „urbanus.“
1533 2325 1629 2358 Eum

900 2370 1061 2404 talorum
1078 2370 1167 2404 ludo
1184 2371 1331 2415 perdite
1356 2371 1522 2405 deditum
1539 2372 1630 2406 fuis-

900 2428 941 2451 se
967 2428 1012 2451 ex
1042 2418 1090 2451 iis
1115 2420 1235 2462 patet,
1269 2429 1365 2462 quae
1397 2418 1444 2452 de
1476 2430 1519 2453 eo
1546 2430 1631 2452 nar-

901 2467 960 2498 rat
983 2466 1105 2508 poeta.
1130 2484 1174 2489 -—
1199 2466 1297 2498 iusta
1322 2465 1516 2508 cheraqra]
1544 2477 1630 2507 „ne-

902 2511 1061 2555 quitiam
1073 2511 1156 2545 eius
1169 2513 1302 2546 merito
1316 2513 1519 2556 puniens3“
1539 2523 1629 2554 non,

901 2561 944 2591 ut
968 2558 1033 2592 alii
1058 2559 1209 2592 volunt:
1236 2570 1392 2604 „magna
1417 2563 1453 2592 et
1470 2559 1628 2603 gravis.“

901 2605 1005 2639 Pers.
1031 2607 1064 2646 5,
1090 2607 1153 2639 58:
1195 2615 1275 2639 cum
1309 2607 1474 2647 lapidosa
1505 2607 1630 2638 chera-

903 2661 969 2693 στα
1002 2649 1198 2694 (chiraora
1224 2652 1266 2686 Ο.
1290 2652 1417 2694 Iahn.)
1468 2653 1630 2693 Frcaerit

903 2699 1090 2732 articulos.
1128 2698 1346 2744 ..Utrobique
1380 2699 1490 2732 metri
1517 2709 1632 2733 causa

1386 2769 1418 2793 15
