1774 2930
118 130 205 171 494

775 131 984 168 HORATII

239 229 495 283 „Fortunam
524 231 688 274 Priami
720 232 901 275 cantabo
934 236 978 276 et
1008 233 1152 276 nobile
1182 233 1382 278 bellum.“
1443 293 1447 295 -

240 300 353 350 Quid
384 302 560 358 dignum
590 305 712 345 tanto
743 302 853 346 feret
883 303 954 346 hic
984 305 1218 360 promissor
1246 304 1398 349 hiatu?

115 478 192 522 ptis
218 479 317 523 apud
345 478 383 512 C.
411 478 455 513 Gr.
480 478 684 513 Miillerum
710 479 756 514 de
783 479 854 524 Cy-

118 525 176 560 clo
203 537 238 570 p
266 528 322 560 39.
349 526 445 560 Sunt
470 525 515 559 τὰ
541 523 693 574 Κύπρια
712 527 852 561 Stasini

119 573 178 606 vel
204 573 397 618 Hegesini,
424 574 564 619 quibus
591 575 678 608 inde
705 574 751 608 ab
778 574 853 608 He-

117 620 225 654 lenae
251 623 363 665 raptu
398 621 684 666 exponebantur
719 632 780 656 res
806 622 852 656 ad

118 667 269 702 Troiam
293 670 380 702 ante
406 668 565 702 Achillis
591 669 685 703 iram
711 671 852 714 gestae,

116 715 170 749 ita
195 718 238 748 ut
261 714 417 750 Iliadem
451 716 726 760 praecederent
752 717 852 751 eius-

117 773 191 806 que
242 765 505 807 argumentum
554 767 851 809 praepararent3

115 809 265 843 Arctini
300 809 625 856 (Olymp.1——-.9)
664 810 851 853 Αἰθιοπίς

116 867 214 901 quae
265 858 511 892 continuabat
550 858 708 893 Iliadem
750 862 851 893 certe

115 915 238 959 usque
253 905 299 938 ad
313 915 503 939 armorum
520 905 725 949 iudicium3
741 903 852 948 Ιλιάς

113 948 253 999 μικρά,
301 952 410 987 cuius
454 953 614 997 scriptor
657 953 851 988 ferebatur

114 983 279 1034 Lesches
315 999 485 1057 (Olymp.
520 1000 613 1043 30.‚)
647 1012 770 1045 usque
804 1001 851 1035 ad

115 1044 183 1080 τὸν
230 1043 404 1093 δούρειον
452 1046 568 1081 ἵππον
615 1048 655 1081 in
699 1048 849 1082 Troiam

113 1094 393 1137 introductum;
431 1093 579 1128 Arctini
615 1093 725 1129 Ιλίου
761 1097 851 1151 πέρ-

115 1153 198 1184 σις,
253 1139 402 1175 Νόστοι
450 1142 609 1176 heroum
658 1142 704 1177 ab
753 1143 851 1188 Agla

114 1189 224 1233 (post
249 1188 394 1234 Olymp.
421 1190 494 1232 20.)
520 1189 737 1234 compositi,
762 1201 834 1235 poe

114 1247 174 1270 ma
208 1235 452 1282 παράλληλον
486 1236 696 1282 Odysseae3
729 1210 852 1282 ’Τηλε-

113 1286 228 1328 γονία
260 1284 530 1329 Eugammonis
567 1284 736 1330 (Olymp.
763 1286 849 1328 53.)‚

113 1332 347 1366 continuatio
391 1331 580 1376 Odysseae
631 1343 753 1377 usque
804 1333 851 1367 ad

113 1378 216 1413 Ulixi
241 1382 410 1413 mortem.
447 1379 592 1413 Horum
617 1379 735 1424 igitur
761 1382 850 1424 poe-

112 1428 255 1470 tarum,
298 1428 362 1471 qui
403 1426 550 1471 aliquot
587 1427 726 1461 seculis
764 1430 851 1471 post

112 1473 318 1508 Homerica
351 1475 518 1508 carmina
544 1474 588 1508 ea
613 1474 693 1508 fere
719 1474 850 1518 forma,

112 1533 188 1566 qua
213 1521 259 1555 ad
286 1532 355 1556 nos
380 1532 607 1566 pervenere,
643 1522 850 1556 constituta

111 1568 333 1611 floruerunt,
354 1568 582 1613 φιλολογιας
599 1570 717 1624 magis
736 1581 848 1614 quam

111 1617 282 1660 poeticae
296 1616 491 1662 dignitatis
505 1627 630 1659 causa,
649 1613 850 1661 σύνταγμα

112 1664 389 1698 constituerant
406 1663 665 1706 Alexandrini,
691 1664 771 1698 suis
795 1665 849 1698 lo-

112 1711 167 1744 cis
209 1711 363 1745 insertis
404 1711 522 1745 Iliade
571 1714 657 1756 post
699 1711 848 1756 Cypria,

111 1757 281 1802 Odyssea
321 1761 406 1802 post
447 1755 640 1801 Νόστους;
682 1758 727 1792 de
772 1770 847 1803 quo

112 1815 271 1859 corpore
295 1805 455 1839 Photius
488 1805 578 1839 Cod.
605 1807 692 1839 239:
726 1815 848 1838 σπου-

109 1848 261 1894 δάζεται
301 1857 382 1894 τοῖς
419 1852 593 1894 πολλοῖς,
635 1849 707 1892 οὐχ
745 1847 847 1885 οὕτω

110 1897 173 1933 διὰ
200 1897 269 1943 τὴν
294 1896 454 1955 ἀρετήν,
488 1911 540 1942 ως
570 1896 633 1932 διὰ
659 1897 728 1942 τήν
752 1897 849 1932 ἀκο-

110 1946 273 1980 λουθίαν
307 1947 381 1980 τῶν
408 1947 448 1980 ἑν
473 1944 577 1992 αὐτῷ
603 1943 847 2001 τραγμάτων.

111 1994 248 2029 Omnia
272 1995 373 2029 enim
399 1995 493 2029 haec
510 1994 679 2028 carmina
704 1994 848 2039 cyclica

110 2032 290 2076 carebant
331 2042 551 2076 oeconomia
591 2041 659 2075 illa
699 2042 848 2086 poetica

111 2089 419 2131 (orqam’sche
477 2089 710 2132 Einheit),
774 2100 847 2134 qua

110 2137 302 2171 excellunt
316 2137 407 2171 Ilias
434 2139 472 2171 et
489 2136 676 2182 Odyssea3
701 2146 746 2170 ac
769 2137 848 2181 ple-

110 2194 272 2228 rumque
290 2195 351 2218 res
369 2187 492 2229 gestas
510 2184 716 2217 multorum
735 2194 846 2228 saepe

110 2242 298 2265 annorum
325 2232 406 2265 sine
434 2231 542 2276 copia
566 2230 633 2265 illa
659 2230 768 2264 beata
793 2234 847 2265 te-

111 2279 237 2312 nuiter
272 2281 310 2312 et
343 2279 461 2313 nimia
494 2289 578 2312 cum
605 2278 846 2322 simplicitate

110 2326 330 2360 narrabant.

159 2374 358 2406 137-—139.
374 2375 580 2406 Fortunam
597 2373 740 2405 Priami
757 2373 843 2416 cet.]

110 2419 233 2454 Huius
251 2420 431 2454 versiculi
451 2420 640 2464 exemplar
660 2419 845 2454 Graecum

110 2466 279 2501 nondum
313 2470 506 2512 repertum
540 2469 616 2510 est;
650 2467 751 2501 unde
778 2467 845 2500 tri-

109 2514 198 2559 plex
231 2514 354 2548 oritur
384 2514 570 2558 suspicio:
607 2515 650 2557 1)
677 2514 748 2548 Vel
774 2514 847 2548 fuit

110 2561 305 2597 exordium
355 2561 450 2606 cycli
499 2561 844 2606 Pseudopisandrei

111 2608 300 2651 (Macrob.
336 2608 487 2643 Saturn.
522 2611 562 2650 5,
600 2610 632 2642 2.
667 2607 843 2642 Welcker

108 2667 145 2700 p.
165 2656 257 2699 79.);
283 2656 320 2699 2)
345 2655 405 2690 vel
430 2656 528 2691 alius
545 2655 730 2690 brevioris
756 2657 844 2700 poe-

109 2704 220 2737 matis
262 2703 414 2749 cyclici,
457 2714 587 2738 omnes
628 2703 768 2737 Priami
807 2706 845 2737 et

904 480 1040 515 Troiae
1102 481 1383 518 vicissitudines
1439 484 1638 528 complexi,

903 528 969 561 sed
1002 528 1113 563 nobis
1146 529 1285 584 ignoti,
1323 530 1537 565 cuiusmodi
1572 533 1640 565 ali-

903 575 1005 619 quod
1032 575 1189 610 Tzetzae
1213 574 1382 610 Ἰλιακῶν
1414 578 1537 612 simile
1563 579 1638 613 Ho-

901 623 988 656 ratii
1014 623 1247 668 temporibus
1265 625 1452 660 exstitisse
1479 636 1548 660 nec
1568 638 1637 671 pro

902 672 1006 704 certo
1040 670 1219 706 affirmari
1254 682 1378 717 neque
1411 673 1543 718 negari
1574 685 1639 718 po-

901 719 994 761 test3
1028 718 1065 760 3)
1099 718 1159 752 vel
1185 720 1274 753 olim
1296 719 1350 754 ita
1375 720 1638 764 explicandum

902 767 976 807 est,
1001 767 1042 798 ut
1068 766 1165 800 solet
1190 767 1365 811 usurpari
1389 767 1431 800 in
1458 769 1638 813 exemplis

901 822 944 845 ac
992 811 1163 848 fabellis<
1220 813 1299 855 „Ut
1347 815 1427 848 fere
1478 824 1637 850 consue-

901 862 1037 893 verunt
1095 861 1265 905 incipere
1322 861 1525 906 scriptores
1577 873 1638 908 cy-

902 907 1022 940 clici.“
1090 907 1309 942 Falsissima
1364 910 1422 943 est
1471 908 1638 944 Scholia-

901 956 1044 988 starum
1059 955 1201 999 opinio,
1214 956 1277 989 hic
1287 956 1360 990 iam
1373 956 1638 991 Antimachum

900 1002 1036 1035 notari.
1088 1002 1163 1036 Gfr.
1190 1013 1222 1036 v.
1251 1005 1330 1037 146.
1382 1002 1523 1043 Quinta
1547 1005 1638 1039 alio-

900 1059 983 1082 rum
1009 1049 1098 1083 olim
1125 1050 1253 1094 opinio
1281 1051 1404 1093 (nunc
1430 1051 1563 1086 merito
1590 1052 1637 1086 ab

901 1096 1076 1130 omnibus
1103 1097 1280 1142 explosa)
1306 1097 1382 1131 fuit
1406 1098 1453 1131 ab
1479 1098 1636 1133 Horatio

899 1143 1060 1178 liberius
1111 1154 1331 1201 expressum
1381 1155 1464 1179 esse
1505 1144 1636 1180 Iliadis

899 1201 1037 1234 parvae
1071 1191 1242 1224 initium.
1271 1187 1388 1225 Ίλιον
1422 1189 1538 1225 ἀείδω
1571 1194 1637 1227 καὶ

899 1236 1114 1292 Δαρδανίην
1131 1234 1314 1278 εὔπωλον,
1326 1230 1396 1280 ἿΙς
1412 1239 1509 1295 πέρι
1516 1237 1638 1273 πολλὰ

900 1281 1028 1318 πάθον
1054 1285 1199 1319 Δαναοὶ
1213 1281 1468 1341 θεράποντες
1490 1282 1636 1334 Ἄρηος,

900 1332 966 1377 qui
992 1343 1123 1367 versus
1149 1332 1223 1378 ipsi
1249 1333 1437 1368 fortasse‘
1427 1344 1467 1367 in
1494 1334 1635 1369 scholis

900 1379 1240 1414 Grammaticorum
1281 1383 1471 1425 tamquam
1512 1392 1634 1416 exem-

898 1427 1002 1471 plum
1062 1427 1206 1462 exordii
1262 1428 1445 1472 poematis
1501 1429 1634 1474 cyclici

898 1474 1060 1519 proponi
1134 1475 1235 1509 soliti
1301 1475 1457 1510 fuerint.
1540 1475 1629 1510 Tale

898 1524 1024 1556 autem
1079 1522 1196 1556 veluti
1250 1533 1319 1567 per
1368 1525 1508 1557 'manus
1558 1526 1634 1558 tra-

898 1568 1019 1603 ditum
1076 1570 1225 1614 peperit
1283 1569 1432 1604 tandem
1480 1569 1635 1605 Ioannis

899 1615 1057 1651 Tzetzae
1099 1617 1228 1651 nobile
1268 1615 1632 1672 11111(1.Αργαλεόυ

898 1663 1085 1720 πολέμοιο
1122 1666 1243 1719 μέγαν
1282 1660 1423 1698 κλόνον
1456 1662 1634 1699 Ἶλιακοῖο

900 1707 1056 1744 Ἐννεπε
1093 1708 1349 1752 Καλλιόπεια,
1394 1709 1462 1752 ὑφ’
1499 1709 1635 1764 ἡμετέ-

897 1769 1010 1804 ρησιν
1051 1756 1212 1800 αοιδαϊς·
1252 1756 1434 1805 Ἀρχῆθεν
1471 1757 1502 1789 δ’
1541 1755 1635 1791 εποί-

896 1804 971 1838 etde
1005 1807 1071 1838 καὶ
1104 1805 1143 1846 ἐς
1176 1804 1284 1846 τέλος
1319 1804 1512 1852 ἐξερέεινε.
1561 1804 1635 1840 Ve-

895 1862 980 1885 rum
1005 1852 1046 1885 in
1062 1851 1192 1886 Iliadis
1217 1863 1354 1896 parvae
1372 1851 1527 1886 exordio
1553 1863 1632 1887 non

897 1898 999 1933 inest
1053 1898 1260 1944 praecipua
1308 1899 1412 1933 notio
1461 1900 1634 1941 [ortunae

896 1947 1052 1980 Priami.
1103 1946 1176 1980 Sed
1213 1956 1371 1990 prorsus
1408 1947 1559 1992 egregia
1592 1947 1633 1980 in

896 1994 968 2027 hoc
1018 2004 1156 2039 genere
1198 2004 1376 2038 perverso
1425 1996 1482 2028 est
1515 2004 1633 2047 quam

897 2040 1005 2074 affert
1037 2041 1196 2075 Boileau
1228 2041 1272 2074 A.
1305 2040 1348 2075 P.
1381 2042 1414 2075 3.
1449 2036 1635 2088 πρότασις

896 2087 1152 2123 Alarichiadis
1187 2087 1379 2122 Souderii:
1420 2090 1465 2122 Je
1503 2090 1633 2122 chame

899 2137 929 2168 le
955 2137 1163 2177 vainqueur
1189 2137 1250 2169 des
1275 2136 1501 2176 vainqueurs
1525 2137 1570 2169 de
1597 2136 1633 2169 la

897 2184 1004 2216 terre.
1053 2183 1100 2216 In
1131 2182 1191 2216 his
1226 2182 1378 2227 quidem
1412 2183 1514 2216 inest
1542 2181 1633 2216 ridi-

896 2230 1006 2264 culus
1045 2230 1214 2275 ipsorum
1247 2229 1450 2264 verborum
1487 2232 1632 2272 tumor;

897 2279 1028 2311 contra
1065 2278 1105 2310 in
1139 2287 1251 2311 versu
1285 2276 1352 2311 illo
1387 2276 1530 2322 cyclico
1564 2287 1632 2321 per

896 2335 935 2358 se
978 2324 1075 2358 nihil
1112 2323 1254 2369 turgidi
1289 2323 1418 2367 vide03
1455 2323 1632 2358 vitiosum

895 2374 977 2405 erat
1018 2374 1136 2406 totum
1184 2372 1336 2416 poema,
1386 2381 1472 2405 cum
1520 2371 1631 2405 nimis

895 2419 1033 2461 multa,
1068 2429 1198 2453 omnes
1224 2418 1364 2452 Priami
1399 2417 1632 2452 calamitates

895 2469 932 2500 et
950 2468 1070 2500 totum
1096 2466 1240 2501 bellum
1258 2465 1466 2500 Troianum
1491 2465 1631 2509 ample-

895 2516 1080 2556 cteretur,
1122 2523 1197 2547 non
1240 2523 1353 2546 unam
1391 2513 1555 2557 aliquam
1594 2523 1631 2546 a-

894 2561 1058 2594 ctionem
1077 2562 1180 2594 recta
1202 2559 1452 2603 dispositione
1470 2568 1630 2593 oecono-

894 2608 991 2642 mica
1029 2609 1216 2642 tractaret.
1246 2625 1287 2632 —
1320 2606 1436 2650 seret]
1476 2605 1630 2649 „afferet

894 2654 1062 2689 lectori.“
1115 2654 1207 2688 Cum
1233 2663 1440 2698 permagna
1464 2655 1502 2687 et
1528 2652 1628 2697 quod

893 2702 940 2736 ad
975 2702 1155 2736 ambitum
1187 2704 1225 2735 et
1250 2700 1297 2735 ad
1330 2700 1548 2735 varietatem
1575 2703 1629 2733 at-
