1774 2930
646 166 742 201 Lm.
764 166 795 201 1.
842 164 993 200 EPIST.
1017 164 1064 199 V.

1522 164 1607 205 289

217 270 265 313 Si
294 270 447 313 melius
477 268 581 325 quid
608 267 763 321 habes,
794 280 963 310 arcesse
990 265 1062 308 vel
1089 264 1318 320 imperim
1347 263 1425 306 fer.

216 340 467 384 Iamdudum
497 338 694 396 splendet
722 337 842 380 focus
873 341 917 380 et
944 336 1024 378 tibi
1052 334 1213 378 munda
1242 334 1450 391 supellex.

216 411 340 454 Mitte
368 411 487 454 leves
518 424 618 466 spes
649 413 692 452 et
722 408 955 451 certamina
983 406 1226 449 divitiarum

178 506 181 507 ν
218 481 277 524 Et
304 481 470 524 Moschi
501 494 695 523 causam:
728 493 822 521 cras
851 483 952 521 nato
983 478 1170 520 Caesare
1198 476 1334 522 festus

198 610 271 645 ΕΡ.
306 610 351 644 V.
385 613 419 645 6.
455 612 493 645 si
516 609 666 652 bSch,
692 619 821 643 omnes
845 607 1037 649 Pottierii,
1063 606 1112 649 C,
1134 606 1331 641 Bentleius
1356 608 1393 640 et
1417 605 1467 639 0:
1498 607 1564 639 Sin

149 657 276 691 Ltmfl.
302 677 345 682 —
371 660 405 692 9.
428 659 476 691 Et
501 658 640 690 Moschi
672 665 821 690 causam
853 653 1119 699 bSchpJaCt,
1143 653 1341 688 Beutleius
1367 654 1405 687 et
1429 653 1479 687 0:
1517 655 1563 686 Et

151 713 300 738 causam
321 706 460 740 Moschi
481 704 560 738 ΕΜ.

104 806 334 847 Minturnae,
364 805 630 838 Auruncorum
655 803 832 848 oppidum

106 851 153 886 ad
178 851 276 886 ostia
298 851 398 886 Liris
421 852 479 894 fl.,
510 862 534 885 a
565 861 639 895 quo
664 852 833 884 Sinuessa

105 898 267 933 distabat
288 897 354 932 IX.
378 898 428 932 M.
443 898 485 932 Ρ.
513 899 701 940 „Petrinus
725 907 832 931 mons

106 949 165 980 est
188 945 441 980 Sinuessanae
466 945 607 979 civitati
633 944 832 978 imminens

105 992 166 1027 vel
181 1003 271 1038 ager
284 992 485 1027 Sinuessae
497 992 678 1026 vicinus.“
704 990 832 1025 0011.

106 1038 228 1078 cauo.
257 1038 380 1074 Hodie
404 1041 526 1073 Rocca
550 1041 589 1073 di
612 1041 733 1072 monte
757 1040 833 1071 Ra-

105 1088 209 1129 oom',
247 1097 293 1121 ex
316 1086 477 1121 aliorum
502 1085 690 1120 sententia
714 1086 833 1118 Piedi-

105 1136 237 1168 monte.
274 1133 545 1168 Sinuessanum
562 1136 687 1167 autem
704 1133 832 1166 vinum

105 1180 325 1215 melioribus
371 1180 707 1222 adnumerabatur,
756 1191 832 1214 non

106 1229 230 1262 tamen
255 1227 422 1272 optimis,
445 1227 623 1269 Falerno,
650 1226 835 1269 Caecubo,

108 1273 257 1315 Setino,
303 1275 515 1308 Formiano.
565 1274 743 1327 (Martial.
780 1276 835 1314 13,

111 1323 174 1354 111
203 1321 307 1365 sqq.)
326 1341 369 1344 —
386 1322 444 1364 Si]
471 1320 532 1355 Sic
557 1332 630 1355 mel
657 1321 772 1355 Codd.
798 1324 836 1354 et

108 1366 233 1401 Bentl.
274 1378 319 1401 ex
367 1368 638 1401 consuetudine
677 1367 837 1409 Horatii,

111 1415 176 1458 qui
202 1425 395 1459 nunquam
418 1414 538 1448 utitur
558 1419 653 1459 part.
676 1417 743 1457 sin,
770 1414 836 1448 sed

109 1462 151 1495 in
176 1461 474 1505 oppositionibus
507 1461 648 1505 duplici
680 1463 723 1494 si.
761 1461 836 1495 Cfr.

110 1507 205 1553 Epp.
230 1510 263 1550 2,
290 1512 323 1549 1,
347 1511 393 1542 64
418 1519 581 1553 seqq.-—
597 1508 754 1551 arcesse]
774 1508 836 1551 „Si

112 1555 204 1600 quid
227 1555 362 1589 melius
386 1555 464 1588 vini
497 1555 632 1597 habes,
664 1566 732 1600 per
758 1566 836 1589 ser-

109 1602 239 1636 vulum
271 1602 319 1637 ad
351 1613 409 1636 me
441 1601 673 1636 afferendum
710 1613 812 1637 cura.
818 1605 835 1621 ‘⁴

107 1649 227 1683 Recte
259 1649 335 1683 dici
359 1657 542 1682 arcessere
565 1658 642 1682 rem
665 1653 767 1694 patet
791 1661 836 1684 ex

110 1695 187 1730 Gic.
211 1695 355 1730 adAtt.
373 1698 430 1738 16,
455 1698 511 1738 11,
535 1698 577 1729 4:
603 1698 679 1730 eius
706 1698 837 1730 librum

109 1745 293 1778 arcessivi.
319 1762 362 1767 —
386 1744 579 1784 imperium
586 1732 679 1787 ser]
711 1744 836 1789 „quod

108 1791 150 1824 in
174 1791 348 1824 convivas
382 1790 653 1834 quodammodo
687 1802 837 1826 exerce-

107 1837 174 1871 bat
189 1837 352 1872 convivii
376 1837 584 1871 dominus.“
610 1837 678 1872 Est
702 1838 835 1883 igitur:

110 1884 203 1926 „Vel
227 1895 272 1919 eo
298 1887 495 1918 contentus
520 1887 612 1927 esto,
639 1885 741 1929 quod
767 1897 836 1931 ego

108 1941 192 1965 mea
231 1942 279 1965 ex
316 1932 497 1975 apotheca
543 1931 835 1975 depromendum

110 1978 285 2012 curabo!
312 1997 352 2001 —
381 1979 541 2019 splendet
564 1979 687 2022 focus]
720 1979 836 2013 Lares

109 2024 179 2058 tali
211 2025 273 2058 die
303 2024 545 2068 tergebantur
576 2035 681 2066 cera,
718 2026 836 2071 fuligo

109 2071 187 2104 foci
218 2071 469 2104 amovebatur.
494 2090 537 2094 —
564 2072 649 2114 tibi]
684 2073 745 2114 „in
770 2074 837 2106 ho—

111 2127 242 2151 norem
266 2118 406 2151 tuum.“

159 2165 257 2197 8-10.
280 2165 385 2198 Mitte
402 2164 487 2206 cet]
516 2163 696 2206 „Omissis
722 2167 838 2198 omni-

110 2210 183 2244 bus
209 2211 323 2252 curis,
349 2221 444 2254 quae
470 2211 593 2244 solent
617 2212 761 2256 agitare
785 2213 838 2245 vi-

110 2259 186 2292 tam
202 2258 401 2292 humanam
425 2258 525 2291 inter
549 2258 735 2292 honorum
753 2270 838 2303 spes

110 2305 333 2349 plerumque
350 2304 503 2338 fallaces
521 2308 558 2338 et
574 2305 739 2338 studium
757 2306 837 2350 opi-

109 2351 182 2386 bus
206 2351 303 2386 alios
328 2351 543 2396 superandi,
569 2352 687 2386 Genio
713 2353 837 2387 indul-

110 2399 298 2444 geamus.“
347 2398 433 2442 Ipse
465 2410 487 2432 a
518 2399 657 2433 talibus
692 2410 838 2444 semper

111 2455 251 2480 vacuus
275 2446 436 2480 amicum
454 2446 680 2488 exhortatur,
706 2450 748 2480 ut
772 2458 837 2481 ne-

110 2492 222 2537 gotiis
260 2492 489 2538 quotidianis
530 2493 595 2527 illo
638 2497 738 2527 certe
776 2494 837 2528 die

109 2540 329 2595 postpositis
347 2550 472 2574 secum
488 2540 607 2574 Genio
624 2541 837 2586 indulgeat·

111 2595 182 2620 nec
205 2598 294 2621 vero
319 2588 359 2621 in
385 2587 444 2621 his
473 2587 678 2632 quidquam
711 2599 838 2632 repre-

111 2632 303 2668 hensionis
336 2634 455 2676 inest,
489 2635 598 2679 quasi
624 2635 837 2679 Torquatus

112 2678 193 2722 ipse
228 2680 362 2715 fuisset
392 2682 503 2715 homo
536 2682 595 2716 vel
626 2693 744 2716 vanus
778 2683 838 2716 vel

113 2735 259 2760 avarus.
305 2726 407 2762 Idem
445 2728 538 2762 dicit
568 2739 611 2763 ac
647 2729 837 2763 Iuvenalis

218 2795 318 2821 Horat.
334 2797 399 2822 vol.
416 2797 456 2823 11.
491 2798 545 2824 Ed.
562 2799 657 2824 minor
674 2799 708 2825 V.

751 2903 765 2927 t

882 804 945 844 11,
984 803 1069 835 181:
1105 803 1174 835 sed
1204 809 1301 834 num
1332 801 1458 834 dilatis
1490 803 1611 834 averte

881 850 1026 890 περσεία
1059 849 1157 882 curis
1190 850 1236 881 Et
1269 850 1416 889 aratam
1448 849 1613 888 requiem

881 897 979 930 dona
1018 897 1093 929 tibi.
1136 914 1179 918 —-
1223 896 1314 929 leues
1354 895 1459 937 spes]
1502 894 1612 929 Pind.

880 943 1027 998 Fragm.
1052 943 1126 976 inc.
1154 945 1239 976 131.
1281 941 1427 984 ἐλπίδες
1451 941 1613 989 ἐγρηγο-

881 986 1003 1036 ρότων
1043 985 1211 1023 ἐνύπνια.
1237 1008 1281 1013 —
1305 988 1468 1032 Moschi]
1508 989 1613 1032 „Hic,

880 1037 1136 1082 Pergamenus
1146 1037 1274 1070 rhetor
1284 1036 1516 1078 notissimus,
1522 1047 1612 1071 reus

882 1084 1052 1119 veneficii
1070 1084 1154 1125 fuit,
1179 1083 1287 1118 cuius
1306 1094 1456 1118 oausam
1474 1094 1520 1118 ex
1535 1083 1614 1128 pri·

881 1132 951 1166 mis
984 1135 1075 1165 tunc
1109 1134 1276 1166 oratores
1310 1134 1488 1176 egerunt,
1523 1130 1614 1165 Tor-

883 1183 1019 1224 quatus
1044 1179 1118 1219 hic,
1146 1178 1193 1212 de
1219 1189 1293 1223 quo
1319 1189 1420 1212 nune
1445 1178 1551 1220 dicit,
1576 1181 1615 1212 et

882 1226 1038 1260 Asinius
1047 1225 1203 1260 Pollio.“
1213 1225 1362 1258 ΡΟΒΡΗ.
1369 1225 1487 1259 Recte
1497 1225 1614 1270 signi-

882 1273 970 1307 ficat
992 1273 1180 1314 Dt'intzer,
1216 1272 1479 1317 perdifficilem
1504 1273 1614 1306 istam

884 1331 1034 1354 causam
1052 1322 1206 1364 propter
1230 1330 1401 1364 magnam
1419 1319 1614 1353 hominum

884 1367 1215 1411 exspectationem,
1232 1366 1297 1410 qui
1315 1366 1398 1400 eius
1415 1366 1539 1400 exitus
1557 1377 1615 1401 es-

886 1418 942 1448 set
954 1414 1120 1455 futurus,
1136 1424 1364 1458 magnopere
1379 1413 1483 1448 cordi
1495 1413 1614 1448 fuisse

886 1459 1076 1505 Torquato
1109 1461 1267 1506 gloriam
1294 1471 1340 1494 ex
1369 1460 1425 1494 rei
1450 1460 1498 1494 ab
1531 1461 1614 1505 ipso

884 1508 1028 1542 defensi
1061 1508 1299 1542 absolutione
1331 1507 1538 1552 appetenti.
1569 1527 1612 1532 —

883 1558 972 1588 nato
990 1554 1159 1597 Caesare]
1179 1554 1239 1588 Sic
1265 1554 1365 1588 nude
1390 1555 1533 1588 dictum
1555 1557 1617 1590 vix

884 1600 995 1636 aliter
1031 1602 1195 1647 intelligi
1228 1604 1351 1646 potest
1384 1613 1495 1646 quam
1529 1613 1615 1636 cum

885 1649 1025 1683 Comm.
1044 1649 1159 1693 Cruq.
1184 1648 1231 1682 de
1256 1649 1318 1682 die
1343 1649 1461 1683 natali
1482 1649 1615 1684 Caesa-

884 1697 938 1730 ris
952 1697 1134 1742 Augusti,
1159 1696 1226 1741 qui
1246 1696 1511 1730 inciditinIX.
1531 1696 1614 1731 Kal.

884 1743 1036 1778 Octobr.
1062 1745 1135 1786 (23.
1161 1743 1196 1777 d.
1215 1743 1330 1788 Sept.)
1373 1743 1474 1777 Scite
1498 1744 1616 1789 igitur

883 1790 1077 1825 blanditur
1093 1790 1263 1835 Augusto
1290 1790 1422 1825 dicens
1446 1802 1486 1825 se
1503 1792 1616 1825 etiam

884 1842 1050 1879 noctem,
1084 1849 1181 1882 quae
1214 1838 1312 1872 diem
1338 1838 1422 1872 eius
1453 1839 1615 1873 natalem

883 1885 1095 1930 praecedat,
1112 1885 1224 1918 hilari
1243 1885 1416 1919 convivio
1431 1896 1554 1930 usque
1566 1886 1615 1920 ad

885 1933 1006 1966 lucem
1032 1936 1308 1966 transactarum
1334 1943 1427 1966 esse.
1459 1932 1614 1967 Sueton.

885 1979 1011 2013 Octav.
1029 1981 1092 2013 57:
1110 1981 1259 2020 Equites
1274 1981 1435 2012 Romani
1450 1981 1614 2013 natalem

886 2028 963 2059 eius
998 2030 1123 2067 sponte
1155 2029 1267 2067 atque
1300 2035 1475 2060 consensu
1507 2029 1615 2061 biduo

884 2082 1027 2114 semper
1039 2074 1281 2106 celebrarunt.
1305 2073 1518 2107 Haeserunt
1531 2074 1615 2118 qui-

886 2120 967 2152 dem
1003 2121 1177 2163 plerique
1210 2120 1251 2152 in
1284 2131 1340 2152 vv.
1377 2122 1616 2153 Anticum--

886 2169 1023 2199 noctem
1056 2166 1217 2210 ideoque
1255 2167 1493 2211 interpretati
1527 2170 1617 2202 sunt

886 2212 932 2245 de
959 2212 999 2246 C.
1022 2213 1111 2246 Iulii
1137 2212 1307 2247 Caesaris
1332 2213 1525 2248 dictatoris
1550 2225 1616 2249 na—

886 2259 963 2300 tali,
988 2259 1072 2294 Kal.
1097 2259 1209 2293 Amit.
1239 2259 1361 2294 Inscr.
1387 2272 1434 2295 m.
1459 2261 1541 2295 Lat.
1565 2262 1613 2295 Π.

885 2317 921 2350 p.
939 2308 1028 2340 394:
1052 2315 1111 2340 lv.
1137 2315 1199 2340 1D.
1222 2315 1316 2341 Ivi..
1343 2309 1416 2350 (12.
1441 2308 1501 2342 die
1525 2309 1613 2352 Iul.)

885 2360 989 2387 LVD.
1014 2362 1116 2388 FER.
1148 2362 1287 2392 QVOD.
1319 2363 1427 2389 1100.
1459 2364 1552 2389 DIE.
1579 2365 1613 2390 c.

887 2408 1083 2434 CAESAR.
1109 2409 1206 2435 its-r.
1231 2410 1399 2436 xsrvs.
1444 2402 1516 2436 Sed
1542 2403 1614 2437 sub

886 2447 989 2481 caelo
1005 2447 1137 2482 Italico
1156 2449 1222 2482 illa
1240 2459 1392 2494 quoque
1409 2460 1495 2491 nox,
1517 2461 1614 2494 quae

885 2495 1037 2539 proprie
1063 2499 1143 2529 erat
1166 2497 1413 2538 autumnalis,
1451 2497 1525 2530 dici
1546 2508 1613 2541 po-

885 2544 982 2576 terat
1017 2544 1173 2585 aestt'va,
1211 2546 1254 2576 ut
1285 2543 1463 2588 Calpurn.
1498 2546 1537 2585 1,
1574 2547 1613 2577 1:

885 2590 1053 2623 Nondum
1075 2590 1169 2624 Solis
1200 2600 1309 2631 equos
1340 2592 1487 2624 declivis
1519 2592 1614 2623 miti-

886 2639 948 2676 aat
988 2639 1125 2679 aestas,
1172 2638 1344 2679 Quamvis
1385 2641 1417 2669 et
1456 2638 1614 2671 madidis

885 2684 1096 2716 incumbant
1125 2686 1235 2725 prela
1268 2686 1420 2717 racemis
1451 2685 1498 2716 Et
1529 2693 1614 2725 spu-

885 2733 981 2764 ment
1022 2740 1137 2765 rauco
1174 2733 1354 2772 ferventia
1394 2733 1514 2764 masta
1554 2740 1614 2765 su-

1368 2802 1400 2826 19
