1774 2930
650 289 703 359 Q.
734 288 988 350 HORATII
1025 287 1237 349 FLACCI

292 421 1592 535 EPISTOLARUM

680 604 861 647 LIBER
893 605 1211 649 SECUNDUS.

742 807 1081 851 EPISTOLA
1112 809 1153 851 1.

308 891 418 934 Cum
449 895 512 933 tot
543 891 755 933 sustineas
789 894 832 932 et
861 893 980 932 tanta
1010 891 1184 946 negotia
1215 891 1350 945 solus,

305 962 394 1005 Res
426 962 556 1004 Italas
588 962 718 1004 armis
749 961 922 1015 tuteris,
954 962 1144 1003 moribus
1177 976 1321 1015 ornes,

305 1033 498 1090 Legibus
531 1032 752 1085 emendes,
784 1033 831 1074 in
860 1032 1032 1088 publica
1063 1033 1283 1075 commoda
1313 1047 1506 1089 peccem,

308 1103 355 1146 Si
385 1105 514 1160 longo
547 1118 742 1147 sermone
773 1117 914 1145 morer
943 1107 1018 1145 tua
1048 1107 1260 1160 tempora,
1293 1103 1465 1146 Caesar.

284 1210 357 1244 ΕΡ.
394 1210 423 1245 Ι.
461 1213 494 1244 2.
532 1211 717 1244 moenibus
754 1209 916 1243 Bentleii
955 1209 1132 1253 suspicio.
1161 1229 1203 1234 ——
1231 1211 1263 1242 3.
1294 1211 1480 1243 commoda
1515 1210 1664 1250 publica

237 1261 394 1303 quartus
422 1257 614 1300 Schmidii,
641 1257 681 1291 O.
723 1256 788 1300 (Ut
812 1267 894 1298 nos,
919 1255 1071 1300 bScdp.)

235 1341 265 1375 Ι.
290 1341 346 1375 De
371 1344 593 1386 argumento
620 1340 705 1374 vide
723 1340 877 1373 Excurs.
895 1339 924 1372 Ι.

240 1391 271 1422 1.
297 1390 330 1422 2.
355 1388 552 1431 sustineas]
580 1388 842 1430 „administres
862 1387 925 1428 ita,

190 1438 233 1469 ut
269 1438 373 1470 tanto
412 1436 518 1469 oneri
555 1446 623 1480 par
658 1435 710 1469 sis
744 1434 923 1468 viribus.“

191 1484 401 1525 „sustinere
425 1485 552 1517 autem
578 1483 736 1524 neootia,
763 1484 805 1515 ut
822 1490 925 1514 onus.

192 1530 269 1565 Cic.
296 1530 343 1564 ad
369 1530 470 1563 Fam.
497 1532 538 1572 5,
565 1532 604 1572 9,
634 1533 673 1563 1:
706 1530 789 1572 hoe,
824 1529 927 1569 quid·

191 1578 278 1618 quid
321 1580 370 1611 est
410 1578 530 1610 oneris
570 1579 602 1610 et
639 1577 819 1618 muneris,
859 1584 927 1617 pro

191 1633 272 1658 mea
291 1625 467 1666 dionitate
493 1625 558 1657 tibi
584 1625 758 1657 tuendum
783 1632 826 1656 ac
850 1631 928 1656 sus-

191 1673 378 1705 tinendum
393 1674 498 1712 puta.
525 1671 663 1705 Salust.
683 1670 791 1704 Catil.
812 1681 842 1704 c.
863 1672 927 1703 53:

191 1721 286 1761 sorte
331 1720 447 1752 lubuit
489 1720 694 1760 attendere,
738 1726 831 1758 quae
868 1726 928 1750 res

192 1767 352 1800 maxime
379 1768 483 1799 tanta
514 1766 660 1806 neqotia
689 1766 928 1798 sustinuisset.

194 1831 238 1837 -—
265 1813 378 1856 solus]
406 1812 522 1846 Tacit.
548 1812 648 1845 Ann.
677 1814 708 1853 1,
735 1814 775 1845 3:
803 1813 928 1844 eadem

192 1861 476 1901 maqistrataum
524 1859 724 1899 vocabula,·
742 1876 757 1882 -
774 1877 790 1883 -
807 1866 928 1891 omnes

194 1909 308 1941 eoeuta
350 1907 575 1947 aequalitate
614 1907 714 1939 iussa
752 1906 929 1947 principis

193 1956 420 1996 adspeccare.
471 1953 553 1993 Quo
595 1955 763 1997 tempore
805 1954 930 1985 autem

192 2001 287 2036 haec
312 2000 484 2045 Epistola
509 2000 650 2045 scripta
675 2002 748 2042 est,
779 1999 930 2033 iamiam

194 2059 325 2082 omnes
351 2048 567 2093 dignitates,
593 2047 731 2092 quibus
756 2047 811 2080 uti
830 2046 931 2081 vole-

195 2095 278 2138 bat,
327 2095 524 2140 Augustus
581 2096 847 2138 assumpserat.
886 2113 930 2117 —-

194 2145 267 2177 Res
303 2143 421 2176 natas
456 2142 548 2185 cet]
589 2141 824 2186 „Imperium
857 2140 932 2174 Ro-

195 2201 349 2224 manum
373 2193 447 2224 tam
472 2192 607 2234 potens
638 2188 857 2231 reddidisti,
891 2190 933 2221 ut

197 2237 330 2271 nullus
366 2237 439 2271 iam
476 2236 597 2271 hostis
635 2236 671 2270 ei
706 2235 932 2270 metuendus

198 2284 280 2319 sit.“
333 2284 409 2318 cfr.
440 2284 508 2318 Od.
535 2286 574 2324 4,
610 2285 673 2325 15,
709 2285 751 2316 13
779 2293 860 2327 sqq.
889 2301 931 2305 —

198 2331 346 2374 tuteris]
381 2330 450 2365 od.
477 2334 516 2373 4,
557 2332 618 2372 14,
657 2332 720 2363 43:
760 2339 780 2363 o
818 2330 934 2363 tutela

196 2387 371 2420 praesens
409 2379 546 2412 Italiae
583 2379 825 2418 dominaeque
861 2378 934 2410 Ro-

197 2434 292 2458 mae.
319 2444 362 2448 —
388 2426 550 2458 moribus
584 2424 713 2467 ornes]
753 2434 934 2468 „operam

161 2485 166 2490 ·
199 2482 355 2514 navans,
381 2475 422 2505 ut
447 2482 570 2506 mores
587 2482 655 2516 per
680 2471 781 2505 bella
805 2471 934 2515 impri-

200 2519 270 2554 mis
298 2519 424 2552 civilia
448 2519 556 2553 foede
590 2518 758 2562 corrupti
786 2518 833 2552 ad
858 2517 936 2562 pri-

201 2577 305 2601 orem
323 2565 497 2600 decorem
523 2565 857 2610 integritatemque
876 2575 935 2598 re-

202 2616 396 2655 vocentur,
414 2612 529 2657 idque
547 2612 684 2656 partim
701 2612 856 2657 proprio
875 2623 937 2646 ex-

202 2661 338 2704 emplo,
362 2661 497 2704 partim
522 2670 650 2694 severe
667 2659 812 2704 punitis
829 2658 936 2694 adul-

202 2708 294 2742 teris
319 2710 430 2752 atque
457 2706 670 2751 impudicis,
695 2707 834 2750 partim
852 2706 935 2751 lege

974 1339 1020 1373 de
1046 1339 1245 1373 adulteriis
1271 1339 1347 1373 lata
1371 1342 1409 1373 et
1435 1339 1554 1373 altera
1570 1338 1616 1372 de
1634 1349 1711 1372 ma-

974 1386 1135 1420 ritandis
1162 1386 1361 1421 ordinibus
1396 1386 1530 1420 saltem
1554 1395 1712 1430 praepa-

976 1435 1090 1468 rata.“
1144 1433 1219 1468 Gfr.
1253 1433 1323 1468 od.
1348 1436 1389 1475 4,
1423 1435 1463 1475 5,
1497 1435 1540 1467 21
1568 1444 1650 1477 sqq.
1675 1435 1710 1474 4,

978 1483 1042 1523 15,
1068 1483 1087 1514 9
1116 1491 1196 1526 sqq.
1223 1479 1330 1515 Ovid.
1355 1480 1442 1514 Met.
1471 1482 1532 1523 15,
1558 1482 1638 1513 832.
1664 1479 1711 1514 de

975 1528 1167 1573 Augusto:
1218 1530 1310 1562 Pace
1352 1529 1442 1561 data
1481 1529 1591 1561 terris
1631 1527 1711 1560 ani-

975 1584 1075 1609 mum
1106 1577 1156 1609 ad
1189 1576 1314 1609 civilia
1346 1576 1462 1608 vertet
1488 1577 1582 1608 lura
1604 1582 1711 1607 suum

979 1623 1197 1664 leuesque
1246 1623 1339 1664 seret
1386 1623 1602 1655 iustissimus
1644 1630 1711 1654 au-

979 1672 1066 1712 ctor,
1085 1670 1331 1711 Exemploque
1347 1678 1415 1702 suo
1431 1677 1579 1702 mores
1596 1670 1709 1709 reaet.

976 1717 1082 1751 Adde
1109 1716 1262 1750 Sueton.
1305 1715 1431 1749 Octav.
1458 1717 1522 1749 27:
1563 1715 1712 1756 Recepit

979 1767 1012 1797 et
1052 1771 1225 1796 morum
1269 1764 1511 1804 levamque
1547 1763 1713 1803 regimen

974 1813 1204 1852 perpetuum.
1259 1809 1407 1843 Pariter
1449 1811 1574 1843 autem
1618 1810 1713 1850 leae-5

978 1859 1016 1891 et
1047 1866 1164 1890 mores
1198 1856 1380 1891 Horatius
1418 1855 1610 1900 componit
1642 1855 1713 1889 od.

979 1906 1019 1946 3,
1046 1906 1110 1945 24,
1137 1905 1201 1938 25:
1245 1905 1340 1946 Quid
1374 1904 1469 1944 leqes
1499 1904 1578 1936 sine
1603 1903 1713 1936 mori·

979 1953 1044 1985 bas
1082 1952 1203 1985 Vanae
1234 1951 1456 1992 proficiunt?
1505 1949 1574 1984 Od.
1600 1952 1642 1992 4,
1680 1952 1713 1991 5,

980 2000 1044 2032 22:
1085 1999 1167 2033 Mos
1205 2000 1239 2031 et
1275 1998 1335 2031 lew
1366 1998 1594 2031 ‘maculosum
1632 1997 1714 2030 edo-

979 2047 1070 2079 muit
1095 2047 1212 2087 nesae.
1262 2045 1473 2089 Propterea
1505 2044 1607 2089 quod
1638 2044 1715 2088 pri-

981 2093 1122 2127 stinum
1148 2092 1311 2126 nominis
1329 2091 1489 2126 Romani
1514 2091 1629 2125 decus
1655 2101 1714 2124 re-

981 2141 1155 2174 stitutum
1181 2142 1278 2181 erat,
1310 2139 1429 2173 utitur
1455 2138 1570 2172 verbo
1596 2146 1713 2171 ornes.

980 2187 1104 2222 Plaut.
1128 2186 1237 2221 Most.
1265 2189 1303 2229 1,
1329 2189 1370 2229 3,
1399 2188 1461 2220 12:
1497 2187 1594 2228 Quin
1618 2188 1658 2218 tu
1682 2187 1716 2218 te

983 2243 1186 2269 exornas
1218 2235 1379 2267 moribus
1415 2234 1566 2274 tepidis?
1602 2232 1716 2266 Bent-

982 2282 1048 2316 leii
1073 2292 1161 2315 vero
1187 2282 1386 2323 moenibus,
1410 2280 1450 2314 id
1475 2282 1543 2322 est,
1569 2281 1612 2312 ut
1627 2278 1717 2320 volt,

984 2328 1187 2372 „aedificiis
1220 2327 1466 2373 magnificis‚“
1501 2327 1638 2371 (quam
1663 2328 1717 2359 ta-

982 2387 1067 2410 men
1119 2375 1435 2420 significationem
1488 2385 1523 2407 v.
1571 2373 1717 2407 moenia

983 2433 1177 2467 nunquam
1198 2422 1322 2464 habet,
1348 2421 1412 2455 sed
1437 2419 1630 2455 interdum
1646 2429 1715 2464 pro

985 2469 1155 2514 „oppidis
1189 2479 1276 2503 cum
1309 2468 1491 2508 aedificiis
1524 2467 1626 2501 suis“
1652 2476 1718 2510 po-

984 2517 1116 2559 nitur),
1143 2526 1213 2549 nec
1239 2516 1415 2550 convenit
1439 2514 1575 2549 ceteris
1600 2513 1715 2547 huius

983 2563 1280 2609 praedicationis
1298 2562 1476 2596 membris
1501 2563 1540 2595 et
1563 2562 1715 2594 senten-

984 2611 1073 2646 tiam
1090 2610 1247 2655 praebet
1259 2610 1370 2654 longe
1389 2608 1616 2650 tenuiorem;
1642 2609 1718 2641 ete-

985 2658 1064 2692 nim
1088 2658 1160 2691 hoo
1184 2657 1243 2690 vel
1267 2655 1365 2691 Nero
1391 2655 1493 2689 fecit.

1034 2707 1067 2739 3.
1093 2707 1126 2738 4.
1163 2705 1314 2745 Leuibus
1349 2702 1531 2745 emendes]
1567 2700 1718 2746 Signifi-
