1774 2930
692 167 785 202 LIB.
809 167 839 201 1.
888 167 1041 202 EPIST.
1065 167 1148 202 VII.

1589 169 1676 210 315

279 267 508 324 Impositus
538 268 707 310 mannis
738 282 886 310 arvum
917 268 1166 324 caelumque
1199 267 1407 310 Sabinum

279 337 378 380 Non
409 342 549 381 cessat
576 339 763 382 laudare.

824 338 956 382 Videt
985 338 1180 395 ridetque
1209 339 1451 396 Philippus,

279 408 356 462 Et,
390 410 472 451 sibi
503 409 603 451 dum
634 411 846 466 requiem,
879 409 979 451 dum
1009 410 1120 451 risus
1151 410 1340 466 undique
1371 411 1556 467 quaerit,

278 479 395 521 Dum
426 484 593 536 septem
624 480 754 523 donat
785 481 1002 534 sestertia,
1033 484 1184 522 mutua
1214 485 1380 537 septem

1619 482 1676 523 80

279 550 517 604 Promittit,
549 551 778 607 persuadet
808 552 871 592 uti
902 555 1113 593 mercetur
1144 551 1342 607 agellum.

279 620 505 663 Mereatur.
568 621 634 664 Ne
663 626 708 664 te
737 622 877 677 longis
909 621 1160 677 ambagibus
1190 623 1303 664 ultra

281 690 420 739 Quam
451 692 556 734 satis
588 696 655 735 est
684 706 838 745 morer,
871 706 926 734 ex
955 692 1091 734 nitido
1122 692 1169 734 fit
1198 693 1382 735 rusticus
1414 698 1543 749 atque

281 761 429 804 Sulcos
461 766 504 804 et
533 763 678 805 vineta
709 766 854 819 crepat
883 776 1026 816 mera3
1059 768 1288 819 praeparat
1317 764 1476 818 ulmos,

163 888 313 924 Sabino.
340 910 382 915 —
408 892 552 925 indictis
570 911 584 918 -
601 909 616 916 -
632 892 788 935 Latinis]
824 892 892 926 Fe-

162 936 241 970 riae
257 936 415 972 Latinae
439 949 516 972 non
543 940 660 973 statae
681 942 799 981 erant,
827 939 893 973 sed

162 984 400 1029 conceptivae
436 989 474 1019 et
509 986 712 1030 quotannis
748 985 891 1020 indice-

160 1031 298 1064 bantur
331 1042 354 1066 a
387 1033 555 1067 consule.
602 1032 680 1067 Iam
707 1043 792 1066 cum
823 1045 891 1078 per

161 1077 402 1121 quatriduum
415 1079 601 1113 iustitium
615 1082 725 1122 esset,
741 1080 891 1124 patroni

161 1134 358 1159 causarum
395 1128 432 1160 et
465 1127 683 1171 quicunque
717 1127 890 1162 civilibus

159 1171 323 1217 negotiis
359 1172 540 1217 implicati
579 1177 705 1213 erant,
749 1175 890 1208 otiandi

161 1227 295 1262 causa,
340 1220 538 1254 comitibus
579 1221 723 1266 aliquot
764 1232 890 1255 secum

159 1265 326 1308 eductis,
351 1268 644 1301 rusticabantur.
696 1268 756 1302 Sic
782 1280 804 1302 a
830 1269 890 1302 Ci-

161 1321 296 1346 cerone
319 1313 424 1347 feriis
440 1314 584 1348 Latinis
607 1315 802 1360 finguntur
826 1316 890 1348 ha-

160 1357 230 1391 biti
266 1359 306 1392 in
345 1359 532 1404 Scipionis
568 1362 728 1396 minoris
770 1363 889 1396 hortis

162 1414 352 1440 sermones
377 1407 434 1440 illi
460 1408 506 1442 de
531 1419 572 1442 re
595 1409 758 1451 publica.

209 1454 329 1487 77-85.
354 1456 548 1496 Impositus
572 1455 731 1498 mannis]
758 1455 890 1498 „Man-

161 1508 251 1532 num
276 1501 478 1535 ascendere
503 1502 631 1536 iussus
641 1502 671 1544 ⁴⁶,
696 1513 779 1536 cum
805 1503 890 1537 aliis

161 1547 315 1590 exponit
339 1547 546 1591 Obbarius;
581 1560 655 1593 qua
678 1550 718 1582 in
743 1549 890 1584 ratione

160 1602 261 1626 num.
279 1594 439 1638 pluralis
455 1597 599 1629 mannis
623 1597 802 1640 explicari
827 1597 890 1631 de-

159 1639 224 1673 bet
247 1641 308 1674 vel
333 1652 409 1676 una
434 1652 518 1676 cum
543 1643 702 1687 reliquis
724 1644 890 1688 Philippi

160 1687 356 1722 comitibus
381 1690 440 1723 vel
465 1689 512 1724 de
541 1691 689 1724 mannis
721 1691 889 1736 singulas

158 1743 225 1777 per
238 1736 451 1770 mansiones
467 1738 632 1771 mutatis.
658 1737 806 1772 Mannis
824 1750 890 1772 au-

159 1782 233 1814 tem
249 1781 437 1817 Romanos
454 1784 645 1818 interdum
662 1788 786 1819 vectos
806 1796 888 1819 esse

157 1831 341 1863 monstrat
366 1841 411 1864 ex
436 1830 600 1865 Senecae
625 1831 743 1876 Epist.
770 1834 825 1866 87.
853 1837 890 1867 et

157 1873 315 1909 Ausonii
344 1877 462 1921 Epist.
494 1880 534 1921 8,
560 1881 603 1912 7:
645 1881 706 1912 Vel
738 1881 889 1913 celerem

157 1928 332 1956 mannum
347 1925 405 1957 vel
425 1928 573 1966 ruptum
597 1929 702 1967 terya
717 1929 888 1960 veredum

160 1969 394 2013 conscendas,
417 1980 571 2013 propere
596 1975 789 2006 dummodo
814 1976 888 2007 iam

157 2016 292 2048 venias.
318 2016 394 2050 Alii
412 2021 554 2061 contra,
578 2020 680 2063 quod
696 2021 886 2064 praefero:

161 2060 388 2104 „impositus
415 2065 506 2098 cisio
539 2067 600 2099 vel
631 2067 788 2109 rhedae,
826 2069 887 2101 cui

159 2106 279 2141 iuncti
305 2112 412 2143 erant
436 2112 611 2154 manni“,
643 2115 686 2145 ut
708 2115 763 2145 ire
789 2116 888 2153 equis

159 2163 228 2196 pro
251 2163 363 2188 curru
383 2159 464 2190 vehi
481 2157 588 2191 Ovid.
606 2170 651 2192 ex
666 2159 786 2193 Ponto
805 2162 837 2201 3,
854 2164 887 2203 4,

162 2201 246 2234 100:
282 2204 415 2245 Filias,
454 2207 486 2238 et
518 2206 667 2247 iunctis,
703 2209 743 2238 ut
771 2209 888 2250 prius,

158 2247 222 2280 ibit
240 2251 349 2292 equis,
374 2250 413 2284 id
431 2254 498 2293 est,
524 2262 639 2285 curru
657 2253 888 2297 triumphali.

157 2295 319 2329 Mammas
351 2300 474 2331 autem
507 2301 564 2332 est
595 2300 731 2333 animal
762 2300 889 2345 hybri-

158 2340 244 2374 dum
271 2353 316 2376 ex
340 2355 436 2389 equo
461 2347 499 2378 et
520 2346 628 2380 asina
643 2350 785 2380 natum.
812 2347 887 2381 cfr.

159 2386 227 2421 od.
253 2391 286 2431 3,
312 2392 368 2433 27,
396 2393 426 2425 7.
470 2392 588 2436 Epod.
613 2395 646 2436 4,
675 2396 728 2427 14.
756 2413 798 2417 —
826 2404 887 2427 ar-

157 2443 242 2468 vum
267 2439 478 2480 caelumque
498 2441 672 2474 Sabinum
698 2441 780 2484 cet]
806 2442 887 2476 Etsi

157 2492 332 2526 asperum
366 2489 446 2520 erat
478 2487 597 2520 solum
635 2488 887 2533 frigidiusque

158 2530 302 2564 caelum
340 2531 539 2576 Sabinum,
580 2537 703 2568 tamen
744 2536 886 2569 homini

157 2576 217 2609 vix
258 2589 423 2623 unquam
464 2583 569 2615 extra
608 2581 716 2616 Urbis
757 2593 886 2617 muros

158 2625 306 2668 evagari
337 2627 445 2661 solito
476 2629 761 2662 amoenissimus
785 2629 887 2663 vide-

158 2669 267 2704 batur
291 2674 444 2708 tractus.
485 2675 596 2709 Haud
620 2676 746 2721 magni
775 2677 885 2710 aesti-

158 2720 275 2752 matos
309 2730 389 2754 esse
423 2721 559 2756 fundos
590 2721 748 2758 Sabinos
782 2734 886 2758 mon-

941 893 1034 925 strat
1060 892 1196 926 Catull.
1229 895 1293 935 44,
1321 895 1363 926 1:
1403 895 1432 926 0
1465 895 1578 935 funde
1611 903 1676 927 πο-

939 940 1025 981 ster,
1060 948 1126 972 seu
1149 941 1279 973 Sabine
1304 949 1369 973 seu
1395 942 1542 981 Tiburs‚·
1579 943 1676 975 Nam

940 987 974 1018 te
999 995 1073 1019 esse
1099 987 1281 1020 Tiburtem
1307 990 1519 1030 autumant,
1545 990 1675 1029 quibus

940 1041 1014 1066 non
1050 1036 1100 1066 est
1139 1035 1245 1068 Cordi
1283 1036 1469 1068 Catullum
1512 1036 1675 1075 laedere,-

940 1082 978 1112 at
1012 1082 1139 1121 quibus
1173 1082 1274 1115 cordi
1306 1085 1374 1123 est,
1410 1083 1544 1124 Quavis
1572 1084 1675 1116 Sabi-

940 1135 1027 1160 num
1041 1129 1194 1169 pignore
1214 1138 1287 1162 esse
1305 1130 1678 1163 contendunt—aum

938 1176 1101 1214 requiem
1126 1175 1210 1218 cet]
1251 1176 1368 1218 „dum
1395 1177 1467 1210 sibi
1500 1178 1673 1220 undique,

941 1232 1093 1265 quoquo
1133 1223 1260 1263 modo,
1302 1223 1592 1258 oblectationem
1629 1235 1675 1259 ac

939 1269 1210 1302 recreationem
1234 1281 1256 1303 a
1278 1270 1493 1305 forensibus
1510 1272 1673 1316 negotiis

939 1319 1063 1358 parat,
1088 1317 1324 1359 praevidens,
1351 1329 1463 1362 quam
1488 1318 1674 1353 ridiculus

939 1363 1106 1396 rusticus
1135 1363 1288 1397 futurus
1315 1368 1414 1398 esset
1445 1375 1581 1409 praeco
1607 1365 1672 1400 ille

940 1409 1247 1445 subrostranusst‘
1270 1430 1313 1434 —
1338 1412 1450 1455 risus]
1493 1413 1671 1454 „ridendi

939 1457 1165 1490 mfae.teriem.“⁴
1206 1457 1281 1491 cfr.
1308 1458 1383 1492 Sat.
1409 1461 1442 1501 2,
1468 1461 1500 1501 2,
1530 1461 1608 1494 107.
1628 1479 1671 1484 -

937 1505 1035 1536 Dum
1059 1505 1143 1547 cet.]
1181 1505 1363 1540 Consulto
1396 1507 1673 1551 negligentiore

940 1561 1111 1585 sermone
1146 1562 1239 1586 usus
1277 1555 1335 1587 est
1367 1564 1436 1597 pro
1470 1555 1530 1587 his
1562 1554 1671 1588 fere:

940 1608 1006 1639 „eo
1033 1598 1135 1642 quod
1166 1598 1299 1633 Menae
1333 1600 1447 1634 donat
1480 1601 1671 1635 dimidiam

937 1647 1082 1688 partem
1122 1646 1251 1690 pretii,
1294 1658 1368 1691 quo
1412 1649 1556 1692 agellus
1599 1650 1672 1683 emi

937 1695 1103 1735 poterat,
1140 1694 1295 1727 alteram
1328 1697 1494 1728 mutuam
1520 1695 1600 1737 dat,
1636 1696 1671 1730 ei

937 1739 1160 1782 persuadet“
1182 1744 1252 1774 cet.
1263 1761 1306 1764 —
1319 1744 1456 1783 septem
1465 1761 1480 1767 -
1489 1743 1674 1787 sestertia}

938 1785 1086 1830 Septem
1112 1788 1216 1822 milia
1238 1788 1311 1822 HS.
1330 1789 1500 1823 efficiunt
1521 1790 1675 1824 circiter

939 1835 1029 1866 1400
1054 1834 1114 1867 Fr.
1142 1834 1238 1868 Gall.
1266 1855 1308 1859 -—-
1333 1837 1543 1880 Mereatur]
1585 1837 1671 1879 „Re

936 1891 1024 1914 vera
1050 1882 1223 1925 sequitur
1240 1883 1406 1927 Philippi
1432 1884 1671 1918 consilium.“

937 1927 1013 1962 Cic.
1039 1929 1086 1962 ad
1109 1929 1211 1963 Fam.
1240 1933 1294 1972 16,
1321 1932 1377 1972 21,
1404 1933 1447 1964 7:
1478 1933 1670 1973 Deponen-

936 1976 1003 2007 dae
1029 1976 1093 2008 tibi
1116 1979 1201 2009 sunt
1227 1979 1478 2012 urbanitates.-
1512 1980 1676 2012 rusticus

936 2023 1123 2055 Romanus
1147 2025 1267 2064 sactus
1294 2034 1340 2057 es.
1368 2044 1411 2048 —
1437 2026 1566 2068 nitido]
1602 2026 1669 2059 ho-

935 2068 1036 2102 mine
1070 2080 1139 2113 pro
1172 2071 1250 2104 suis
1284 2071 1446 2105 fortunis
1479 2073 1570 2106 satis
1596 2073 1670 2106 ele-

936 2116 1058 2159 ganti,
1083 2117 1251 2159 maxime,
1276 2120 1380 2161 puto,
1410 2129 1454 2152 ex
1479 2129 1554 2162 quo
1580 2119 1669 2152 Phi-

936 2161 1030 2205 lippi
1069 2163 1312 2205 quotidianus
1352 2166 1507 2199 conviva
1546 2166 1669 2201 factus
1707 2166 1719 2176 ²

937 2209 1049 2241 erat.“
1078 2228 1121 2232 —
1146 2211 1270 2243 sulcos
1305 2214 1337 2244 et
1370 2214 1494 2245 vineta
1527 2214 1671 2257 crepat]

938 2265 1114 2299 „semper
1151 2257 1191 2289 in
1230 2268 1293 2291 ore
1330 2259 1477 2292 habet.“
1528 2260 1596 2294 Od.
1636 2264 1668 2303 1,

938 2303 1000 2344 18,
1027 2304 1070 2335 5:
1104 2305 1191 2345 Quis
1212 2308 1294 2346 post
1317 2307 1405 2339 vina
1430 2315 1578 2347 aravem
1602 2310 1669 2341 mi-

938 2349 1053 2382 litiam
1079 2354 1143 2383 aut
1171 2354 1389 2393 pauperiem
1414 2357 1564 2396 crepat?
1606 2355 1671 2389 Sic

935 2396 1046 2429 etiam
1082 2403 1232 2444 κροτεῖν
1269 2402 1305 2433 et
1344 2401 1454 2441 loqui.
1517 2401 1592 2435 Cic.
1619 2402 1666 2436 ad

933 2442 1010 2476 Att.
1036 2447 1076 2486 9,
1103 2447 1143 2487 2,
1169 2448 1213 2478 3:
1262 2448 1404 2480 Curtius
1439 2450 1538 2481 venit
1574 2450 1667 2482 nihil

935 2491 1004 2523 nisi
1045 2493 1173 2525 classes
1217 2494 1364 2534 loquens
1404 2498 1435 2528 et
1474 2498 1664 2529 eoeercitus.

935 2537 1027 2579 (Gfr.
1054 2538 1127 2573 Sat.
1156 2542 1186 2578 1.
1213 2543 1246 2582 3,
1274 2542 1343 2583 13.)
1370 2561 1414 2564 —
1440 2543 1558 2585 mera]
1589 2542 1665 2576 Cic.

934 2585 980 2617 ad
1005 2585 1079 2619 Att.
1104 2588 1137 2629 9,
1157 2589 1211 2630 13,
1232 2591 1273 2621 1:
1298 2596 1423 2621 mera
1447 2590 1587 2622 scelera
1614 2591 1667 2622 lo-

934 2635 1106 2671 quantur.
1157 2634 1188 2676 §.
1215 2636 1255 2668 8:
1281 2636 1475 2668 Dolabella
1499 2637 1574 2668 suis
1606 2637 1663 2669 lit-

934 2680 1020 2711 teris
1051 2688 1219 2714 meram
1254 2683 1387 2714 bellum
1422 2683 1592 2722 loquitur.
1620 2703 1665 2707 -

933 2726 1063 2769 ulmos]
1090 2728 1345 2768 „maritandas
1369 2728 1544 2763 vitibus.“
1589 2730 1665 2764 cfr.
