1774 2930
172 147 259 188 496

827 147 1037 183 HORATH

291 247 382 291 Nec
411 247 598 291 reditum
629 248 852 291 Diomedis
885 249 940 292 ab
970 249 1148 293 interitu
1176 250 1406 308 Meleagri,
1444 294 1449 296 ,

289 318 381 362 Nec
411 320 585 376 gemino
616 319 778 363 bellum
810 319 1045 363 Troianum
1076 321 1238 364 orditur
1268 322 1322 366 ab
1355 337 1459 379 ovo3

171 494 343 541 Cyclicos
381 495 484 530 haud
527 496 731 541 reperias.“
768 516 808 521 —
847 498 909 531 de-

172 544 276 586 hinc]
307 543 377 586 „in
403 543 518 578 rebus
546 543 726 589 deinceps
751 555 909 579 narran-

171 589 263 624 dis.“
291 590 408 624 HAND
435 590 543 625 Turs.
569 590 617 625 H.
643 603 680 636 p.
707 594 787 626 320.

221 639 300 671 146.
338 639 415 672 Nec
450 639 609 672 reditum
641 640 824 673 Diomedis
863 641 909 673 ab

169 686 321 718 interitu
362 686 566 729 Meleaqri]
617 685 767 721 Scholia
813 687 907 721 haec

170 735 278 766 sunt:
319 732 538 778 „Meleager
577 735 615 767 et
647 734 797 778 Tydeus
831 734 907 768 fra-

169 781 247 813 tres
289 779 457 814 fuerunt.
507 781 757 815 Antimachus
795 783 908 826 poeta

168 826 331 861 reditum
356 827 550 862 Diomedis
582 839 744 863 narrans
770 828 816 862 ab
843 839 906 863 ex-

169 874 275 908 ordio
315 875 440 920 coepit
472 876 616 919 primae
652 876 829 921 originis,
867 877 907 910 id

168 924 236 964 est,
262 922 309 956 ab
334 922 494 956 interitu
518 922 732 968 Meleagri.“
781 923 906 957 Aeno.

170 968 441 1011 „Antimachus
475 970 549 1003 fuit
583 971 748 1015 cyclicus
773 973 905 1015 poeta3

167 1016 230 1050 hic
256 1027 457 1062 aggressus
483 1019 541 1051 est
558 1018 766 1061 materiam,
793 1029 905 1062 quam

168 1064 222 1097 sic
257 1064 445 1107 extendit,
484 1067 527 1098 ut
559 1064 692 1110 viginti
726 1069 905 1110 quattuor

166 1111 359 1145 volumina
413 1112 645 1156 impleverit,
701 1115 904 1158 antequam

168 1161 311 1203 septem
353 1159 469 1193 duces
508 1170 632 1204 usque
670 1159 717 1194 ad
756 1160 904 1195 Thebas

165 1206 436 1250 perduceret.“
486 1206 637 1240 PORPH.
690 1206 907 1253 „Meleager

167 1255 205 1287 et
233 1253 384 1299 Tydeus
409 1253 546 1288 fratres
571 1254 691 1288 fuere.
733 1254 790 1289 Ex
815 1254 909 1289 obli-

166 1311 242 1345 quo
290 1303 417 1335 autem
465 1304 612 1335 taxatur
658 1301 908 1337 Antimachus

167 1348 355 1393 cyclicus,
389 1348 456 1393 qui
482 1349 644 1383 reditum
667 1349 860 1384 Diomedis
887 1361 910 1384 a

168 1395 285 1429 Troia
318 1396 358 1429 in
395 1395 592 1430 Graeciam
629 1407 788 1431 narrans
823 1408 908 1431 eum

164 1443 303 1488 incipit
320 1443 367 1478 ab
381 1443 539 1478 interitu
553 1443 733 1489 Meleagri
744 1444 906 1488 patrui.“

166 1489 298 1524 Coma.
319 1490 441 1529 CRUQ.
466 1490 570 1525 Inter
588 1492 765 1536 antiquos
790 1493 907 1526 inter-

163 1540 292 1582 pretes
328 1541 502 1572 constare
536 1538 661 1581 vides,
695 1540 819 1573 notari
844 1539 907 1573 hic

164 1583 395 1628 Antimachi‚
420 1585 591 1620 Platonis
614 1586 786 1631 aequalis
805 1587 906 1628 (ante

166 1632 255 1666 Chr.
294 1633 414 1676 405.),
456 1633 716 1676 Thebaidem,-
750 1634 906 1679 longum

166 1679 322 1724 quidem
356 1690 400 1714 ac
434 1680 613 1715 diffusum
650 1682 802 1725 polima,
841 1681 906 1715 sed

165 1729 290 1761 tamen
325 1729 470 1773 magnis
508 1728 714 1763 virtutibus
751 1729 905 1763 minime

165 1785 311 1808 carens.
363 1774 438 1808 Cfr.
475 1775 633 1814 Quintil.
671 1778 737 1819 10,
774 1779 812 1818 1,
849 1777 905 1809 53.

162 1821 210 1854 In
229 1822 299 1855 hac
314 1824 441 1856 autem
456 1822 647 1856 Thebaide
663 1833 749 1856 cum
763 1823 904 1855 mentio

164 1868 248 1902 fieri
275 1879 353 1902 non
385 1872 515 1913 posset
539 1869 734 1903 Diomedis
759 1869 904 1902 reditus

163 1926 186 1949 a
231 1915 364 1958 Troia,
413 1915 638 1950 Welckerus
681 1925 735 1958 ep.
779 1917 905 1957 cyclus

162 1974 199 2008 p.
240 1965 320 1997 103.
359 1964 485 1997 locum
518 1963 666 1998 Horatii
706 1964 906 2008 explicavit

164 2010 211 2044 de
245 2010 442 2045 Diomedis
481 2010 522 2044 in
556 2010 743 2045 Aetoliam
777 2010 905 2045 reditu

163 2060 249 2102 post
273 2057 533 2104 Epigonorum
557 2059 764 2101 victoriam,
791 2069 902 2103 quem

164 2105 277 2139 nimis
305 2106 416 2150 longe
441 2105 637 2150 repetierit
654 2105 902 2140 Antimachus

164 2153 209 2186 ab
243 2153 403 2187 interitu
435 2147 617 2198 Meleagri
649 2164 717 2197 per
750 2153 902 2187 fatalem

164 2200 273 2233 illum
307 2200 479 2234 titionem
514 2200 559 2234 ab
591 2199 751 2234 Althaea
784 2202 902 2234 matre

165 2250 384 2281 crematum.
426 2248 476 2281 At
502 2258 587 2281 cum
611 2247 760 2281 Horatii
786 2248 902 2282 verba

165 2295 318 2328 nonnisi
337 2294 542 2329 artificiose
560 2295 606 2329 ad
623 2295 739 2328 alium
753 2295 903 2329 Diome-

163 2342 222 2375 dis
241 2342 402 2375 reditum
423 2353 534 2387 quam
559 2342 606 2376 ad
623 2342 731 2376 illum
749 2353 771 2376 a
789 2342 903 2376 Troia

164 2389 204 2422 in
244 2389 441 2423 Graeciam
482 2389 702 2434 detorqueri
742 2390 902 2433 possint,

163 2438 266 2470 recte
293 2436 511 2470 Diintzerus
537 2437 829 2470 Scholiastarum
855 2437 901 2471 de

163 2483 378 2517 Antimachi
430 2483 620 2518 Thebaide
675 2485 902 2528 interpreta-

163 2532 267 2565 tione
317 2531 459 2565 reiecta
507 2533 640 2575 poema
694 2531 900 2576 significari

163 2581 283 2623 putat,
310 2579 419 2612 cuius
436 2579 683 2623 praecipuum
701 2589 901 2624 argumen-

164 2628 243 2659 tum
270 2626 318 2660 sit
334 2625 526 2660 Diomedis
553 2637 574 2659 a
597 2626 711 2660 Troia
736 2625 900 2669 reditus3

165 2684 278 2717 quem
316 2673 479 2707 reditum
516 2675 628 2718 poeta
666 2685 688 2707 a
719 2672 898 2718 Meleagri

164 2720 321 2754 interitu
360 2731 469 2755 orsus
507 2731 590 2755 esse
626 2720 784 2763 dicitur,
823 2731 899 2765 quo

959 497 1043 542 ipso
1093 500 1132 534 et
1170 501 1289 534 matre
1329 499 1489 535 Althaea
1536 503 1698 537 mortuis

957 547 1066 589 pater
1093 545 1244 581 Oeneus
1276 546 1461 583 Periboea
1492 548 1533 582 in
1565 551 1696 584 matri-

957 593 1128 627 monium
1153 594 1267 628 ducta
1292 594 1419 640 Tydea
1442 596 1593 641 genuit,
1627 597 1694 641 qui

958 639 1004 674 ob
1031 640 1184 675 caedem
1209 642 1375 686 aliquam
1393 642 1583 689 Calydone
1607 655 1694 688 per·

956 689 1140 731 petr-atam
1178 688 1267 723 inde
1303 689 1426 735 Argos
1463 690 1611 736 aufugit
1645 691 1695 726 ad

955 734 1178 779 Adrastum,
1213 736 1321 771 cuius
1354 736 1433 772 filia
1463 737 1625 783 Deipyla
1658 739 1693 773 ei

956 785 1077 827 nupta
1099 782 1320 818 Diomedem
1345 785 1503 829 peperit.

1005 831 1086 864 147.
1123 832 1196 865 Nec
1234 833 1377 873 nemine
1411 831 1496 875 cet.]
1535 831 1694 878 „Neque

956 887 1044 911 vero
1071 877 1217 912 orditur
1241 878 1385 913 bellum
1411 878 1619 914 Troianum
1643 880 1693 914 ab

955 923 1124 959 Helenae
1183 927 1269 959 ortu
1325 926 1577 972 prodigioso.“
1644 927 1689 961 V.

955 973 1096 1012 qemino
1127 971 1278 1007 videtur
1313 973 1580 1018 explicandum
1605 985 1691 1008 cum

956 1018 1079 1052 Schol.
1120 1019 1319 1065 Rhenaug.
1360 1021 1524 1055 inedito:
1576 1021 1691 1067 „Iup-

953 1066 1052 1110 piter
1086 1076 1173 1099 cum
1205 1066 1310 1101 Leda
1339 1068 1381 1100 in
1417 1069 1543 1112 specie
1577 1069 1689 1114 cygni

955 1113 1171 1147 concubuit.
1236 1114 1331 1148 Inde
1378 1114 1447 1149 illa
1496 1115 1570 1149 duo
1622 1126 1692 1149 ova

953 1160 1100 1205 posuit3
1126 1171 1172 1195 ex
1195 1161 1315 1196 altero
1332 1161 1470 1196 Pollux
1487 1164 1526 1196 et
1542 1162 1687 1206 Castor,

958 1218 1004 1241 ex
1041 1207 1160 1242 altero
1197 1208 1344 1242 Helena
1381 1209 1530 1242 exivit.“
1581 1209 1694 1254 (Ipse

957 1254 1071 1289 etiam
1102 1254 1283 1290 Horatiu's
1317 1254 1509 1290 Castorem
1543 1258 1580 1290 et
1603 1256 1692 1291 Pol-

958 1302 1080 1336 lucem
1108 1311 1154 1336 επ
1179 1304 1303 1337 eodem
1327 1311 1393 1337 ovo
1413 1306 1612 1345 proanatos
1636 1303 1692 1338 di-

957 1349 1009 1383 cit
1035 1349 1109 1383 Sat.
1128 1351 1162 1393 2,
1190 1352 1222 1393 1,
1248 1350 1320 1393 26.)
1345 1350 1467 1385 Aliter
1493 1350 1690 1385 Commen-

956 1399 1054 1430 tator
1073 1396 1251 1442 Cruquii:
1278 1396 1385 1440 „Duo
1404 1407 1473 1432 ova
1495 1398 1695 1443 peperisse

957 1443 1098 1478 dicitur
1114 1443 1229 1487 Leda,
1254 1445 1416 1479 alterum
1442 1455 1488 1479 ex
1503 1445 1592 1480 Iove
1618 1445 1692 1480 sub

956 1491 1082 1536 specie
1121 1492 1232 1537 cygni
1271 1492 1360 1535 (cfr.
1393 1492 1525 1537 Eurip.
1554 1492 1688 1527 Helen.

958 1540 1014 1572 18.
1039 1538 1156 1573 Isocr.
1181 1538 1266 1573 Hel.
1291 1539 1383 1574 Enc.
1410 1539 1503 1582 26.)‚
1537 1550 1583 1574 ex
1613 1550 1691 1585 quo

956 1586 1036 1620 nati
1069 1589 1159 1620 sunt
1190 1586 1327 1621 Pollux
1361 1589 1399 1621 et
1428 1586 1598 1630 Helena3
1635 1587 1690 1620 al-

954 1636 1079 1667 terum
1118 1645 1163 1668 ex
1196 1634 1391 1679 Tyndaro,
1429 1645 1475 1669 ex
1513 1645 1587 1680 quo
1621 1633 1692 1668 Ca-

957 1683 1035 1715 stor
1077 1683 1114 1715 et
1155 1680 1487 1726 Clytaemnestra.“
1537 1680 1691 1726 Hygino

954 1727 1045 1762 Fab.
1079 1730 1135 1762 77.
1171 1728 1348 1762 convenit
1381 1738 1466 1762 cum
1494 1727 1688 1762 Commen-

955 1778 1074 1808 tatore
1101 1774 1280 1818 Cruquii,
1314 1774 1389 1808 nisi
1416 1774 1517 1819 quod
1542 1774 1603 1808 ovi
1628 1775 1689 1809 vel

955 1832 1111 1855 ovorum
1127 1821 1358 1855 mentionem
1375 1832 1453 1855 non
1470 1821 1571 1855 facit.
1591 1821 1689 1855 Con-

954 1871 1013 1903 tra
1038 1868 1148 1902 Bodii
1173 1867 1356 1914 Mythogr.
1389 1867 1419 1902 Ι.
1445 1870 1524 1902 204.
1555 1879 1593 1913 p.
1621 1870 1688 1902 64:

954 1917 1123 1957 Iuppiter
1165 1916 1357 1949 concubuit
1398 1924 1479 1949 cum
1514 1917 1612 1949 Leda
1647 1917 1689 1949 in

953 1964 1071 2004 specie
1097 1964 1212 2004 ononi.
1263 1964 1355 1996 lnde
1387 1964 1460 1997 duo
1494 1971 1565 1996 ova
1595 1964 1689 1996 nala

954 2013 1056 2053 sunt,
1092 2019 1138 2044 ex
1171 2018 1329 2051 quorum
1359 2011 1477 2044 allero
1503 2011 1630 2044 Castor
1655 2012 1689 2043 et

950 2058 1099 2100 Pollux,
1128 2066 1174 2091 σω
1198 2059 1314 2091 altero
1341 2058 1630 2099 Clytaemnestra
1655 2060 1690 2090 ec

951 2106 1099 2138 Helena
1130 2107 1242 2138 natae
1275 2106 1371 2138 sum.
1418 2104 1496 2138 Iam
1521 2103 1691 2149 Eriphus

950 2152 1051 2196 apud
1076 2152 1212 2186 Athen.
1239 2154 1273 2195 2,
1300 2154 1365 2186 50:
1392 2149 1450 2197 ᾠὰ
1473 2148 1691 2196 χήνεια.--

946 2191 1073 2241 Οιῗτος
1104 2198 1145 2232 δέ
1178 2210 1278 2243 φησι
1310 2198 1431 2232 ταῦτα
1462 2196 1532 2243 τὴν
1556 2196 1690 2242 Λήδαν

953 2250 1087 2280 τεκεῖν.
1134 2245 1257 2280 Aliter
1291 2257 1425 2280 rursus
1452 2245 1605 2280 Servius
1639 2246 1686 2279 ad

951 2294 1044 2328 Aen.
1072 2296 1104 2337 3,
1131 2295 1219 2328 328:
1263 2294 1424 2337 „Ledam
1449 2293 1621 2338 Iuppiter
1645 2293 1686 2326 in

951 2352 1114 2387 cygnum
1153 2343 1320 2375 mutatus
1357 2340 1550 2386 gravidam
1586 2340 1688 2383 fecit,

952 2399 1048 2434 quae
1066 2399 1175 2423 ovum
1193 2389 1384 2433 peperisse
1402 2387 1553 2430 dicitur,
1578 2387 1679 2421 unde

951 2436 1030 2470 nati
1065 2438 1155 2470 sunt
1178 2435 1341 2478 Helena,
1376 2435 1508 2469 Castor
1539 2437 1576 2469 et
1599 2434 1690 2468 Pol-

949 2484 1056 2527 1ux;“
1098 2485 1134 2517 et
1171 2482 1226 2517 sic
1257 2482 1368 2516 Bodii
1401 2481 1586 2528 Mythogr.
1617 2480 1685 2514 111.

949 2542 985 2575 p.
1023 2532 1102 2565 163.
1139 2529 1308 2564 Helenae
1343 2532 1486 2572 ortum,
1523 2531 1567 2562 ut
1597 2539 1685 2572 pro—

950 2578 1074 2612 babile
1102 2580 1178 2620 est,
1211 2577 1311 2611 haud
1345 2576 1479 2621 procul
1503 2576 1550 2610 ab
1578 2585 1684 2610 exor-

951 2625 1013 2660 dio
1053 2624 1310 2659 memora-bant
1343 2621 1510 2657 carmina
1536 2622 1687 2668 Cypria,

951 2683 1048 2717 quae
1076 2671 1223 2706 Stasino
1258 2671 1318 2705 vel
1341 2670 1533 2716 Hegesino
1566 2669 1688 2703 tribu-

951 2724 1086 2762 untur,
1111 2719 1211 2764 apud
1235 2718 1372 2752 Athen.
1399 2720 1432 2761 8,
1460 2719 1514 2751 10.
1540 2728 1576 2762 p.
1603 2717 1684 2750 334.
