1774 2930
176 146 263 187 478

834 126 1042 182 nomm

298 246 548 303 Continget,
581 247 836 303 dabiturque
866 248 1041 291 licentia
1071 253 1242 306 sumpta
1271 250 1506 307 pudenter,

295 317 353 359 Et
383 332 494 361 nova
523 319 706 374 fictaque
738 333 874 375 nuper
904 319 1125 362 habebunt
1154 321 1287 364 verba
1316 319 1463 376 fidem,
1496 323 1533 364 si

297 388 461 432 Graeco
492 389 610 432 fonte
641 389 812 442 cadent,
845 404 972 446 parce
1005 390 1184 434 detorta.
1233 391 1348 440 Quid
1380 397 1522 436 autem

272 550 327 580 52.
362 549 533 588 factaque
558 559 578 582 e
604 548 670 582 Ge.
695 549 860 583 Fabricii
886 548 1090 583 Codicibus
1115 549 1325 585 Bentleius.
1375 551 1448 594 (Ut
1474 563 1554 595 nos,
1582 564 1647 587 no-

225 595 321 636 stri.)
350 613 392 618 ——
428 597 485 628 53.
519 597 647 629 cadent
680 595 766 630 BTc
801 599 838 630 et
869 596 1052 641 Porphyr.
1090 596 1254 641 Monac.,
1292 598 1321 632 L
1360 601 1397 633 et
1428 599 1647 634 Bentleius:

225 643 359 675 cadant
384 642 447 684 bs,
474 642 568 685 CtM,
594 644 728 676 cadunt
753 654 853 677 unus
879 643 987 678 Feae.
1015 663 1057 666 ——
1081 645 1207 688 parce]
1233 648 1313 679 arte
1338 645 1380 680 B.

177 787 314 821 corpus
348 778 518 812 ambiens
551 782 588 813 et
613 779 660 813 ad
685 779 799 823 pedes
826 790 911 823 per-

177 824 348 869 tingens3
386 836 408 859 a
444 826 536 860 viris
574 827 790 871 gestabatur
828 827 911 861 loco

176 872 341 914 tunicae,
368 876 410 907 ut
437 873 686 918 expeditiores
714 876 840 908 essent
865 874 912 908 ad

176 919 384 963 agendum3
422 921 612 955 habebant
649 921 750 955 enim
789 922 912 955 soluta

175 965 333 1001 brachia
350 970 388 1001 et
412 967 460 1002 ad
481 968 733 1002 exercendum
751 968 911 1003 habilio-

175 1014 252 1048 ra.“
279 1014 399 1049 Fonc.
428 1015 528 1049 Hinc
553 1016 732 1050 Lucanus
758 1017 791 1058 2,
818 1017 911 1049 543:

177 1063 382 1102 exsertique
419 1071 550 1096 manus
588 1072 724 1096 vesana
758 1064 910 1104 Gatheai.

176 1107 292 1143 Silius
326 1111 366 1152 8,
401 1111 481 1144 585.
519 1110 565 1143 de
600 1110 789 1155 Cethego:
827 1113 910 1152 lpse

175 1156 326 1190 humero
361 1160 524 1191 eoesertus
558 1159 686 1198 aemili
717 1166 818 1191 more
841 1167 910 1199 pa-

174 1206 331 1238 rentum.
383 1204 515 1248 (Ovid.
541 1205 642 1239 Fast.
669 1206 710 1247 5,
738 1207 824 1239 101:
849 1206 911 1239 Se-

175 1252 356 1294 micaper,
391 1252 520 1286 coleris
554 1253 739 1295 cinctutis,
772 1253 911 1295 Faune,

174 1298 365 1341 Lupercis,
401 1299 440 1333 id
466 1301 543 1343 est,
570 1310 710 1344 „prope
735 1299 849 1333 nudis
875 1301 913 1333 et

175 1344 305 1379 cinctu
339 1349 486 1380 tantum
524 1346 703 1392 pudenda
739 1346 910 1381 velatis.“

174 1392 276 1427 Haec
318 1394 398 1427 sola
434 1395 471 1428 h.
509 1406 542 1428 v.
581 1395 752 1439 exempla
788 1394 912 1428 adhuc

174 1443 327 1484 reperta
368 1442 484 1484 sunt.)
519 1461 562 1465 -
597 1450 671 1475 non
711 1441 909 1484 exaudita]

174 1488 311 1530 „verba
328 1489 534 1524 maioribus
553 1489 693 1523 nostris
711 1491 798 1523 ante
816 1490 909 1523 haec

172 1534 248 1568 duo
287 1536 417 1570 secula
452 1536 565 1581 plane
603 1536 829 1581 incognita.“
864 1555 908 1560 -

173 1583 356 1626 Cetheqis]
392 1583 467 1618 cfr.
501 1584 596 1629 Epp.
624 1586 664 1627 2,
691 1586 730 1627 2,
759 1586 838 1618 117.
865 1602 908 1607 —

173 1630 383 1674 Continqet]
419 1630 568 1674 „Aliter
594 1630 677 1665 fieri
703 1642 781 1665 non
806 1633 910 1676 pote-

171 1677 242 1719 rit,
276 1677 352 1712 nisi
378 1680 421 1711 ut
445 1678 564 1724 fingas
594 1675 778 1713 vocabula
803 1689 825 1712 a
849 1689 910 1712 ve-

172 1724 318 1759 teribus
337 1726 507 1759 nondum
524 1729 719 1770 usurpata,
745 1728 908 1760 attamen

171 1771 285 1806 huius
319 1772 500 1807 audaciae
532 1784 693 1818 prosper
726 1773 800 1807 erit
825 1783 909 1806 suc-

172 1820 339 1853 cessus.“
375 1839 419 1843 —
454 1820 662 1863 pudenter]
706 1819 810 1862 „Sed
852 1822 910 1853 est

171 1866 305 1900 modus
330 1867 370 1900 in
396 1867 467 1900 hoe
501 1878 654 1911 quoque
688 1866 908 1909 servandus,

172 1923 220 1946 ne
255 1913 370 1947 nimis
404 1914 538 1948 crebro
572 1924 615 1948 ac
640 1913 800 1948 licenter
826 1924 909 1947 ver-

172 1960 231 1994 bis
256 1972 278 1994 a
303 1960 413 1995 nobis
438 1961 547 1995 factis
572 1961 755 1995 utamur.“
788 1960 908 2000 Quin-

172 2007 230 2041 til.
266 2010 302 2051 1,
337 2010 378 2051 5,
413 2011 477 2042 71:
518 2009 664 2042 &sitatis
698 2009 811 2042 tutius
837 2009 909 2041 uti-

171 2064 276 2096 mur‚·
307 2064 403 2090 nova
428 2065 503 2090 non
526 2058 604 2089 sine
631 2057 789 2096 quodam
811 2056 909 2097 peri-

173 2104 254 2136 culo
288 2104 468 2145 fingimus.
496 2122 538 2126 —
565 2103 745 2146 fictaque]
771 2102 843 2143 Per
869 2113 909 2137 se

171 2152 315 2184 rectum
353 2153 411 2185 est
448 2151 561 2185 etiam
595 2150 759 2185 Bentleii
795 2152 908 2193 sacta,

172 2197 239 2231 sed
282 2198 400 2232 Codd.
441 2198 641 2242 antiquiss.
684 2198 909 2232 auctoritate

173 2243 405 2279 destituitur.
446 2265 490 2268 —
530 2246 711 2278 habebunt
737 2263 752 2269 -
775 2244 908 2287 fidem]

174 2292 251 2334 „ita
283 2292 546 2337 probabuntur
575 2295 731 2337 propter
757 2291 909 2326 eviden-

172 2339 263 2372 tiam
296 2342 409 2384 atque
436 2340 681 2385 elegantiam,
716 2340 759 2373 ut
785 2339 910 2373 oblata

173 2387 371 2421 occasione
396 2388 461 2421 alii
494 2398 646 2431 quoque
672 2387 720 2421 iis
747 2386 910 2420 libenter

172 2434 282 2467 usuri
307 2434 415 2468 sint.“

221 2483 374 2515 53—59.
407 2483 439 2514 si
465 2482 604 2515 Graeco
629 2483 727 2524 fonte
759 2481 909 2524 cadent]

172 2529 332 2563 maxime
381 2529 420 2562 in
477 2528 812 2573 compositionibus
862 2528 909 2562 ad

173 2575 309 2610 Graeci
335 2576 520 2610 sermonis
553 2576 763 2621 analogiam
789 2575 910 2618 factis,

173 2624 282 2657 cuius
308 2624 459 2668 generis
486 2623 586 2667 apud
603 2622 801 2657 Horatium
820 2625 910 2657 sunt

174 2673 418 2713 centimanus,
453 2672 702 2712 tauriformis,
742 2671 909 2704 beluosus

174 2714 458 2762 (μεγακήτης),
482 2719 663 2761 inaudax,
690 2726 823 2751 aurum
848 2727 908 2751 ve-

961 781 1075 813 stibus
1099 781 1236 814 illitum
1261 777 1596 828 (χρυσόπαστος),
1628 784 1695 815 im-

958 829 1125 870 pariter,
1162 825 1306 870 ἀνίσως
1343 839 1375 862 v.
1414 830 1490 872 75.;
1527 829 1619 863 item
1655 830 1694 863 in

965 874 1076 908 rebus
1111 875 1157 908 ad
1194 875 1472 920 philosophiam
1506 879 1543 910 et
1575 888 1695 922 gram-

960 922 1134 956 maticam
1166 923 1466 966 pertinentibus,
1504 927 1547 958 ut
1582 926 1694 958 inter·

960 971 1130 1012 mundio,
1165 971 1390 1013 indifferens,
1425 972 1604 1014 qualitas,
1635 981 1696 1005 ae-

961 1017 1167 1056 quilibritas
1193 1018 1417 1061 (ἰσονομία,
1445 1018 1520 1052 Cic.
1545 1018 1592 1052 de
1618 1022 1693 1053 nat.

960 1063 1063 1097 deor.
1103 1066 1142 1107 1,
1181 1066 1245 1106 39,
1285 1064 1400 1109 109.),
1436 1067 1693 1106 veriloquium.

962 1109 1022 1143 Sic
1049 1110 1184 1145 Cicero
1211 1112 1401 1145 essentiam
1428 1109 1598 1154 (οὐσίαν)
1624 1124 1693 1147 nec

960 1168 1037 1191 non
1063 1159 1284 1191 indoloriam
1309 1155 1546 1202 (ἀπάθειαν)
1572 1160 1693 1194 nomi·

960 1204 1083 1247 navit,
1123 1205 1290 1239 addens:
1335 1207 1416 1240 licet
1457 1207 1553 1240 enim
1592 1208 1692 1241 novis

959 1253 1066 1285 rebus
1083 1261 1181 1286 nova
1198 1253 1348 1286 nomina
1367 1254 1572 1295 imponere;
1598 1256 1694 1288 teste

961 1298 1114 1333 Sidonio
1152 1299 1277 1344 Apoll.
1313 1299 1382 1344 Ep.
1414 1300 1537 1335 Praef.
1571 1299 1692 1335 Carm.

963 1348 1036 1389 14.;
1063 1345 1163 1381 idem
1188 1357 1303 1391 porro
1328 1347 1428 1382 valet
1451 1347 1498 1382 de
1522 1349 1694 1383 constru-

960 1393 1153 1428 ctionibus
1187 1405 1207 1428 e
1243 1393 1387 1428 Graeco
1425 1405 1598 1430 sermone
1630 1395 1693 1429 de-

962 1441 1132 1486 sumptis.
1175 1440 1251 1475 cfr.
1277 1441 1435 1480 Quintil.
1464 1443 1519 1485 12,
1547 1444 1602 1485 10,
1628 1445 1691 1477 33:

959 1490 1074 1522 Tanto
1117 1491 1166 1522 est
1201 1497 1321 1522 sermo
1359 1490 1521 1523 Graecus
1558 1491 1690 1523 Latino

958 1537 1173 1579 iucundior,
1206 1538 1247 1570 ut
1280 1538 1396 1570 nostri
1420 1539 1571 1579 poetae,
1605 1546 1692 1578 quo-

959 1584 1024 1617 ties
1058 1584 1161 1617 dulce
1199 1592 1349 1617 carmen
1387 1593 1460 1618 esse
1497 1583 1691 1626 voluerint,

958 1631 1109 1664 illorum
1156 1632 1194 1664 id
1248 1631 1454 1665 nominibus
1503 1635 1691 1666 eoeornem.

957 1697 1006 1701 -—
1023 1678 1164 1722 cadent]
1190 1677 1413 1723 „Gamparat
1436 1677 1552 1712 verba
1575 1678 1692 1712 latina

959 1736 979 1759 e
1020 1736 1156 1770 graeca
1195 1725 1327 1770 lingua
1368 1725 1552 1759 translata
1587 1725 1692 1766 rivis,

959 1773 1025 1816 qui
1059 1772 1240 1816 paulatim
1273 1783 1295 1805 a
1326 1772 1432 1806 fonte
1463 1771 1597 1806 deflexi
1623 1782 1691 1816 per

957 1821 1103 1852 montes
1154 1819 1326 1852 cadunt.“
1383 1818 1567 1852 FISOHER.
1616 1817 1690 1852 Fu-

957 1868 1084 1899 turum
1109 1867 1211 1900 recte
1229 1865 1434 1909 respondet
1448 1865 1690 1910 praecedenti

957 1914 1150 1946 habebunt.
1175 1932 1221 1936 —
1250 1921 1364 1954 parce
1396 1913 1562 1956 detorta]
1598 1912 1692 1956 „Ve-

958 1960 1082 2002 rum,“
1126 1959 1271 2005 inquit,
1313 1960 1384 2003 „in
1425 1959 1497 1994 hoc
1538 1970 1690 2005 quoque

954 2008 1189 2049 parcimonia
1230 2017 1325 2051 opus
1366 2009 1442 2050 est,
1489 2018 1537 2041 ne
1579 2006 1696 2041 nimis

958 2054 1167 2100 graecisset
1208 2055 1328 2089 oratio
1369 2054 1692 2100 peregrinumque

959 2102 1124 2136 colorem
1181 2101 1328 2136 ducat.“
1395 2101 1493 2136 Sane
1549 2102 1694 2135 detorta

958 2149 995 2183 h.
1020 2150 1046 2183 l.
1073 2152 1161 2183 sunt
1187 2149 1383 2192 „deducta‚
1408 2149 1463 2183 ita
1486 2150 1530 2182 ut
1548 2148 1693 2183 Graeca

959 2208 1041 2231 esse
1067 2196 1262 2238 desinant,
1294 2206 1381 2230 vere
1405 2196 1543 2231 Latina
1566 2195 1691 2230 fiant.“

960 2244 1021 2278 Sic
1047 2245 1121 2278 iam
1140 2243 1229 2277 Cato
1246 2244 1287 2277 in
1307 2243 1474 2277 secundo
1493 2242 1692 2288 Originum

959 2291 1060 2336 apud
1084 2290 1268 2325 Priscian.
1300 2293 1342 2333 9,
1367 2293 1409 2334 9,
1435 2292 1491 2325 51.
1526 2291 1585 2334 (p.
1611 2291 1692 2324 871.

959 2339 1036 2381 P.):
1061 2339 1250 2374 Marucini
1273 2340 1471 2380 vocantur,
1497 2339 1540 2371 de
1565 2339 1692 2372 Marso

958 2387 1144 2419 detorsum
1168 2383 1254 2428 (sic)
1281 2394 1422 2419 nomen.
1440 2404 1484 2408 -—
1504 2385 1600 2426 Quid
1623 2393 1690 2418 au-

959 2436 1031 2467 tem
1072 2432 1164 2476 cet.]
1213 2457 1230 2475 „
1248 2432 1349 2472 Quid
1396 2434 1574 2478 negatum
1622 2432 1695 2466 erit

959 2480 1293 2525 praestantissimis
1349 2482 1501 2514 nostrae
1557 2478 1693 2513 aetatis

958 2528 1093 2572 poetis,
1119 2526 1220 2572 quod
1243 2526 1406 2560 libenter
1432 2536 1536 2560 nuno
1561 2535 1693 2560 conce-

958 2575 1054 2608 dunt
1079 2574 1234 2608 comicis
1252 2573 1373 2608 seculi
1395 2574 1488 2607 sexti
1513 2574 1625 2616 atque
1651 2572 1691 2606 in

958 2622 1018 2656 his
1043 2620 1251 2666 probant?“
1296 2620 1371 2654 Cfr.
1398 2619 1475 2654 Cic.
1508 2619 1555 2654 de
1580 2619 1690 2653 Finn.

959 2671 1001 2712 3,
1026 2672 1067 2711 4,
1104 2671 1170 2703 15:
1210 2669 1249 2702 Si
1281 2669 1419 2701 Zenoni
1454 2668 1572 2709 licuit,
1611 2675 1692 2700 cum

958 2725 1036 2750 rem
1061 2717 1226 2757 aliquam
1251 2716 1442 2750 invenisset
1464 2715 1690 2754 inusitatam,
