1774 2930
183 166 270 208 290

301 266 389 308 Dat
418 267 588 309 veniam
619 281 899 323 somnumque
929 267 1045 322 dies,
1077 269 1252 325 impune
1281 270 1426 313 licebit

659 166 866 201 HORATII
889 166 1235 202 EPISTOLARUM

1645 272 1732 313 10·

300 336 524 380 Aestivam
554 351 749 380 sermone
780 338 966 394 benigno
995 339 1172 383 tendere
1202 345 1382 384 noctem.

302 409 396 457 Quo
427 409 533 450 mihi
564 408 797 463 fortunam,
831 410 868 451 si
897 424 982 452 non
1013 412 1258 454 conceditur
1288 413 1383 454 uti?

300 479 462 522 Parcus
494 480 548 522 ob
579 480 750 522 heredis
782 495 926 523 curam
955 482 1219 538 nimiumque
1251 497 1426 526 severus

300 550 477 594 Assidet
507 551 680 593 insano:
713 556 861 608 potare
894 556 936 595 et
969 567 1170 609 spargere
1201 555 1327 597 flores

299 622 508 678 Incipiam
538 623 761 679 patiarque
791 624 861 666 vel
891 624 1154 667 inconsultus
1186 625 1349 668 haberi.

1642 626 1695 667 15

301 693 415 742 Quid
445 708 531 736 non
562 694 747 736 ebrietas
780 694 1007 751 designat?
1039 695 1202 752 Operta
1230 697 1430 750 recludit,

279 826 332 858 12.
377 825 456 866 Quo
487 825 577 858 mihi
609 827 762 867 fortuna
788 826 930 870 chp,t,
969 828 1065 869 Quid
1089 828 1178 860 mihi
1200 829 1353 869 fortuna
1377 827 1426 862 bs
1454 827 1510 870 (in
1536 826 1560 861 S
1587 837 1649 861 su-

227 882 371 916 perscr.
407 872 520 915 Quo),
565 873 642 914 Quo
674 874 764 905 mihi
794 875 963 915 fortunas
987 874 1069 916 LO,
1109 876 1188 916 Quo
1221 876 1310 908 mihi
1341 877 1512 917 fortunae
1536 875 1577 908 F.
1603 894 1649 899 --

179 981 298 1006 surro.
340 971 463 1017 Atque
490 974 607 1006 medio
623 974 824 1014 Septembri
844 986 913 1019 pro

182 1030 348 1062 „summo
387 1021 516 1054 aestu“
556 1020 651 1054 dixit
687 1021 817 1055 Iuven.
859 1024 913 1063 14,

182 1068 247 1101 129
275 1078 330 1112 sq.
349 1086 392 1091 -—
409 1067 571 1111 veniam]
598 1070 636 1102 et
659 1070 813 1113 propter
835 1068 912 1102 Au-

179 1115 279 1159 gusti
305 1114 449 1149 natales
476 1117 513 1149 et
538 1116 629 1160 quia
653 1119 751 1159 erat,
785 1118 827 1149 ut
857 1119 914 1150 est

179 1162 219 1195 in
236 1161 320 1195 Kal.
337 1162 434 1196 Maff.
457 1162 480 1196 l.
500 1163 524 1196 1.
550 1174 586 1207 p.
606 1165 686 1197 398.
705 1166 794 1208 etp.
820 1166 913 1206 407„

179 1211 224 1243 Ν.
235 1211 273 1243 Ρ.
289 1210 350 1252 (z
360 1209 528 1243 nefastus
541 1209 682 1254 prim->3
699 1211 829 1254 priore
842 1211 912 1256 igi-

178 1258 242 1290 tur
267 1256 342 1290 diei
373 1259 478 1301 parte
504 1257 564 1291 ius
590 1257 665 1291 dici
691 1269 713 1291 a
737 1261 912 1302 praetore

178 1314 257 1338 non
282 1306 442 1349 poterat.
470 1323 513 1328 —
539 1306 719 1348 somnum]
762 1305 915 1348 „licebit

179 1362 268 1397 ergo
296 1351 408 1386 ctiam
441 1351 508 1385 tibi
535 1352 575 1385 in
600 1353 755 1386 multam
788 1354 914 1387 lucem

179 1398 381 1433 dormire.“
397 1419 442 1423 -—
455 1400 618 1443 impune]
634 1400 738 1443 „sine
753 1401 808 1435 rei
827 1403 913 1435 tuae

178 1446 405 1491 cuiusquam
431 1447 693 1482 detrimento.“

227 1519 364 1551 11-15.
389 1526 555 1552 sermone
580 1519 733 1560 beniqno
767 1521 912 1554 tendere

177 1565 339 1608 noctem]
379 1566 518 1608 „multo
546 1568 583 1600 et
617 1566 765 1600 liberali
799 1569 837 1600 et
861 1567 913 1602 fa—

177 1615 260 1646 ceto
288 1623 460 1647 sermone
478 1615 626 1647 noctem
645 1616 839 1648 eoetendere
857 1615 914 1657 (ut

178 1670 223 1693 ex
254 1660 368 1705 gloss.
394 1660 534 1694 habent
561 1661 675 1695 Oodd.
701 1660 842 1705 multi),
874 1663 914 1696 id

178 1709 246 1749 est,
274 1708 519 1753 „transigere,
546 1719 668 1752 usque
693 1709 741 1743 ad
766 1709 846 1744 eius
872 1710 914 1743 fi-

178 1765 264 1788 nem
302 1756 488 1800 exigere.“
521 1775 563 1779 —
596 1757 675 1797 Quo
711 1758 800 1790 mihi
836 1759 912 1799 for-

178 1804 317 1845 tunam,
343 1804 375 1835 si
393 1803 479 1845 cet.]
506 1802 625 1836 Solita
650 1806 706 1837 est
730 1804 823 1837 haec
841 1804 912 1838 La-

176 1849 267 1883 tinis
293 1850 526 1891 exclamatio,
551 1850 656 1883 velut
680 1853 834 1895 propter
858 1851 912 1885 lo-

177 1897 329 1940 quentis
371 1897 642 1941 impatientiam
678 1908 721 1931 ac
758 1898 911 1932 festina-

177 1943 319 1978 tionem
345 1944 483 1978 omisso
506 1945 620 1979 verbo
647 1948 775 1988 optem,
802 1955 912 1986 quae-

175 1999 279 2033 ram,
315 1991 442 2025 simili.
494 1993 572 2034 Quo
606 1995 664 2026 est
694 1993 767 2026 dat.
793 1993 911 2038 antiq.

177 2040 274 2081 quoi,
304 2039 543 2083 „quorsum.“
584 2039 661 2073 Cio.
687 2040 734 2074 ad
751 2040 852 2074 Fam.
879 2042 911 2083 7,

178 2088 242 2128 23,
282 2088 322 2120 2:
363 2088 498 2121 Martis
534 2095 621 2120 vero
658 2088 803 2128 sianum
841 2097 911 2129 quo

176 2134 266 2166 mihi
285 2135 392 2175 pacis
418 2136 587 2168 auctori?
629 2133 736 2169 Ovid.
769 2134 851 2169 Am.
879 2138 910 2178 2,

179 2182 243 2223 19,
279 2182 319 2214 7:
356 2183 434 2223 Quo
458 2182 548 2215 ‘mihi
570 2183 777 2224 fortunam,
816 2192 911 2224 quae

177 2236 367 2268 nunquam
416 2230 547 2270 fallere
597 2232 722 2263 curet?
772 2230 910 2265 Eadem

179 2277 460 2310 constructione
479 2287 589 2310 usum
606 2287 689 2311 esse
708 2277 819 2312 etiam
834 2278 911 2312 vol-

177 2333 265 2367 gum
291 2323 523 2358 demonstrat
548 2323 695 2368 volgata
725 2325 911 2369 interpre-

177 2370 267 2403 tatio
292 2370 412 2405 Isaiae
442 2374 472 2413 1,
502 2373 562 2405 11:
602 2373 680 2413 Quo
705 2373 794 2405 mihi
818 2374 912 2405 mul-

177 2418 366 2450 titudinem
407 2420 639 2452 victimarum
677 2422 911 2453 vestrarum?

175 2462 302 2508 Atque
339 2466 393 2499 ita
431 2466 542 2500 etiam
582 2465 736 2509 Graeci,
780 2467 911 2501 saltem

176 2511 418 2556 posteriores.
444 2513 644 2557 Philippus
669 2493 822 2548 Anlzhol.
840 2515 910 2549 Pa-

177 2558 375 2604 1at.11.p.
402 2562 490 2593 416.
532 2561 610 2593 Ποῖ
621 2558 709 2618 γὰρ
734 2561 822 2605 ἐμοὶ
845 2565 911 2605 ζη-

178 2610 274 2645 τεῖν,
299 2608 405 2648 τίνας
428 2603 590 2653 ἔδραμεν
615 2605 725 2652 ἥλιος
750 2607 911 2652 ὤμους,-

179 2653 351 2688 Ceterum
368 2655 521 2696 fortuna
542 2657 697 2700 ponitur
713 2667 782 2701 pro
799 2657 898 2701 plur.
890 2682 910 2700 .,

178 2701 512 2744 Glitcksqilter,
551 2713 675 2746 neque
708 2703 909 2749 legendum

178 2758 261 2781 oum
286 2748 432 2783 Mureto
459 2752 495 2783 et
519 2749 703 2785 Lambino
729 2753 909 2792 fortunas.

964 974 1026 1009 Sic
1043 975 1144 1019 apud
1163 975 1269 1010 Ovid.
1282 976 1363 1010 Am.
1383 977 1416 1017 3,
1441 978 1475 1019 7,
1500 978 1557 1010 49.
1584 975 1696 1010 Corn.

962 1022 1054 1067 Nep.
1068 1023 1210 1066 Att.21,
1232 1026 1269 1056 1:
1296 1025 1483 1058 cum--ad
1496 1026 1697 1058 eoetremam

961 1072 1179 1103 senectutem
1228 1080 1302 1104 non
1350 1073 1470 1104 minus
1519 1072 1696 1113 divnitate

964 1126 1075 1158 quam
1111 1119 1236 1159 qratia
1268 1119 1493 1159 fortunaque
1530 1119 1695 1152 crevisset

963 1164 1114 1206 (multas
1140 1166 1236 1199 enim
1254 1166 1470 1199 hereditates
1479 1185 1494 1191 -
1503 1185 1518 1191 -
1528 1174 1697 1199 consecu-

962 1214 1019 1245 tus
1045 1213 1111 1255 est)
1138 1214 1312 1254 tantaque
1340 1214 1583 1255 prosperitate
1608 1221 1694 1246 usus

964 1262 1050 1293 esset
1077 1261 1145 1293 cet.
1179 1279 1222 1283 -
1257 1259 1420 1302 heredis]
1455 1259 1530 1293 Gfr.
1566 1259 1635 1293 Od.
1661 1262 1695 1303 4,

964 1308 1002 1349 7,
1043 1309 1098 1340 19.
1126 1326 1168 1330 —-
1195 1307 1335 1340 Assidet
1371 1307 1516 1350 insano]
1557 1307 1696 1350 „Quasi

963 1354 1137 1388 consulto
1187 1354 1310 1388 locum
1353 1357 1513 1398 occupat
1561 1355 1695 1389 insano

961 1401 1193 1446 proximum,
1231 1402 1392 1447 ideoque
1426 1402 1461 1436 ei
1495 1399 1697 1449 παραπλή-

963 1460 1059 1491 σιος,
1085 1449 1299 1483 simillimus
1317 1449 1407 1483 est-,⁴⁴
1446 1449 1527 1484 Hac
1550 1449 1697 1494 tropica

962 1496 1237 1541 significatione
1270 1496 1420 1531 videtur
1452 1492 1557 1540 ἅπαξ
1586 1494 1697 1542 λεγό-

961 1555 1097 1587 μενον,
1127 1545 1329 1579 formatum
1355 1544 1402 1578 ad
1427 1545 1637 1590 analogiam
1661 1556 1695 1579 v.

962 1592 1136 1625 dissidere
1174 1594 1219 1625 ab
1257 1593 1393 1633 aliquo.
1459 1592 1695 1646 Antiphanes

962 1639 1062 1697 apud
1083 1639 1184 1674 Stob.
1213 1639 1284 1673 Tit.
1311 1641 1368 1681 99,
1395 1641 1458 1673 27:
1483 1636 1595 1683 Λύπη
1619 1651 1696 1683 μα-

963 1688 1048 1729 νίας
1085 1684 1297 1730 ὁμότοιχος
1332 1685 1432 1720 εἶναι’
1470 1698 1540 1730 μοι
1579 1686 1695 1720 δοκεῖ.

964 1733 1042 1768 Cic.
1069 1734 1114 1768 de
1132 1734 1224 1778 Rep.
1255 1737 1285 1776 1,
1312 1735 1368 1776 28,
1394 1735 1457 1768 44:
1483 1735 1542 1767 illi
1565 1736 1671 1776 reai-

963 1782 1117 1814 amabiti
1126 1807 1134 1822 ,
1170 1783 1260 1822 Cyro
1269 1806 1278 1823 ,
1315 1782 1435 1815 subest
1443 1801 1458 1808 -
1467 1801 1482 1807 -
1492 1783 1600 1815 crude
1606 1782 1695 1815 lissi-

960 1836 1041 1861 mus
1075 1829 1137 1862 ille
1163 1829 1348 1862 Phalaris.
1397 1828 1473 1863 Nos
1506 1830 1696 1863 zundchst-

959 1877 1071 1909 stelin.
1091 1894 1133 1898 —
1151 1884 1324 1917 sparqere
1348 1876 1468 1919 flores]
1497 1877 1587 1919 „His
1613 1887 1695 1911 ver-

961 1921 1020 1957 bis
1046 1933 1123 1957 non
1148 1926 1224 1957 tam
1242 1923 1452 1957 communis
1478 1923 1519 1957 in
1546 1933 1694 1968 compo-

960 1970 1101 2004 tatione
1119 1970 1232 2005 flores
1257 1970 1505 2016 inspergendi
1530 1981 1610 2004 mos
1635 1972 1694 2004 in-

961 2016 1107 2052 dicatus
1132 2028 1215 2052 esse
1233 2018 1394 2060 videtur,
1420 2029 1532 2063 quam
1549 2018 1593 2060 si,
1619 2029 1693 2062 quo

960 2067 1150 2108 potatores
1176 2065 1312 2111 irrigui
1329 2065 1408 2100 fere
1433 2076 1537 2100 mero
1556 2067 1594 2100 et
1618 2075 1693 2099 ma÷

961 2112 1040 2146 didi
1058 2113 1118 2147 vel
1135 2123 1305 2155 coronas,
1332 2113 1472 2158 quibus
1490 2115 1598 2147 erant
1615 2113 1694 2147 cin-

961 2161 1030 2204 cti,
1063 2160 1255 2194 interdum
1281 2160 1518 2205 deripiebant
1542 2160 1602 2194 vel
1626 2160 1694 2194 flo-

960 2218 1021 2241 res
1047 2208 1188 2242 mensis
1214 2208 1375 2242 iniectos
1400 2207 1556 2242 ludibrii
1581 2218 1695 2242 causa

960 2255 1221 2300 spargebant.“
1269 2254 1416 2290 ΟΒΒΔΒ.
1435 2274 1479 2279 -
1499 2255 1693 2298 Incipiam]

962 2302 1165 2345 „Laetitiae
1200 2302 1339 2337 effusae
1369 2313 1413 2337 ac
1443 2313 1531 2337 vero
1565 2302 1692 2336 convi-

959 2350 1053 2384 valis
1089 2360 1157 2395 ego
1195 2350 1300 2384 vobis
1338 2349 1548 2395 exemplum
1585 2359 1693 2394 prae-

960 2397 1092 2432 bebo.“
1121 2416 1163 2421 —
1189 2397 1435 2441 inconsultus]
1475 2396 1571 2439 „Qui
1598 2397 1692 2431 libe-

959 2444 1039 2478 rius
1066 2446 1103 2479 et
1127 2444 1350 2478 dissolutius
1368 2455 1408 2479 se
1426 2444 1592 2479 laetitiae
1617 2446 1691 2478 tra-

960 2491 1066 2534 dunt,
1092 2492 1164 2536 ipsi
1191 2502 1230 2525 se
1255 2493 1380 2533 furere
1400 2491 1485 2535 (Od.
1501 2493 1534 2534 2,
1554 2493 1587 2535 7,
1606 2492 1692 2535 28.),

959 2540 1122 2580 desipere
1148 2537 1232 2582 (Od.
1252 2541 1284 2581 4,
1305 2540 1360 2581 12,
1379 2539 1452 2582 28.)
1478 2539 1574 2573 velle
1601 2538 1693 2581 (μα-

958 2585 1073 2630 νῆναιι
1089 2585 1227 2620 Anacr.
1248 2588 1303 2630 13,
1322 2587 1393 2629 12.)
1419 2586 1561 2620 aiunt.“
1586 2585 1691 2620 DOR-

959 2641 1065 2667 RING.

1010 2706 1141 2738 16-20.
1181 2706 1276 2746 Quid
1300 2713 1374 2738 non
1398 2704 1483 2748 cet]
1520 2704 1692 2738 Exsultat

959 2751 1141 2794 laetitiae,
1173 2751 1213 2785 in
1239 2762 1352 2797 quam
1377 2762 1464 2786 mox
1489 2762 1573 2786 cum
1600 2751 1692 2786 Tor-
