1774 2930
659 154 753 189 Lm.
776 154 807 189 Ι.
854 153 1008 188 ΕΡΙΒΤ.
1033 153 1099 189 Π.

1551 156 1636 197 287

244 256 328 305 Qui
358 269 509 312 sapere
539 259 584 298 et
613 255 694 298 fari
726 255 862 311 possit
893 269 1003 311 quae
1036 255 1206 307 sentiat,
1239 259 1283 298 et
1313 256 1381 297 cui

246 326 408 380 Gratia,
439 326 567 379 fama,
599 325 798 368 valetudo
830 325 1049 381 contingat
1079 325 1248 367 abunde

1586 326 1638 367 10

243 396 302 439 Et
331 397 512 439 mundus
545 398 682 438 victus
715 411 800 438 non
832 396 1055 439 deficiente
1087 396 1319 438 crumena?

243 467 360 510 Inter
390 482 511 523 spem
542 481 784 522 curamque,
815 467 990 509 timores
1021 468 1133 509 inter
1163 471 1206 509 et
1236 468 1335 519 iras,

246 537 427 580 Omnem
458 538 582 580 crede
613 537 727 580 diem
759 538 836 579 tibi
868 537 1074 580 diluxisse
1106 551 1375 594 supremum:

246 608 380 651 Grata
409 609 702 664 superveniet,
735 622 844 664 quae
875 622 961 650 non
992 608 1247 664 sperabitur,
1279 608 1396 650 hora.

245 678 315 722 Mc
344 679 549 735 pinguem
565 683 623 721 ‘et
653 678 834 720 nitidum
868 679 976 721 bene
1007 683 1154 721 curata
1184 683 1281 721 cute
1312 679 1440 733 vises,

1589 680 1641 721 15

225 788 257 818 9.
297 784 388 827 Qui]
425 786 491 818 Cui
516 795 613 819 corr.
639 784 669 818 E
708 787 815 829 (cum
840 785 984 830 glossa:
1010 785 1121 827 filio),
1158 786 1276 827 Quam
1302 785 1363 829 dp,
1389 786 1510 827 Quam
1535 796 1596 819 su-

176 842 317 876 perscr.
345 832 435 875 „vel
460 832 580 872 quin“
616 830 660 874 S,
695 833 815 874 Quam
839 834 877 865 et
901 831 941 864 in
968 842 1039 876 mg.
1091 833 1210 873 Quam
1234 835 1274 865 ut
1300 831 1390 866 Cod.
1414 832 1596 877 Franeq.,

179 880 276 921 Quin
301 889 333 912 c.
361 898 403 902 —
431 881 463 911 et
490 879 562 921 cui]
596 881 636 911 ut
670 880 731 912 cui
762 889 862 912 unus
889 878 978 912 Cod.
1004 878 1180 913 Lambini
1207 882 1244 913 et
1268 879 1428 924 Franeq.
1463 879 1598 921 (Quam

176 934 304 967 sapere
338 928 372 959 et
405 927 482 967 sari
506 928 548 959 ut
576 927 710 967 possit,
744 934 839 966 quae
863 927 1015 967 sentiat,
1040 928 1152 967 atque
1177 925 1228 968 L,
1266 927 1386 968 Quam
1410 935 1539 968 sapere
1565 930 1598 961 et

177 974 255 1014 sari
277 975 317 1006 ut
339 974 472 1015 possit,
497 982 592 1014 quae
615 973 767 1014 sentiat,
793 975 826 1005 et
852 974 912 1006 cui
937 972 983 1014 O,
1021 974 1140 1015 Quam
1163 981 1294 1015 sapere
1320 976 1353 1007 et
1377 975 1453 1015 sari
1475 976 1598 1016 possit,

179 1029 274 1061 quae
297 1021 450 1061 sentiat,
477 1023 510 1053 et
535 1021 594 1053 cui
618 1022 643 1053 t.
693 1019 743 1053 Ut
767 1029 857 1061 nos,
883 1019 906 1052 b
932 1022 969 1053 et
993 1031 1050 1064 pr.
1076 1020 1135 1062 E.)
1163 1039 1206 1044 —
1235 1023 1289 1054 11.
1323 1022 1370 1053 Et
1403 1022 1530 1055 domus
1564 1025 1597 1055 et

176 1069 292 1100 vietus
315 1066 512 1101 Bentleius
545 1066 767 1101 coniectura
799 1065 912 1100 ducta
944 1078 990 1101 ex
1015 1067 1195 1101 Codicum
1226 1069 1448 1110 multorum,
1486 1069 1598 1102 etiam

177 1113 369 1157 Pottierii,
403 1114 618 1158 corruptela
642 1115 688 1147 Et
711 1114 840 1148 modus
865 1116 897 1147 et
920 1115 1054 1157 victu-53
1087 1115 1208 1149 nostri
1233 1118 1413 1160 quattuor
1447 1115 1597 1158 (bScE)

178 1164 216 1196 et
239 1161 391 1195 totidem
417 1161 589 1195 Pottierii
615 1171 741 1195 veram
766 1163 921 1195 tuentur
948 1161 1160 1196 lectionem.

180 1258 293 1289 9·11.
317 1264 444 1297 sapere
470 1258 502 1288 et
527 1257 604 1297 sari
628 1255 712 1298 cet.]
741 1257 863 1297 „recte

133 1302 296 1347 cogitare
338 1303 541 1347 (quocirca
577 1303 690 1336 etiam
726 1302 864 1335 rationi

133 1350 400 1383 convenienter
446 1349 571 1391 vivet)
626 1349 864 1393 facundeque

133 1406 268 1430 sensus
301 1406 389 1429 suos
415 1396 603 1440 explicare
634 1399 747 1440 atque
780 1406 864 1429 cum

134 1443 219 1476 aliis
255 1443 543 1476 communicare.
549 1443 566 1460 “
618 1442 725 1476 Conf.
762 1443 866 1476 Peri-

133 1490 204 1524 clis
234 1489 349 1524 verba
385 1490 485 1534 apud
507 1489 690 1547 ”Thuoyd
725 1492 765 1532 2,
797 1492 865 1524 60:

133 1534 291 1579 οὐδενὸς
321 1532 455 1579 ἥσσων
480 1535 614 1579 οἴομαι
646 1535 745 1570 εἶναι
769 1537 866 1580 γνῶ-

133 1585 198 1617 ναί
228 1594 267 1616 τε
297 1582 343 1617 τὰ
372 1583 506 1617 δέοντα
537 1585 603 1616 καὶ
634 1583 867 1638 ἑρμιηνεῦσαι

134 1630 263 1664 ταῦτα.
290 1649 332 1655 ——
360 1631 516 1673 Gratia]
547 1631 731 1676 imprimis
765 1631 866 1675 apud

131 1677 344 1712 Messallam
397 1678 612 1712 Corvinum.
655 1697 698 1702 —
740 1678 865 1721 sama]

133 1724 239 1759 Ovid.
265 1724 346 1759 Am.
374 1726 405 1768 1,
433 1727 488 1767 15,
514 1727 593 1759 27ε·
612 1727 736 1759 Donec
761 1728 867 1759 erunt

132 1773 235 1814 iones
282 1781 459 1813 arcusque
508 1774 694 1814 Cupidinis
747 1781 867 1815 arma,

134 1820 330 1853 Discentur
370 1820 531 1862 numeri,
581 1820 676 1853 culte
716 1821 866 1862 Tibulle,

134 1868 199 1899 tui.
218 1885 261 1890 —
278 1868 325 1900 Et
347 1868 505 1900 mundus
527 1866 657 1909 victus]
690 1866 766 1900 Cfr.
792 1866 866 1901 Sat.

136 1915 176 1953 2,
203 1915 243 1954 2,
270 1914 327 1947 53.
353 1916 391 1947 et
419 1915 476 1947 65.
527 1913 603 1948 Cic.
629 1914 675 1947 de
700 1913 807 1947 offic.
836 1918 867 1955 1,

136 1961 201 2001 36,
237 1963 314 1994 130.
364 1960 477 1994 Corn.
501 1960 594 2005 Nep.
619 1961 694 1994 Att.
722 1963 785 2003 13,
819 1964 866 1995 5:

139 2007 246 2039 Omni
285 2007 476 2047 diligentia
516 2009 753 2049 munditiam,
794 2017 869 2041 mm

137 2053 367 2093 affluentiam
380 2056 586 2094 affectabat.
604 2054 750 2088 Adiect.
763 2063 868 2087 mun-

138 2099 205 2131 dus
245 2101 302 2132 est
341 2096 547 2146 καθάριος,
585 2110 703 2141 purus
743 2101 869 2144 potius

138 2141 322 2191 καθαρός.
361 2165 404 2169 —
442 2147 636 2189 crumena]
689 2148 868 2187 „sacculo

139 2192 360 2226 nummario.
367 2192 383 2210 “
413 2191 554 2226 Senot..
580 2193 870 2236 Gfr.1uven.11‚

140 2240 205 2272 38:
231 2240 318 2281 Quis
336 2240 430 2272 em'm
448 2242 481 2272 te
498 2241 681 2282 deficiente
698 2248 871 2274 emmena

139 2287 186 2318 Et
212 2288 390 2319 crescente
414 2287 503 2328 aula
526 2289 648 2319 manet
674 2289 819 2320 exitus?

191 2334 339 2366 12—14.
378 2335 478 2366 Inter
508 2342 609 2375 spem
641 2333 724 2376 cet.]
758 2334 872 2367 Addit

140 2376 297 2423 γνώμην
323 2390 351 2414 s.
375 2380 500 2414 locum
526 2391 770 2422 communem,
796 2392 870 2425 quo

141 2429 264 2460 tamen
278 2437 516 2471 nequaquam
531 2428 774 2472 reprehendit
782 2429 871 2462 ami-

141 2482 244 2515 cum,
278 2476 321 2507 ut
351 2474 492 2518 opinati
525 2477 615 2508 sunt
647 2475 872 2519 interpretes

140 2521 380 2554 morosiores.
429 2521 495 2554 Est
535 2521 738 2566 descriptio
775 2523 871 2556 vitae

140 2566 347 2608 hnmanae,
385 2578 481 2611 quae
507 2578 552 2601 ex
576 2571 711 2602 natura
744 2572 873 2602 nostra

142 2613 254 2647 variis
291 2592 488 2648 aff’ectibus
520 2626 667 2660 semper
699 2616 872 2660 agitatur,

144 2659 211 2692 ut
200 2670 240 2693 ιιι
257 2661 476 2695 mortalibus
491 2663 675 2704 omnibus,
694 2663 748 2696 sic
762 2663 872 2696 etiam

144 2705 183 2738 in
210 2706 372 2749 Tibullo,
402 2708 552 2743 homine
578 2711 745 2753 quamvis
771 2713 872 2744 tran-

913 1255 1032 1299 quillo
1066 1265 1190 1300 neque
1222 1266 1522 1300 supervacaneae
1554 1268 1647 1302 opu-

914 1302 1052 1336 lentiae
1080 1303 1228 1347 cupido.
1280 1305 1394 1345 „Spes
1419 1307 1476 1338 est
1499 1304 1647 1339 futuro-

913 1359 996 1382 rum
1021 1349 1225 1392 bonorum,
1256 1359 1346 1384 cura
1371 1352 1647 1395 praesentium3

914 1397 1022 1429 timor
1038 1396 1253 1430 futurorum
1275 1397 1471 1441 malorum,
1495 1400 1555 1432 ira
1581 1410 1648 1433 seu

914 1442 1024 1477 dolor
1048 1445 1337 1487 praesentium.“
1373 1444 1501 1479 Comi.
1528 1446 1647 1485 ORUQ.

916 1509 959 1513 —
974 1491 1164 1534 diluxisse]
1188 1492 1256 1526 Est
1274 1491 1505 1526 Graecorum
1530 1490 1649 1536 ὑπεμ-

915 1537 1138 1578 φαίνεσθαι.
1175 1538 1220 1572 Ιιι
1237 1549 1351 1583 prosa
1369 1540 1539 1573 oratione
1558 1551 1648 1575 sane

916 1584 1092 1619 usitatius
1118 1589 1218 1619 esset
1241 1587 1418 1629 illuxisse,
1450 1587 1551 1621 unde
1569 1588 1650 1621 Mu-

914 1634 1018 1665 retus
1036 1632 1247 1666 archaismo
1265 1633 1305 1666 in
1319 1633 1476 1668 Horatio
1493 1635 1647 1669 minime

915 1678 1105 1713 tolerabili
1146 1680 1297 1714 volebat
1336 1682 1426 1713 libid
1470 1682 1649 1716 illuxisse.

916 1724 1092 1759 Ceterum
1126 1727 1223 1761 hanc
1257 1728 1482 1761 sententiam
1512 1728 1565 1762 ita
1590 1740 1651 1763 ex-

914 1773 1055 1817 pressit
1097 1773 1242 1808 Seneca
1281 1774 1400 1819 Epist.
1441 1776 1495 1808 15.
1534 1779 1650 1810 extra

914 1821 1006 1853 Ecce
1033 1821 1090 1853 hic
1114 1822 1190 1854 dies
1214 1823 1365 1855 ultimus
1399 1825 1475 1855 est:
1505 1826 1545 1855 ut
1578 1832 1652 1857 non

914 1868 972 1908 sit,
995 1876 1111 1909 prope
1136 1870 1181 1901 ab
1214 1870 1340 1902 ultimo
1373 1872 1434 1903 est.
1460 1888 1504 1893 -—
1532 1871 1652 1904 Grata

914 1916 1141 1955 superveniet
1179 1916 1263 1959 cet.]
1304 1916 1404 1950 Plut.
1441 1914 1564 1959 αὐτὴν
1601 1915 1653 1960 ὥς

915 1958 1083 2005 ἐσχάτην
1108 1962 1260 2002 βιῶσαι.
1309 1963 1409 1997 Plut.
1442 1963 1488 1998 de
1527 1968 1651 2009 tranq.

916 2006 1124 2042 tn.16.0
1150 2010 1218 2053 τῆς
1241 2006 1376 2055 αὔριον
1400 2006 1541 2054 ἥκιστα
1566 2010 1654 2045 δεό-

915 2065 1042 2097 μενος,
1060 2051 1112 2098 ὥς
1129 2068 1250 2099 φησιν
1262 2057 1495 2112 Ἐπίκουρος,
1514 2055 1654 2100 ἥδιστα

918 2098 1096 2146 πρόσεισι
1121 2102 1215 2149 πρὸς
1239 2102 1310 2146 τήν
1330 2100 1475 2150 αὔριον.
1501 2105 1653 2139 Terent

917 2147 1067 2182 Phorm.
1094 2151 1126 2191 2,
1148 2152 1180 2189 3,
1206 2153 1268 2184 21:
1296 2152 1482 2192 Quidquid
1502 2154 1654 2192 praeter

917 2203 1016 2235 spem
1053 2197 1210 2238 eveniet,
1251 2205 1355 2230 omne
1397 2199 1437 2231 id
1471 2199 1652 2240 deputabo

920 2250 994 2274 esse
1018 2243 1058 2275 in
1084 2244 1197 2277 lucro.
1225 2263 1268 2267 —
1293 2246 1536 2289 superveniet]
1564 2246 1653 2288 „in-

920 2298 1034 2331 super
1059 2292 1171 2334 atque
1202 2291 1457 2336 inexspectata
1489 2293 1558 2326 tibi
1588 2293 1653 2327 ad-

920 2336 1054 2370 veniet.
1060 2337 1077 2354 “

969 2385 1384 2427 15.16.Mepinquem
1409 2387 1538 2430 cet.]„
1550 2387 1652 2421 Haec

919 2429 1003 2473 ipsa
1027 2435 1226 2476 praecepta
1251 2435 1404 2467 strenue
1437 2444 1496 2467 me
1532 2435 1654 2478 sequi,

920 2476 1043 2510 sicubi
1061 2489 1107 2511 ex
1123 2479 1278 2524 regione
1295 2479 1471 2514 Pedana
1461 2491 1501 2514 ln
1514 2480 1654 2515 Urbem

919 2524 1080 2566 veneris,
1106 2525 1251 2559 videbis
1271 2527 1327 2560 vel
1345 2538 1390 2561 ex
1414 2527 1510 2561 facie
1536 2527 1652 2560 mea.“

921 2570 1074 2605 Sueton.
1100 2571 1176 2606 Vit.
1207 2573 1337 2607 Horat.
1357 2585 1365 2606 :
1403 2575 1545 2606 Habitu
1577 2582 1654 2607 cor-

916 2619 1019 2659 poris
1045 2620 1162 2652 brevis
1186 2621 1256 2661 suit
1282 2623 1390 2660 atque
1416 2622 1593 2653 obesus.
1612 2640 1652 2643 -

920 2666 1093 2709 nitidum]
1141 2669 1294 2711 propter
1335 2668 1454 2710 ipsam
1495 2668 1654 2712 pingue-

920 2711 1057 2745 dinem.
1113 2712 1186 2747 Sat.
1214 2715 1320 2755 2,2,
1350 2716 1426 2747 128.
1454 2732 1497 2737 -
1523 2717 1655 2747 curata
