1786 2912
189 117 246 158 60

688 114 895 149 HORATII
920 115 1204 150 SATIRARUM

306 215 522 272 Ingerere.
568 216 667 258 Huc
698 216 890 272 appelle!
915 248 925 258 .
950 248 960 258 .
985 248 995 258 .
1029 216 1261 260 Trecentos
1294 218 1472 260 inseris:
1506 217 1588 261 ohe

305 287 398 329 Iam
430 287 533 329 satis
567 287 654 329 est!
686 286 803 329 Dum
835 301 907 329 aes
940 287 1146 343 exigitur,
1180 287 1283 330 dum
1312 289 1428 331 mula
1458 289 1635 345 ligatur,

309 358 421 400 Tota
450 358 539 400 abit
570 358 687 400 hora.
734 357 838 399 Mali
868 358 1025 400 culices
1056 372 1271 415 ranaeque
1302 359 1516 415 palustres

307 427 520 472 Avertunt
552 443 742 483 somnos,
775 428 997 471 absentem
1028 433 1074 470 ut
1106 423 1247 472 cantat
1279 431 1459 473 amicam

1653 432 1706 473 15

308 499 445 542 Multa
475 500 669 556 prolutus
701 514 843 556 vappa
873 503 1004 542 nauta
1035 503 1163 556 atque
1194 501 1332 543 viator

310 570 531 613 Certatim.
580 570 774 613 Tandem
806 571 944 613 fessus
978 570 1163 614 dormire
1194 572 1331 614 viator

309 642 481 698 Incipit,
515 656 564 684 ae
594 642 752 684 missae
783 646 955 698 pastum
985 642 1222 685 retinacula
1254 643 1395 686 mulae

309 712 452 755 Nauta
481 713 605 769 piger
636 727 739 755 saxo
772 713 925 768 religat
958 714 1183 769 stertitque
1217 714 1408 770 supinus.

309 783 485 839 Iamque
517 783 607 826 dies
641 783 805 837 aderat,
838 783 898 825 nil
931 797 1027 825 cum
1056 785 1288 840 procedere
1318 778 1492 828 lintrem

1652 786 1707 826 20

312 854 547 908 Sentimm,
582 855 717 897 donec
750 855 998 897 cerebrosus
1030 855 1198 911 prosilit
1228 870 1338 898 unus

311 926 376 968 Ac
406 926 547 968 mulae
578 930 819 981 nautaeque
853 929 980 982 caput
1009 925 1263 982 lumbosque
1296 927 1461 982 saligno

311 995 445 1039 Fuste
478 997 615 1039 dolat:
652 1002 802 1052 quarta
832 996 904 1038 vix
937 996 1107 1038 demum
1140 998 1393 1054 exponimur
1421 997 1540 1039 hora.

192 1125 414 1160 fluminibus
441 1137 575 1171 aquam
602 1126 812 1170 accipiens,
838 1125 926 1160 inde

194 1171 347 1209 a‘t'Foro
381 1174 493 1218 Appii
533 1173 695 1208 ducebat
733 1173 779 1206 ad
812 1173 926 1207 Fero-

194 1221 294 1255 niae.
311 1220 402 1255 Eius
422 1221 579 1266 vestigia
597 1220 779 1265 quaedam
799 1221 928 1255 etiam-

196 1278 299 1301 nunc
337 1271 533 1313 apparent.
562 1288 604 1291 —-
640 1270 725 1301 Huc
763 1267 927 1311 appelle]

194 1315 347 1349 Domini
381 1315 426 1349 ad
460 1316 583 1349 fossae
618 1316 735 1360 ripam
772 1316 927 1349 descen-

196 1363 348 1406 derant3
383 1363 481 1397 servi
516 1363 683 1397 sarcinas
710 1362 839 1396 eodem
866 1362 929 1396 de—

195 1412 412 1455 portarant;
452 1411 540 1444 hinc
578 1421 671 1455 puer
710 1410 848 1454 aliquis
883 1409 929 1443 ad

197 1458 334 1499 locum,
361 1458 424 1490 ubi
446 1468 508 1492 eas
528 1457 774 1499 custodiebat,
801 1457 928 1501 appel-

195 1505 275 1538 lere
312 1504 418 1538 iubet
450 1510 623 1546 nautam,
665 1507 705 1537 ut
740 1505 779 1537 in
815 1504 928 1537 lintre

197 1551 390 1586 commode
408 1551 542 1596 reponi
566 1552 731 1595 possint3
757 1551 819 1584 hic
846 1561 929 1584 cum

197 1599 366 1644 appellit,
393 1610 468 1632 non
497 1599 578 1632 sine
603 1598 725 1631 taedio
751 1598 930 1631 maiorem

198 1657 310 1690 quam
343 1657 411 1690 pro
446 1645 582 1687 naulo,
618 1645 716 1689 quod
750 1645 930 1689 depactus

199 1697 297 1736 erat,
324 1704 404 1727 esse
431 1703 629 1726 numerum
655 1692 851 1726 hominum
878 1692 931 1724 vi-

198 1741 272 1782 det,
299 1740 366 1785 qui
385 1751 514 1774 navem
535 1740 783 1773 conscensuri
811 1742 930 1773 erant.

199 1787 371 1822 dominos
397 1793 490 1832 puta
506 1787 705 1831 permultis
731 1797 816 1820 cum
842 1798 932 1830 pue-

199 1836 263 1877 ris,
288 1835 388 1868 unde
416 1835 647 1868 stomachose
667 1836 855 1867 Trecentos
876 1835 930 1866 in-

198 1883 300 1924 seriS,
328 1882 381 1925 (id
399 1885 471 1916 est:
499 1882 626 1924 „visne
645 1882 930 1926 ingerantur?“)

200 1930 264 1971 ait,
283 1932 352 1963 cet.
372 1931 537 1962 Trecenti
551 1933 686 1970 autem,
705 1932 747 1961 ut
762 1930 935 1968 sexcenti,

200 1977 246 2011 de
271 1988 405 2022 magno
433 1987 600 2010 numero.
629 1975 765 2010 Catull.
787 1978 841 2017 11,
870 1978 931 2009 18:

203 2026 299 2066 Quos
335 2024 557 2067 (moechos)
596 2024 706 2055 simul
743 2024 933 2064 complexa

201 2074 296 2104 tenet
309 2074 496 2105 trecentos.
509 2090 550 2095 —
562 2070 676 2113 mula]
688 2081 783 2115 quae
794 2070 933 2104 remul-

202 2129 245 2152 co
264 2119 441 2164 alligatur
459 2118 577 2152 lintri.
598 2137 641 2141 -ψ
661 2117 807 2160 culices]
833 2117 933 2160 „Hos

202 2167 435 2199 tintinnialas
469 2169 603 2199 vocant
636 2165 796 2209 plebeii,
830 2175 851 2198 a
878 2175 935 2198 so-

203 2214 285 2246 nitu
303 2213 447 2247 alarum
465 2213 550 2246 ficto
569 2212 785 2246 vocabulo.“
806 2211 934 2245 COMM.

204 2260 324 2298 CRUQ.
374 2260 470 2294 Puto
514 2259 717 2304 significari
756 2259 934 2292 Italorum

202 2316 374 2349 zanzare,
408 2309 682 2348 Stechmiteken,
715 2306 935 2340 molestissi-

204 2365 282 2388 mas
309 2354 395 2388 illas
421 2365 487 2398 per
506 2357 654 2387 noctem
681 2354 870 2387 bestiolas.
892 2373 933 2377 —

203 2402 258 2446 ul]
287 2401 430 2444 „dum.“
459 2401 654 2435 Bentleius
683 2401 843 2434 contulit
867 2400 935 2434 Te-

204 2451 302 2483 rent.
343 2448 503 2492 Adelph.
538 2450 570 2487 3,
597 2450 629 2489 3,
664 2450 727 2481 52:
770 2450 865 2481 Nam
898 2451 935 2480 ut

205 2497 472 2530 numerabatur
489 2497 583 2536 sorte
603 2498 806 2536 arqentum,
824 2497 937 2528 inter—

205 2544 302 2577 venit
327 2543 431 2576 homo
456 2544 499 2576 de
524 2543 730 2583 improviso.
748 2561 795 2566 —-
822 2546 937 2575 nauta

207 2593 316 2631 atque
340 2589 476 2632 viator]
494 2589 710 2622 Diintzerus
737 2592 838 2623 recte
866 2592 937 2622 sta-

208 2638 280 2671 tuit
304 2640 458 2671 nautam
483 2647 564 2670 esse
584 2647 681 2677 eum,
708 2637 773 2680 qui
799 2638 936 2670 mulam

208 2695 342 2729 regens
377 2684 525 2718 lintrem
559 2683 729 2717 trahebat
754 2686 866 2727 atque
891 2683 936 2717 ad

975 1126 1157 1160 Feroniae
1177 1127 1355 1171 templum
1385 1126 1610 1170 deducebat3
1633 1128 1710 1160 via-

977 1177 1090 1207 torem
1123 1174 1309 1208 rusticum
1335 1174 1498 1219 aliquem
1530 1174 1570 1207 in
1595 1174 1709 1208 lintre

977 1221 1179 1255 sedentem.
1230 1222 1245 1263 (
1255 1247 1271 1264 „
1287 1222 1366 1254 Wir
1405 1223 1555 1255 wardon
1594 1230 1709 1262 saqen

977 1270 1049 1301 ein
1096 1269 1346 1302 sretsender
1392 1270 1709 1302 Handwerks-

978 1317 1196 1358 bursch.“)
1246 1315 1426 1360 Plerique
1460 1326 1568 1358 vero,
1602 1315 1708 1349 nullo

978 1366 1101 1397 tamen
1144 1363 1313 1407 exemplo
1356 1363 1487 1403 allato,
1533 1363 1710 1397 via-torem

978 1411 1278 1454 interpretantur
1304 1410 1526 1453 mulionem,
1552 1410 1619 1455 qui
1643 1420 1710 1454 per

978 1458 1075 1491 viam
1117 1457 1276 1502 Appiam
1330 1457 1511 1491 incedens
1558 1457 1711 1491 lintrem

978 1505 1160 1547 trahebat,
1186 1508 1350 1547 nautam,
1377 1505 1442 1549 qui
1459 1505 1499 1538 in
1517 1505 1588 1539 hac
1604 1514 1711 1549 prae-

979 1552 1107 1585 sertim
1142 1554 1253 1585 conto
1292 1551 1570 1597 navigationem
1607 1551 1712 1585 adiu-

979 1598 1099 1632 vabat.
1122 1618 1162 1621 —
1178 1598 1363 1641 prolutus]
1381 1601 1424 1632 ut
1441 1597 1710 1645 βεβρεγμένος,

978 1645 1171 1685 madidus,
1204 1645 1360 1687 uvidus,
1393 1656 1462 1690 pro
1488 1646 1584 1680 bene
1610 1649 1710 1690 poto.

981 1693 1054 1726 Cfr.
1083 1692 1157 1726 Sat.
1177 1694 1210 1735 2,
1237 1694 1269 1730 4,
1297 1695 1360 1726 26:
1389 1693 1462 1726 lem·
1483 1694 1705 1735 praecordia

978 1741 1097 1773 mulso
1117 1740 1304 1772 Prota-eris
1327 1741 1468 1773 metius.
1495 1739 1600 1785 Virg.
1618 1740 1712 1774 Aen.

982 1790 1012 1829 1,
1040 1789 1126 1820 739:
1158 1788 1267 1828 pleno
1301 1797 1338 1820 se
1369 1788 1509 1828 proluit
1534 1796 1640 1821 auro.
1670 1806 1711 1810 «-

979 1834 1115 1877 vappa]
1142 1831 1284 1879 λάμπῃ,
1310 1834 1397 1868 vino
1428 1834 1492 1868 vili
1519 1837 1631 1879 atque
1658 1834 1714 1868 in-

982 1881 1115 1925 sipido.
1139 1901 1178 1905 —-
1206 1883 1331 1915 Nauta
1355 1883 1459 1923 piqer
1486 1881 1570 1925 cet.]
1598 1881 1714 1924 „Cum

980 1930 1082 1962 hunc
1110 1940 1260 1972 quoque
1288 1939 1442 1962 somnus
1468 1929 1626 1973 obrepit,
1652 1929 1710 1962 fu-

982 1987 1067 2010 nem
1085 1977 1207 2009 mulae
1227 1976 1436 2010 detractum
1464 1987 1551 2010 saxo
1570 1987 1616 2009 ex
1632 1976 1715 2020 ripa

983 2024 1142 2057 exstanti
1169 2023 1304 2068 religat
1327 2023 1460 2068 sicque
1485 2026 1633 2067 pastum
1659 2023 1715 2056 in-

982 2074 1096 2112 terea,
1114 2071 1204 2104 dum
1223 2071 1412 2114 crapulam
1438 2070 1632 2112 edormiat,
1658 2070 1715 2103 iu-

983 2121 1149 2151 mentum
1175 2117 1362 2151 dimittit.“

1032 2167 1151 2199 21-29.
1178 2164 1406 2208 cerebrosus]
1431 2165 1541 2198 homo
1566 2164 1716 2198 iracun-

984 2212 1055 2246 dus
1090 2215 1202 2257 atque
1235 2212 1452 2254 irritabilis,
1486 2213 1558 2245 ein
1584 2212 1714 2245 Hiez-

988 2261 1102 2302 kops.
1145 2259 1266 2293 Lucil.
1294 2259 1395 2292 Gerl.
1421 2269 1456 2303 p.
1483 2259 1540 2300 40,
1569 2261 1627 2292 10;
1671 2259 1715 2291 Te

985 2326 999 2331 -
1011 2309 1206 2340 -insanum
1223 2307 1401 2339 hominem
1418 2308 1451 2339 et
1476 2306 1714 2338 cerebrosum.

988 2374 1029 2377 —
1046 2354 1205 2397 prosilit]
1234 2364 1300 2396 „ex
1326 2353 1440 2386 lintre
1458 2352 1498 2385 in
1524 2352 1646 2386 fossae
1665 2353 1716 2386 ri-

986 2412 1068 2445 pam
1096 2401 1255 2435 exsilit.“
1286 2419 1327 2423 —
1354 2400 1498 2441 saliano
1522 2399 1645 2442 Fuste]
1671 2410 1717 2433 ex

987 2449 1069 2492 ripa
1110 2459 1177 2492 pro
1220 2447 1294 2481 loci
1337 2447 1618 2492 opportunitate
1659 2458 1716 2480 ar-

986 2499 1104 2540 repto.
1126 2515 1168 2519 —
1195 2494 1309 2538 dolat]
1338 2494 1534 2538 „percutit‚
1561 2493 1716 2534 eaedit“‚

987 2546 1028 2575 ut
1066 2554 1133 2576 nos
1176 2543 1260 2576 aliis
1300 2541 1418 2586 tropis
1443 2541 1716 2574 *durchdre-

985 2591 1139 2631 schem,
1194 2590 1532 2630 durchqerben.
1602 2587 1715 2631 Apul.

986 2635 1131 2670 Metam.
1151 2638 1182 2679 7,
1211 2639 1272 2670 17:
1298 2637 1451 2678 fustium
1475 2643 1617 2676 quoque
1642 2643 1716 2667 ere-

988 2685 1059 2716 lrris
1084 2685 1211 2716 ictibus
1236 2684 1447 2716 dedolabar.
1467 2701 1508 2705 —-
1529 2684 1717 2723 quarta--
