1774 2930
686 143 781 178 Lm.
803 142 853 178 11.
901 141 1005 177 SAT.
1028 139 1097 178 ΠΙ,

1565 140 1648 182 163

254 245 403 288 Errori
435 245 619 288 similem
650 247 849 286 cunctum
879 241 1069 284 insanire
1099 240 1275 283 docebo.

254 316 420 363 Insanit
429 310 618 359 'veteres
650 318 815 357 statuas
847 313 1138 368 Damasippus
1170 310 1379 355 emendo:

255 387 429 443 Integer
458 390 525 429 est
554 386 710 428 mentis
740 384 995 440 Damasippi
1026 382 1222 426 creditor.
1262 381 1395 424 Esto!

1598 382 1652 422 65

259 457 314 510 „A
323 458 442 514 ccipe
474 457 588 514 quod
616 470 835 512 nunquam
863 454 1015 497 reddas
1046 453 1190 509 mihi“,
1222 453 1261 495 si
1291 453 1371 495 tibi
1402 452 1553 504 dicam,

258 527 383 571 Tune
411 529 588 570 insanus
621 527 720 577 eris,
752 527 788 568 si
819 525 1035 582 acceperis
1049 525 1070 566 Ρ
1101 539 1158 567 an
1187 524 1326 580 magis
1359 536 1513 566 excors

256 598 436 642 Reiecta
463 598 635 655 praeda,
668 612 797 654 quam
825 610 1030 653 praesens
1065 595 1301 638 Mercurius
1333 594 1448 637 fert?

258 669 406 712 Scribe
436 670 585 712 decem
616 683 642 711 a
670 668 824 721 Neri03
857 681 944 709 non
975 670 1041 709 est
1074 667 1199 708 satis:
1234 666 1342 708 adde
1374 665 1551 707 Cicutae

257 740 421 783 Nodosi
449 741 618 783 tabulas
649 743 832 791 centum,
870 738 986 780 mille
1018 737 1127 780 adde
1159 740 1359 779 catenas:

1601 736 1656 777 70

259 811 453 867 Effugiet
483 816 627 853 tamen
657 810 763 852 haec
795 809 1028 852 sceleratus
1059 807 1231 850 vincula
1260 807 1457 849 Proteus.

140 963 341 999 versiculis
367 974 449 999 eam
473 963 761 1008 alloquebatur:
795 964 876 996 Μα-

141 1013 209 1053 ter,
237 1013 270 1045 le
294 1012 454 1054 appello,
481 1020 574 1053 quae
599 1018 727 1044 curam
753 1018 876 1044 somno

138 1067 355 1100 stupentem
373 1059 483 1100 levas,
507 1059 633 1099 Neque
658 1060 691 1091 le
716 1058 788 1090 mei
810 1058 876 1090 mi-

139 1108 235 1141 seret
246 1116 265 1147 .·,
281 1114 390 1148 surae
416 1108 449 1139 et
472 1106 587 1147 sepeli
608 1106 756 1138 nalum!
781 1102 875 1147 (Cic.

143 1151 256 1187 Tusc.
284 1155 323 1195 1,
348 1153 413 1195 44,
440 1153 535 1194 106.)
567 1151 640 1186 Illa
664 1154 790 1186 autem
815 1162 877 1185 ex-

141 1197 315 1244 perrecta
334 1199 428 1234 haec
444 1199 762 1244 proloquebatur:
787 1200 876 1240 Aac,

142 1248 260 1290 adsta,
276 1256 397 1289 mane,
414 1248 515 1289 audi,
535 1247 718 1280 iteradum
735 1247 876 1279 eadem-

142 1295 215 1327 mel
228 1295 340 1328 istaec
351 1295 460 1327 mihi!
481 1293 559 1327 Cic.
571 1292 687 1327 Acad.
701 1295 735 1334 2,
749 1294 806 1334 27,
820 1295 877 1326 88.

193 1341 313 1375 62-65.
336 1343 435 1374 Huic
459 1340 545 1383 eet]
579 1340 707 1383 „Huic
733 1339 878 1384 duplici

146 1387 317 1430 quidem,
350 1387 419 1421 sed
442 1397 561 1431 aeque
593 1397 728 1431 magno
759 1387 878 1419 errori

144 1434 282 1477 partim
327 1433 426 1467 nihil
470 1433 671 1468 metuenda
711 1433 880 1466 reformi-

145 1479 272 1523 dandi,
296 1481 433 1525 partim
457 1491 547 1515 vera
569 1480 742 1525 pericula
765 1479 879 1514 stulte

146 1527 411 1563 contemnendi
445 1527 605 1562 similem
630 1537 797 1561 errorem
822 1537 880 1560 er-

144 1584 242 1616 rare,
267 1574 338 1616 vel,
363 1576 407 1608 ut
429 1575 467 1608 h.
484 1575 510 1608 L
535 1577 594 1608 est
619 1573 731 1608 etiam
756 1573 880 1618 efficat:

144 1621 239 1662 cius,
263 1623 437 1664 insanire,
462 1621 596 1655 insano
622 1621 743 1655 errori
761 1621 879 1655 obno-

142 1667 247 1702 xium
272 1678 374 1711 esse,
405 1662 559 1714 volgus*
575 1667 751 1702 docebc.“
802 1667 877 1701 Cfr.

145 1713 241 1760 Epp.
265 1717 297 1758 1,
317 1718 348 1758 1,
367 1718 453 1750 101:
480 1717 650 1749 Insam‘re
671 1718 782 1757 putas
806 1717 879 1748 sol-

147 1762 281 1796 lemnia
304 1771 372 1797 me.
387 1781 431 1786 —
443 1762 593 1806 veteres]
618 1762 767 1796 Horatii
785 1765 877 1796 tem-

144 1819 236 1854 pore
258 1809 470 1854 sculptores
492 1810 587 1843 nihil
609 1810 688 1843 fere
711 1809 799 1844 novi
822 1809 879 1842 in-

145 1856 367 1899 veniebant,
400 1856 466 1891 sed
496 1867 540 1890 eo
566 1857 735 1891 contenti
760 1859 879 1898 erant,

145 1905 190 1936 ut
220 1903 483 1948 antiquissima
515 1904 742 1948 exemplaria
766 1914 879 1948 quam

146 1950 427 1985 accuratissime
466 1951 717 1985 imitarentur.
779 1950 880 1989 Quo-

147 1997 250 2031 circa
271 1996 401 2040 fiebat,
434 2000 476 2031 ut
499 2000 669 2031 veterum
693 1998 880 2032 artificum

148 2054 269 2087 usque
309 2044 356 2077 ad
396 2043 599 2078 Alexandri
640 2044 687 2077 M.
721 2047 879 2078 aetatem

149 2100 264 2134 opera
279 2090 362 2134 ipsa
386 2091 426 2124 in
444 2090 524 2124 dies
543 2091 749 2124 studiosius
767 2102 881 2136 quae-

149 2139 337 2171 rerentur.
364 2137 559 2171 Sententia
583 2138 674 2171 haec
700 2141 777 2171 est:
805 2137 882 2178 „Ex

148 2184 344 2217 hominum
375 2183 588 2229 volgarium
625 2195 753 2218 errore
791 2195 881 2218 sane

149 2230 293 2265 insanit
315 2230 583 2275 Damasippus,
615 2231 751 2264 mentis
786 2241 883 2265 com-

148 2288 219 2321 pos
244 2280 301 2312 est
326 2278 408 2311 eius
435 2277 608 2312 creditor.
645 2277 735 2311 Esto
760 2278 881 2311 hoc!“

148 2324 191 2358 id
207 2327 283 2358 est:
310 2324 587 2366 „Coneedamus
608 2324 883 2369 aliquantisper

150 2371 375 2406 creditorem
414 2372 521 2405 illum
556 2382 711 2415 sapere3
753 2383 883 2406 verum

150 2428 238 2452 mox
260 2419 502 2462 probabimus
527 2419 628 2452 hunc
660 2419 783 2463 ipsum
808 2430 884 2453 ma-

150 2465 209 2510 gis
232 2465 358 2500 'etiam
394 2466 562 2500 insanire
600 2477 713 2510 quam
750 2466 884 2500 Dama-

151 2513 335 2556 sippum.“

200 2561 322 2593 67-70.
345 2559 478 2602 mauis]
505 2560 693 2604 „potius.“
721 2559 782 2593 Sic
806 2568 884 2593 ma-

9 2596 27 2633 's
83 2644 86 2647 Δ
154 2607 207 2646 m's
232 2615 343 2646 quam
371 2617 442 2651 pro
474 2606 735 2651 frequentiore
764 2608 885 2648 potius

153 2661 263 2692 quam
280 2653 380 2687 haud
397 2664 482 2687 raro
499 2653 601 2698 apud
618 2653 777 2687 Livium.
810 2653 884 2687 cfr.

153 2698 266 2733 Fabri
303 2700 351 2734 ad
386 2700 470 2734 Lib.
503 2702 566 2742 21,
592 2702 626 2734 5.
653 2720 696 2724 -
723 2701 884 2744 Reiecta]

926 960 1179 1006 „repudiata.“
1207 979 1250 984 ——
1275 960 1469 1003 praesens]
1504 960 1659 1005 „propi-

923 1009 1034 1043 tius.“
1078 1008 1186 1043 Conf.
1212 1007 1288 1042 Sat.
1314 1010 1347 1051 2,
1372 1009 1406 1044 2.
1423 1010 1480 1041 41.
1499 1026 1543 1031 —
1561 1009 1659 1047 Mer-

924 1057 1047 1090 curius
1074 1055 1196 1090 omnis
1226 1055 1324 1090 lucri
1350 1055 1469 1095 dator,
1502 1054 1604 1088 unde
1637 1065 1659 1089 a

925 1103 1080 1138 Graecis
1111 1106 1265 1137 vocatur
1286 1100 1428 1149 Ἐρμῆς
1459 1099 1659 1149 ἐριούνιος,

924 1150 1100 1198 κερδῷος.
1125 1169 1173 1174 -—
1198 1152 1321 1185 Scribe
1356 1148 1448 1192 cet.]
1492 1148 1660 1183 Credito-

924 1209 1016 1240 rem,
1041 1198 1080 1231 id
1105 1197 1206 1242 quod
1231 1197 1347 1242 probe
1365 1196 1572 1231 notandum
1591 1201 1660 1238 est,

926 1256 1002 1279 non
1028 1245 1248 1286 debitorem,
1272 1245 1330 1278 his
1348 1244 1474 1278 verbis
1498 1244 1662 1288 alloqui·

926 1295 999 1326 tur.
1050 1291 1182 1334 „Cura
1207 1291 1425 1326 scribendas
1456 1290 1526 1324 tibi
1551 1302 1573 1324 a
1597 1290 1661 1324 de-

926 1339 1049 1373 bitore
1086 1338 1215 1373 decem
1253 1338 1401 1373 tabulas
1441 1337 1485 1379 (S
1494 1338 1659 1371 chald·

926 1387 1314 1428 scheinsormeln)‚
1347 1385 1479 1430 quales
1497 1395 1519 1418 a
1534 1386 1660 1426 Nerio,

926 1433 1068 1467 famoso
1094 1433 1199 1467 illius
1231 1432 1412 1476 temporis
1437 1431 1662 1473 feneratore,

927 1483 1047 1514 morte
1056 1481 1259 1525 coniugum
1271 1479 1502 1524 locupletato
1518 1479 1662 1521 (Schol.

927 1527 975 1561 ad
999 1526 1103 1561 Pers.
1129 1527 1203 1561 Sat.
1231 1529 1271 1569 2,
1299 1527 1399 1568 14.)‚
1434 1526 1568 1560 dictari
1604 1537 1662 1560 so-

926 1574 1008 1608 lent
1047 1573 1303 1616 debitoribus,
1344 1573 1479 1618 plenae
1522 1574 1663 1608 cautio-

927 1622 1051 1654 num.“
1093 1640 1136 1645 ——
1171 1631 1194 1654 a
1231 1620 1366 1664 Nerio]
1404 1620 1583 1662 dictatas,
1620 1623 1663 1654 ut

927 1667 1005 1701 cie.
1029 1667 1077 1702 ad
1102 1669 1178 1702 Att.
1207 1670 1262 1710 16,
1289 1670 1322 1710 7,
1347 1670 1389 1702 ἰι
1413 1669 1564 1701 Antonia·
1589 1670 1662 1701 eai-

927 1718 1023 1748 clum
1041 1717 1111 1757 leat·
1123 1724 1147 1748 a
1164 1717 1283 1749 Bruto
1302 1715 1542 1759 (acceptum).
1571 1715 1661 1749 For-

925 1763 1029 1797 mula
1065 1766 1189 1796 autem
1226 1762 1321 1796 haec
1354 1765 1456 1796 erat:
1482 1764 1521 1796 L.
1548 1763 1663 1795 Titius

925 1811 1055 1851 scripsi
1090 1819 1145 1843 me
1182 1812 1359 1851 accepisse
1392 1819 1415 1843 ιι
1448 1811 1490 1843 P.
1514 1811 1663 1844 Maenio

928 1858 1132 1898 quindecim
1147 1860 1277 1890 mutua
1293 1859 1490 1890 numerata
1511 1858 1602 1890 mihi
1619 1858 1663 1890 de

926 1905 1032 1938 domo
1058 1904 1111 1947 (id
1129 1907 1197 1946 est,
1220 1914 1267 1938 ex
1283 1914 1382 1945 arca,
1400 1914 1477 1938 non
1494 1915 1517 1938 a
1533 1914 1664 1938 mensa

927 1951 1160 1996 argentarii).
1184 1971 1226 1975 -—
1250 1953 1394 1985 Cicutae
1420 1951 1569 1994 Nodosa]
1595 1950 1664 1984 Pe-

928 1998 1054 2032 rillius
1080 1999 1130 2041 (v,
1149 1999 1234 2040 75.)‚
1260 1999 1320 2032 cui
1346 2000 1502 2043 propter
1520 1998 1663 2042 asperi-

927 2047 1041 2079 tatem
1072 2047 1109 2078 et
1140 2045 1428 2079 amaritudinem
1454 2055 1663 2090 cognomen

929 2095 1009 2125 erat
1059 2093 1223 2133 Cicutae,
1277 2092 1470 2126 fenerator
1519 2091 1664 2125 cautior

930 2139 1042 2171 etiam
1073 2137 1208 2179 Nerio,
1246 2142 1476 2183 quapropter
1507 2141 1664 2172 vocatur

930 2186 1096 2226 nodosus,
1125 2185 1214 2230 „qui
1239 2185 1377 2229 optime
1405 2185 1518 2219 callet
1542 2185 1661 2219 nodos

931 2234 969 2265 et
992 2232 1147 2276 laqueos
1179 2232 1306 2277 legum
1340 2242 1385 2266 ac
1416 2232 1665 2267 formularum

930 2278 1027 2312 iuris
1059 2279 1213 2312 civilis.“
1262 2279 1392 2314 Iuven.
1419 2282 1459 2322 8,
1486 2281 1554 2313 50:
1594 2281 1666 2322 Qui

930 2327 1023 2358 iuris
1064 2327 1175 2359 nodos
1218 2329 1251 2360 et
1294 2327 1411 2368 lenum
1453 2329 1665 2368 aeniymata

930 2374 1060 2406 solvat.
1077 2392 1119 2396 —
1139 2373 1302 2416 calenas]
1326 2373 1503 2419 Intellige
1529 2374 1574 2407 de
1601 2374 1665 2407 iis-

932 2419 1016 2453 dem
1042 2420 1280 2454 cautionibus
1305 2421 1413 2455 iuris.

979 2469 1036 2500 71.
1051 2469 1108 2500 72.
1124 2468 1335 2511 sceleratus]
1353 2471 1553 2512 propterea
1564 2467 1665 2512 quod

932 2514 1120 2547 sexcentis
1153 2514 1274 2548 modis
1308 2515 1546 2548 consultores
1588 2514 1666 2547 elu-

933 2560 1054 2594 debat.
1084 2560 1205 2595 Petita
1230 2564 1288 2595 est
1312 2562 1433 2606 imago
1461 2572 1507 2595 ex
1531 2561 1665 2605 Odyss.

932 2607 964 2646 ὁ,
983 2608 1051 2641 455
1070 2618 1169 2652 sqq.,
1193 2608 1259 2641 ubi
1276 2607 1471 2642 Menelaus
1489 2608 1665 2641 Proteum

934 2655 1097 2688 vinculis
1122 2655 1271 2688 tandem
1295 2655 1447 2688 iniectis
1469 2655 1666 2688 vaticinari

935 2701 1006 2735 sibi
1033 2701 1159 2746 adigit.
1210 2702 1302 2735 Tota
1328 2704 1453 2735 autem
1478 2701 1666 2736 sententia
