1774 2930
186 184 270 226 196

303 283 428 333 Quod
457 285 608 341 pingui
640 285 820 328 miscere
850 299 968 328 mero
998 286 1221 343 muriaque
1251 286 1438 342 decebit,

685 183 893 218 HORATII
919 183 1203 219 SATIRARUM

1645 288 1704 331 65

299 355 398 398 Non
429 356 514 399 alia
544 365 671 412 quam'
703 370 787 412 qua
815 355 1029 412 Byzantia
1057 358 1199 413 putuit
1229 372 1339 401 orca.

300 427 397 470 Hoc
426 428 501 470 ubi
533 426 757 469 confusum
788 427 916 470 sectis
947 426 1152 470 inferbuit
1180 427 1326 471 herbis

303 498 569 555 Corycioque
600 512 723 541 croco
755 512 951 554 sparsum
982 499 1119 553 stetit,
1149 499 1326 556 insuper
1357 499 1487 543 addes

299 569 459 612 Pressa
488 569 760 612 Venafranae
793 569 906 626 quod
935 569 1044 612 baca
1073 571 1238 613 remisit
1268 571 1419 614 olivae.

298 640 470 683 Picenis
504 640 660 683 cedunt
690 642 829 697 pomis
863 640 1063 683 Tiburtia
1093 655 1219 696 suco;

875 711 1100 754 Venucula
1129 713 1328 755 convenit
1358 713 1476 767 ollis3

297 711 409 754 Nam
440 711 550 755 facie
580 715 813 768 praestant.

1646 644 1703 685 70

297 782 474 826 Rectius
504 782 720 826 Albanam
748 783 865 825 fumo
896 783 1116 826 duraveris
1147 798 1288 826 uvam.

296 853 423 896 Hanc
455 869 535 910 ego
567 869 664 897 cum
694 854 839 908 malis,
874 868 953 910 ego
986 854 1150 897 faecem
1180 855 1344 912 primus
1377 859 1420 898 et
1449 855 1573 910 allec,

275 986 331 1018 65.
357 985 404 1018 At
426 985 558 1027 pinqui
583 995 603 1019 e
630 983 720 1019 eod.
745 984 851 1018 Bosii
877 983 1086 1018 Bentleius.
1114 1003 1157 1008 —-
1185 986 1242 1019 71.
1267 986 1438 1019 venicula
1463 995 1650 1030 superscr-

226 1041 251 1065 u
275 1032 311 1075 b,
336 1033 542 1066 vennucula
567 1031 641 1066 Lo.
668 1051 712 1056 —
740 1034 796 1066 73.
822 1032 927 1065 halec
950 1031 1015 1065 FJ.

179 1133 248 1166 cies
282 1132 368 1176 sic).·
404 1134 535 1175 Piper,
575 1133 797 1175 liquslicurm
837 1134 915 1175 apii

177 1188 312 1223 semen,
338 1182 538 1222 mentham,
565 1181 744 1222 thumum,
767 1181 913 1214 nucleos

178 1230 306 1270 tostos,
338 1229 483 1270 vinum,
518 1229 681 1270 acetum,
718 1228 914 1270 liquamen,

177 1276 297 1308 oleum
320 1276 470 1309 modice.
504 1275 592 1309 Cum
615 1276 688 1308 ius
713 1276 914 1316 simplex

179 1323 351 1365 bullierit,
378 1325 464 1355 lunc
485 1324 643 1356 triturae
669 1323 816 1364 qlobum
833 1324 914 1355 mit-

177 1371 247 1412 les,
283 1372 316 1403 el
343 1371 462 1412 aqitas
498 1379 586 1411 cepa
611 1372 644 1402 ei
668 1373 775 1403 rutae
804 1371 913 1412 fasci-

178 1418 271 1451 culo.
299 1436 342 1441 -—
367 1417 520 1460 pinqui]
560 1418 810 1458 klebrichi;
849 1429 914 1462 op-

176 1465 333 1508 ponitur
359 1464 479 1507 tenui,
514 1467 648 1509 estque
674 1464 785 1506 idem,
813 1464 912 1509 quod

178 1511 287 1546 Celso
318 1514 348 1554 1,
375 1514 414 1545 6:
438 1513 594 1554 plenius.
612 1512 813 1555 ——muria]
845 1512 911 1555 „li-

177 1559 356 1604 quamine
381 1560 584 1604 praecipue
603 1560 845 1604 thynnorum,
870 1562 913 1593 ut

176 1617 307 1651 garum
346 1607 652 1650 scombrorum3“
695 1608 839 1640 Lake.
867 1627 910 1630 —

177 1655 262 1689 Non
286 1655 366 1687 alia
393 1654 486 1697 cet.]
514 1653 666 1698 Optima
690 1654 912 1702 habebatur,

178 1712 274 1746 quae
317 1712 362 1736 ex
403 1702 556 1747 thynnis
598 1702 645 1735 ad
685 1701 909 1745 Byzantium

177 1749 296 1794 captis
344 1749 654 1794 praeparabatur.
719 1749 910 1793 Euthyde-

175 1807 260 1831 mus
286 1796 386 1841 apud
411 1796 548 1831 Athen.
575 1799 615 1838 3,
650 1798 714 1829 84:
753 1792 910 1829 Θύννων

176 1841 327 1890 ὦραίων
361 1840 568 1886 Βυζάντιον
603 1840 738 1876 ἔπλετο
769 1839 909 1890 μήτηρ.

178 1910 220 1915 —-
246 1891 384 1934 putuit]
412 1890 544 1934 „cuius
571 1891 674 1935 gravi
701 1889 815 1924 odore
842 1890 909 1923 im-

175 1938 268 1972 buta
280 1940 338 1972 est
356 1948 444 1972 orca
455 1938 649 1983 Byzantia,
663 1933 773 1983 ὕρχη,
792 1948 855 1972 vas
869 1937 911 1971 fi-

177 1986 276 2029 ctile,
287 1986 524 2020 salsamentis
538 1985 732 2020 servandis
746 1986 907 2029 aptum.“

174 2033 311 2067 Athen.
339 2035 379 2075 3,
406 2035 474 2066 88:
510 2029 677 2079 Τάριχος
692 2051 712 2057 -
729 2052 748 2056 -
765 2033 911 2074 Βυζαν-

174 2082 258 2123 τίας
291 2080 331 2114 δὲ
362 2079 540 2122 θυννίδος
562 2078 740 2123 Ὀσμαΐσι
774 2081 909 2127 χαίρει.

224 2153 343 2186 67-69.
370 2153 451 2185 Hoc
467 2153 528 2185 ubi
546 2151 630 2195 cet]
658 2151 823 2195 Simplex
840 2151 910 2196 igi-

177 2202 237 2233 tur
265 2200 324 2234 ius
342 2210 419 2234 non
439 2199 635 2233 constabat
652 2209 697 2233 ex
715 2200 798 2233 oleo
818 2199 910 2240 solo,

176 2250 218 2280 ut
255 2247 529 2281 nonnullorum
566 2247 816 2291 interpretum
854 2249 912 2280 est

176 2294 324 2338 opinio,
359 2294 431 2328 etsi
457 2294 582 2328 oleum
615 2304 683 2338 per
710 2304 749 2328 se
777 2303 910 2337 sapore

173 2351 292 2385 prope
331 2345 451 2384 caret3
491 2341 556 2375 sed
591 2351 635 2374 ex
670 2341 773 2383 oleo,
810 2341 909 2381 vino,

173 2389 313 2422 muria:
341 2388 590 2433 compositum
609 2390 733 2422 autem
757 2398 803 2422 ex
826 2388 910 2431 hoc,

175 2435 275 2480 quod
300 2437 458 2477 simplem
482 2438 608 2477 vocat,
643 2435 798 2470 decocto
825 2446 909 2469 cum

173 2483 303 2517 herbis
321 2483 547 2525 aromaticis,
573 2486 616 2516 ut
640 2483 765 2517 solent
783 2482 910 2516 etiam-

174 2540 278 2564 nunc
295 2530 393 2571 Itali,
420 2531 546 2571 crucis,
573 2531 685 2563 inuiis
713 2530 805 2573 (Sat.
825 2531 857 2571 2,
876 2532 908 2571 8,

175 2578 267 2620 51.),
303 2578 450 2622 thymo,
488 2577 706 2620 coriandro,
743 2577 909 2619 mentha,

175 2625 325 2659 cumino
359 2624 482 2658 fricto.
532 2624 699 2667 Deinde,
737 2625 803 2659 ubi
838 2627 909 2658 ste-

175 2675 283 2715 terat,
302 2671 593 2717 inspergebatur
608 2682 742 2705 crocus
756 2682 909 2705 rursus-

175 2730 249 2763 que
275 2719 551 2753 admiscebatur
578 2719 700 2752 oleum
727 2718 910 2754 Venafra-

174 2777 265 2800 num
300 2766 500 2812 frigidum,
535 2767 714 2811 optimum
743 2766 839 2799 illud
865 2776 909 2800 ex

964 1131 1177 1176 Campania.
1228 1131 1296 1166 Od.
1323 1134 1363 1175 2,
1398 1135 1438 1175 6,
1473 1134 1517 1167 15
1548 1143 1626 1178 seq.
1652 1152 1697 1157 -

964 1181 1182 1221 Corycioque
1207 1179 1335 1222 croco]
1374 1179 1472 1213 Plin.
1498 1180 1544 1214 H.
1569 1179 1613 1214 N.
1640 1182 1699 1224 21,

965 1229 1027 1260 17:
1053 1228 1182 1260 Prima
1207 1228 1376 1260 nobilitas
1403 1228 1526 1261 Cilicio
1553 1227 1697 1271 (croco)

963 1276 996 1307 el
1027 1275 1079 1307 ibi
1109 1275 1150 1307 in
1184 1275 1317 1316 Coryco
1348 1276 1480 1308 monle.
1507 1293 1551 1298 —
1585 1275 1699 1318 stelit]

964 1331 1054 1366 „per
1091 1321 1328 1366 aliquantum
1369 1321 1547 1366 temporis
1584 1321 1700 1356 desiit

962 1369 1108 1403 fervere
1134 1372 1249 1413 atque
1274 1369 1474 1413 intepuit.“

1010 1441 1130 1474 70-75.
1148 1439 1455 1483 Picenis-pomis]
1474 1438 1550 1474 Cfr.
1570 1438 1644 1474 Sat.
1663 1441 1696 1483 2,

963 1489 1003 1530 3,
1039 1489 1119 1521 272.
1159 1487 1239 1521 Iam
1263 1486 1311 1521 ad
1336 1497 1382 1520 ea
1405 1487 1560 1530 transit,
1598 1497 1698 1532 quae

963 1534 1140 1568 secundis
1167 1534 1310 1568 mensis
1334 1534 1632 1579 apponebantur.
1651 1553 1695 1558 —

962 1582 1143 1624 Tiburtia]
1178 1581 1381 1616 Tiburtina
1409 1583 1582 1624 pomaria
1607 1584 1698 1616 nota

961 1629 1034 1663 iam
1061 1640 1107 1663 ex
1131 1629 1201 1662 Od.
1229 1631 1261 1671 1,
1288 1631 1321 1671 7,
1348 1631 1403 1663 14.
1423 1647 1467 1652 -
1497 1629 1696 1672 Venucula]

959 1676 1060 1709 Plin.
1086 1676 1132 1710 H.
1157 1675 1200 1709 N.
1228 1678 1291 1716 14,
1318 1677 1358 1718 2,
1385 1677 1449 1709 34:
1486 1677 1697 1710 Veniculam

961 1723 1258 1766 (uvam)--ollis
1300 1722 1433 1765 (vasis,
1475 1722 1516 1756 in
1555 1722 1694 1767 quibus

960 1770 1235 1812 condebantur)
1266 1771 1492 1812 aptissimam
1519 1771 1696 1812 Campani

959 1819 1101 1851 malum
1117 1818 1294 1851 siv-culam
1310 1826 1454 1860 vocare,
1481 1818 1550 1851 alii
1571 1820 1694 1851 siacu-
1754 1834 1757 1836 -

962 1866 1045 1898 lam.
1074 1884 1117 1888 —
1151 1866 1253 1906 sumo
1290 1864 1506 1908 duraveris]
1545 1874 1693 1908 ,serva-

959 1913 1095 1946 veris.“
1124 1911 1252 1945 Coun.
1272 1911 1338 1946 GR.
1378 1911 1478 1945 Plin.
1504 1911 1550 1945 Η.
1566 1910 1610 1945 Ν.
1638 1914 1694 1955 14,

960 1962 1000 1993 3:
1026 1960 1119 1993 Aliis
1146 1959 1260 2002 (uvis)
1287 1960 1466 2001 qratiam,
1492 1961 1555 2000 qui
1580 1961 1612 1992 el
1636 1959 1692 1992 vi-

959 2008 1026 2050 nis,
1052 2009 1174 2049 sumus
1200 2009 1307 2048 afferi
1331 2007 1487 2048 fabrilis.
1515 2025 1558 2030 —
1585 2007 1694 2040 Hanc

961 2050 1045 2097 cet]
1086 2054 1225 2096 „Uvam
1257 2053 1442 2088 Albanam
1473 2064 1623 2098 passam
1656 2055 1694 2087 et

959 2102 1177 2147 fumigatam
1204 2100 1399 2135 comedere
1432 2100 1582 2135 institui
1608 2111 1694 2134 cum

958 2149 1068 2184 malis
1106 2149 1344 2190 recentibus,
1383 2159 1458 2193 quo
1492 2147 1694 2192 utriusque

960 2207 1071 2241 sapor
1096 2207 1254 2241 prorsus
1279 2195 1472 2238 diversus,
1498 2195 1593 2229 scite
1618 2195 1693 2228 iam

958 2244 1179 2289 permixtus,
1196 2244 1362 2288 palatum
1379 2242 1585 2277 titillaret.⁴‘
1606 2242 1693 2284 (Fu-

959 2292 1098 2337 migare
1111 2291 1198 2325 Itali
1214 2301 1318 2325 nunc
1331 2293 1526 2324 castaneas
1540 2289 1691 2332 solent.)

959 2359 1003 2362 —
1031 2348 1095 2380 eqo
1129 2347 1210 2371 cum
1241 2338 1368 2380 malis,
1404 2337 1489 2379 coo]
1522 2335 1691 2370 Primum

959 2397 1070 2420 suum
1101 2386 1296 2419 inventum
1321 2395 1415 2418 uvae
1438 2383 1607 2417 Albanae
1633 2383 1693 2417 fu-

959 2435 1118 2479 migatae
1144 2443 1221 2466 una
1246 2442 1329 2466 cum
1360 2430 1469 2465 malis
1495 2431 1691 2475 appositae

959 2492 1043 2515 cum
1073 2482 1334 2521 memorasset,
1370 2478 1531 2524 gloriola
1562 2478 1692 2511 incen-

959 2539 1023 2563 sus
1050 2527 1228 2562 continuo
1256 2527 1417 2561 alterum
1434 2525 1550 2560 faecis
1577 2527 1614 2559 et
1637 2525 1692 2559 al-

958 2575 1050 2610 lecis
1085 2576 1155 2609 cet.
1188 2573 1309 2617 addit,
1349 2573 1450 2618 quod
1482 2575 1609 2606 utrum
1642 2571 1690 2606 ad

957 2623 1118 2668 primas,
1155 2633 1203 2655 an
1237 2621 1284 2656 ad
1318 2619 1502 2655 secundas
1539 2629 1690 2654 mensas

958 2670 1163 2715 pertineat,
1202 2680 1278 2703 non
1310 2669 1449 2712 liquet3
1485 2667 1690 2711 utrobique

959 2719 1102 2759 autem,
1135 2727 1230 2760 quae
1256 2715 1320 2749 hic
1344 2716 1611 2757 memorantur,
1641 2713 1688 2748 ad

961 2763 1193 2799 excitandam
1233 2762 1450 2798 continuam
1488 2760 1589 2796 sitim
1624 2759 1688 2795 de-
