1786 2912
595 157 599 162 ⁴
669 155 763 190 mn.
786 154 817 189 1.
864 131 968 189 sAr.
990 153 1056 188 m

1531 152 1614 194 105

228 257 276 300 Si
305 271 376 300 me
405 265 537 310 amas,
567 256 720 312 inquit,
751 255 925 312 paulum
955 254 1026 297 hie
1054 253 1172 297 ades.
1211 253 1437 306 Inteream,
1470 253 1504 294 si

228 327 317 371 Aut
346 328 468 371 valeo
498 331 612 369 stare
643 330 716 368 aut
746 326 846 368 novi
876 325 1019 368 civilia
1048 325 1164 378 iura3

226 398 287 441 Et
300 412 482 455 propero
498 411 583 454 quo
600 397 697 439 scis.
728 396 896 439 Dubius
915 410 1023 449 sum,
1045 395 1146 452 quid
1161 395 1326 446 faciam,
1348 393 1499 449 inquit,
1556 393 1614 434 40

228 469 348 512 Tene
366 469 605 524 relinquam
627 482 681 510 an
701 481 805 509 rem.
836 466 920 519 Me,
943 466 1081 508 sodes.
1112 465 1209 507 Nou
1230 465 1395 517 faciam,
1417 463 1505 517 ille,

225 538 286 582 Et
306 539 563 596 praecedere
584 538 737 594 coepit.
767 536 876 593 Ego,
897 540 945 578 ut
961 535 1217 579 contendere
1238 535 1390 577 durum
1411 539 1477 577 est

227 609 335 652 011111
355 610 530 662 victore,
552 622 718 665 sequor.
760 607 985 650 Maecenas
1008 606 1218 663 quomodo
1239 605 1413 649 tecum?

225 679 339 722 Hinc
354 680 528 737 repetit,
546 692 778 737 paucorum
793 677 1012 720 hominum
1028 682 1071 720 et
1086 677 1241 720 mentis
1258 677 1368 719 bene
1386 690 1533 729 sanae,

225 749 361 794 Nemo
381 750 599 794 dexterius
621 749 791 792 fortuna
810 752 876 791 est
896 762 1013 790 usus.
1055 747 1252 790 Haberes

107 880 260 913 aium
279 881 543 914 condemnetur.
591 878 646 912 Ib.
671 879 762 912 186:
788 879 833 910 Ει

104 927 284 968 maen
305 927 458 960 iudicat·
481 927 669 968 depemive
692 928 832 967 aqetar,

107 974 202 1007 lauti
229 973 290 1015 fiet
320 964 591 1015 wamiam,
628 974 757 1014 quanti
789 981 832 1006 ea

102 1027 164 1053 res
188 1021 268 1054 erit.

153 1068 274 1101 38-43.
289 1068 328 1102 Si
342 1075 400 1101 me
416 1067 532 1111 amat]
550 1067 666 1101 Solita
678 1065 832 1111 petendi

104 1112 277 1148 formula.
326 1114 404 1148 Cic.
436 1114 484 1149 ad
516 1115 591 1148 Att.
625 1115 666 1155 5,
694 1115 755 1154 17,
787 1116 831 1147 5:

103 1161 144 1195 St*
166 1163 359 1203 quiequam
381 1170 438 1194 me
462 1170 576 1203 amas,
603 1163 698 1194 hunc
716 1161 832 1193 locum

103 1210 224 1251 mnu}
248 1209 336 1243 111110
351 1207 612 1254 ἀντίστροφον
629 1211 685 1242 est
701 1209 832 1241 amabo

102 1254 222 1298 illud,
262 1256 367 1291 verbi
403 1255 678 1302 significatione
714 1265 831 1299 prope

105 1304 227 1336 exuta.
252 1302 296 1336 V.
320 1311 378 1336 me
401 1303 480 1337 h.1.
506 1305 720 1347 correptum
746 1312 831 1335 cum

104 1349 279 1392 sequenti
314 1350 432 1384 vocali
469 1361 544 1383 non
583 1349 834 1393 colliquescit.

105 1394 213 1429 Cous.
230 1395 335 1441 Virg.
351 1396 444 1430 Aen.
461 1398 495 1439 ’6,
514 1398 645 1430 507.-
656 1395 726 1438 hic]
746 1395 832 1436 „ubi

102 1451 206 1475 nunc
239 1453 388 1486 sumus,
425 1443 465 1476 in
498 1443 627 1477 Foro.“
656 1461 698 1466 -——
725 1442 832 1485 ades]

103 1488 226 1523 Plaut.
250 1489 384 1534 Amph.
410 1492 450 1532 4,
476 1493 517 1532 3,
543 1493 587 1523 3:
613 1498 768 1531 quaeso,
791 1493 833 1522 ut

103 1537 302 1570 aenomaus
316 1538 406 1570 mihi
420 1538 529 1570 adsis.
556 1536 699 1570 Seneca
714 1535 832 1580 Epist.

105 1583 144 1624 8,
168 1584 214 1615 5:
249 1591 332 1616 cum
362 1585 412 1617 ad
442 1584 689 1618 vadimonium
721 1585 832 1616 advo-

103 1632 206 1663 emus
226 1631 486 1664 descenderem.
501 1649 544 1655 —-
559 1632 758 1672 Inter-eam,
783 1631 831 1663 si-

94 1675 221 1736 pateo]
258 1676 334 1711 cio.
371 1677 419 1712 ad
455 1678 557 1712 Fam.
592 1679 655 1719 11,
688 1679 753 1719 23,
787 1679 831 1710 2:

99 1731 266 1765 peream,
290 1726 322 1758 ει·
345 1726 533 1766 ee--Jerre
555 1727 736 1767 poterunt.
771 1724 833 1757 In-

102 1769 160 1804 fra
184 1781 216 1804 v.
234 1773 302 1805 4⁷:
327 1773 539 1813 dispeream,
564 1773 605 1805 m·
627 1773 832 1806 submoues

104 1825 236 1851 emm.
284 1817 384 1852 Nos:
422 1821 487 1852 Ich
518 1820 594 1851 will
626 1820 688 1852 cles
722 1819 832 1852 Todes

37 1862 40 1864 ’
102 1866 199 1905 sein,
230 1873 336 1898 wenn
362 1869 433 1900 cet.
459 1885 502 1890 —-
527 1866 641 1908 stare]
681 1868 833 1908 „astare

100 1908 282 1954 (adesse)
308 1913 508 1947 advocatus
531 1913 572 1946 111
597 1914 701 1954 iure,
734 1913 834 1956 apud

103 1961 429 2003 reouperatores.“
457 1979 499 1984 —
526 1963 592 1993 aul
627 1961 711 1993 novi
747 1960 833 2002 cet.]

106 2015 198 2047 ‚nee
230 2009 430 2050 propterea
462 2007 653 2041 advocatio
683 2017 766 2041 mea
795 2010 832 2040 te

105 2051 309 2096 quidquam
357 2054 541 2088 iuvaret.“
570 2073 612 2078 —
640 2055 731 2087 Tene
777 2062 834 2086 re-

106 2099 270 2139 linquam
306 2109 356 2133 aa
391 2101 482 2143 rem]
518 2101 699 2134 Nonnulli
742 2101 834 2134 haec

104 2144 245 2179 habent
268 2157 336 2190 pro
368 2148 663 2192 interrogatione
695 2147 835 2181 directa

105 2191 326 2234 (relinquam
341 2193 487 2235 futur),
504 2195 604 2238 quia,
621 2196 663 2227 ut
680 2194 835 2237 opinan-

105 2241 188 2279 tur,
219 2243 305 2284 post
336 2251 392 2274 vv.
419 2242 506 2281 quid
538 2242 672 2282 sacia-m
705 2251 834 2275 neces-

106 2286 205 2320 sario
238 2288 452 2331 ponendum
485 2287 617 2322 fuisset
646 2290 770 2320 uerum
786 2305 802 2312 -
819 2306 834 2312 -

104 2341 167 2366 an.
205 2333 278 2368 Sed
302 2334 479 2369 Horatius
504 2335 673 2368 imitatur
697 2345 835 2368 sermo-

106 2390 192 2414 nem
216 2381 435 2415 familiarem
455 2382 678 2427 cogitatione
705 2392 750 2414 ex
775 2392 835 2415 su-

105 2427 318 2471 perioribus
345 2429 540 2473 suppleto:
572 2430 712 2462 Dubius
743 2437 834 2470 sum,

106 2476 188 2507 lene
213 2477 283 2508 cet,
319 2475 397 2509 Nec
421 2486 509 2509 vero
535 2475 661 2509 differt
686 2475 763 2508 Cic.
788 2476 834 2509 ad

106 2519 182 2554 Att.
210 2523 266 2563 12,
291 2523 347 2563 24,
365 2524 410 2556 2:
434 2523 541 2556 velim
565 2531 621 2555 me
647 2522 835 2564 (dubitan-

107 2568 196 2610 tem)
221 2570 412 2602 certiorem
426 2570 557 2611 facias,
582 2571 623 2603 P.
642 2571 835 2603 Crassus--

106 2615 237 2648 vivom
253 2633 269 2639 -
285 2635 301 2642 -
314 2619 421 2658 patre
446 2625 512 2649 sao
536 2619 700 2650 mortuus
724 2618 769 2650 sis
787 2635 803 2641 -
819 2635 835 2641 -

109 2670 159 2695 aa
188 2664 277 2703 pon.
305 2681 348 2687 ——-
378 2663 477 2706 rem]
517 2665 635 2704 „Rem
666 2673 735 2708 pro
768 2663 835 2697 lite

108 2707 214 2741 dixit.
262 2708 323 2742 Sic
347 2712 385 2743 et
408 2710 449 2743 in
475 2711 621 2754 legibus
654 2711 834 2754 scriptum

1557 746 1614 787 45

881 876 1044 910 inveniri
1087 877 1204 911 solet:
1244 885 1324 910 rem
1362 877 1439 910 sive
1481 876 1613 909 liam!

880 923 1029 957 Poarn.
1078 923 1199 958 Varro
1230 923 1272 957 L.
1298 923 1341 956 L.
1366 924 1400 965 7,
1426 924 1493 957 93:
1528 924 1616 965 Qui·

882 972 946 1004 bus
977 979 1036 1005 res
1069 973 1148 1005 erat
1186 973 1225 1004 in
1262 971 1530 1011 controversia,
1570 979 1614 1003 ea

879 1020 1083 1052 vocabatur
1112 1019 1192 1058 15⁸3
1228 1019 1310 1051 ideo
1341 1019 1381 1050 in
1413 1018 1616 1051 actionibus

873 1064 1043 1099 'videmus
1066 1066 1158 1099 dici:
1196 1066 1334 1107 QVAM
1367 1066 1478 1099 REM
1506 1065 1616 1098 SIVE

880 1114 945 1146 M!
1007 1114 1161 1146 LITEM
1216 1113 1398 1146 DICERE
1465 1112 1615 1145 OPOR-

881 1161 978 1193 TET.
1016 1179 1059 1183 —
1096 1159 1256 1203 victore]
1305 1159 1400 1203 „qui
1438 1158 1615 1192 instando

880 1207 1073 1251 pervicit?

928 1256 1051 1287 43-48.
1075 1255 1269 1287 Maecenas
1296 1253 1380 1295 eet]
1412 1252 1522 1287 Nunc
1548 1252 1613 1287 de-

879 1312 980 1334 mum
1005 1300 1131 1334 missis
1154 1300 1373 1345 ambagibus
1398 1300 1446 1334 ad
1469 1299 1507 1333 id
1532 1310 1616 1344 per·

881 1349 984 1381 venit
1008 1347 1268 1391 importunus,
1306 1346 1407 1391 quod
1440 1357 1509 1381 sua
1541 1358 1616 1381 ma-

880 1395 977 1428 xime
1002 1395 1196 1435 intererat,
1222 1397 1282 1434 ut,
1308 1394 1341 1428 si
1366 1393 1449 1428 fieri
1474 1396 1615 1438 posset,

881 1441 1139 1475 intercedente
1188 1441 1345 1475 Horatio
1386 1440 1614 1476 Maecenatis

880 1489 1085 1522 amicorum
1134 1488 1238 1523 velut
1284 1488 1428 1522 cohorti
1483 1487 1614 1522 eodem

881 1535 990 1570 modo
1023 1538 1313 1580 aggregaretur,
1351 1545 1425 1579 quo
1457 1535 1614 1569 Horatio

881 1581 1065 1627 Virgilius
1090 1582 1194 1616 illius
1217 1582 1419 1616 amicitiam
1437 1582 1615 1616 eoncilia-

881 1632 950 1663 rat.
978 1648 1021 1653 —-
1046 1629 1191 1672 repetit]
1225 1640 1464 1672 „sermonem
1497 1630 1615 1663 inter-

881 1676 1038 1710 missum
1056 1677 1145 1710 hinc
1162 1687 1296 1711 rursus
1318 1676 1549 1710 exorditur.“
1571 1695 1614 1700 —

877 1724 1096 1767 paucorum]
1129 1724 1281 1758 Terent.
1306 1723 1402 1757 Eun.
1428 1726 1461 1765 3,
1489 1727 1520 1765 1,
1547 1725 1615 1757 18:

881 1770 980 1804 Tun.
1018 1773 1133 1804 Immo
1166 1772 1217 1804 sic
1250 1772 1354 1804 homo
1380 1773 1430 1803 eet
1453 1772 1617 1812 Perpau-

882 1826 1007 1851 corum
1032 1819 1227 1851 hominum.
1270 1818 1341 1851 Gn.
1382 1820 1499 1851 Immo
1529 1818 1615 1850 nul-

884 1865 1014 1907 lorum,
1040 1867 1213 1907 arbitror,
1238 1866 1271 1898 si
1287 1868 1405 1898 tecum
1429 1866 1528 1898 vivit.
1555 1864 1616 1898 ci-

882 1922 969 1946 cero
1002 1912 1048 1946 de
1081 1912 1172 1946 Fato
1206 1912 1306 1956 apud
1336 1912 1500 1946 Maerob.
1551 1911 1615 1946 Sa—

882 1962 983 1993 turn.
1009 1961 1048 2001 2,
1074 1962 1141 1993 12:
1167 1960 1365 2000 Acipenser
1387 1961 1455 1992 iste
1479 1967 1616 2000 pauco-

881 2015 965 2039 rum
987 2008 1171 2039 hominum
1198 2009 1266 2047 est,
1292 2007 1330 2040 id
1356 2009 1432 2047 est,
1468 2005 1614 2050 „piscis

882 2056 957 2087 tam
973 2065 1094 2095 rarus,
1111 2057 1155 2086 ut
1170 2054 1301 2098 paucis
1318 2054 1511 2087 dumtaxat
1527 2063 1615 2086 con-

882 2100 975 2134 vivis
1008 2101 1146 2145 apponi
1179 2101 1346 2134 debeat.“
1398 2100 1541 2133 Sensus
1577 2100 1614 2133 h.

883 2146 907 2180 l.
933 2149 1012 2181 est:
1040 2147 1201 2190 „paucis
1228 2146 1392 2191 quidem,
1418 2146 1483 2181 sed
1509 2157 1615 2191 egre-

883 2194 955 2238 giis
980 2194 1228 2228 familiaribus
1253 2194 1329 2235 ille,
1355 2204 1430 2238 qua
1453 2196 1510 2228 est
1525 2204 1614 2238 pru-

883 2241 1030 2282 dentia,
1064 2241 1120 2274 uti
1146 2241 1275 2274 solet.“
1326 2241 1395 2274 Vv.
1419 2242 1616 2275 Maecenas

883 2289 1060 2328 quomodo
1070 2306 1085 2311 -
1093 2289 1317 2321 -sabmosses
1334 2287 1460 2322 omnia
1475 2287 1615 2332 impor-

883 2338 976 2368 tuno
993 2334 1230 2368 tribuuntur:
1257 2335 1473 2377 „Quomodo
1490 2338 1615 2369 tecum

883 2382 974 2415 vivit
990 2381 1241 2416 Maeeenas?“
1269 2382 1518 2427 (Responsum
1537 2393 1614 2415 non

884 2431 1093 2473 exspectat,
1131 2429 1197 2463 sed
1229 2430 1409 2463 continuo
1442 2440 1510 2473 pro
1545 2439 1613 2462 8110

884 2479 995 2520 captu
1012 2478 1124 2520 atque
1140 2476 1293 2522 ingenio
1311 2476 1488 2510 laudibus
1506 2476 1613 2508 illum

883 2523 1062 2565 extollitz)
1082 2533 1245 2567 „paucos
1258 2524 1391 2568 utique
1409 2524 1507 2556 inter
1522 2522 1613 2555 ami-

883 2580 947 2604 cos
963 2570 1130 2614 recipere
1148 2570 1255 2609 solet,
1281 2570 1347 2604 sed
1365 2570 1546 2615 egregios,
1572 2572 1615 2602 ut

884 2620 931 2658 te,
957 2617 1177 2662 Virgilium,
1202 2616 1379 2657 Varium,
1404 2619 1517 2660 atque
1543 2616 1613 2649 hoc

884 2664 966 2708 ipso
1000 2663 1148 2698 delectu
1186 2663 1434 2705 demonstrat,
1473 2665 1614 2706 quanta

884 2711 932 2744 sit
963 2711 1165 2755 prudentia
1199 2711 1402 2754 praeditus.
1452 2708 1612 2743 Omnino
