1786 2912
87 2577 95 2583 -
137 2557 196 2591 tis.

616 168 618 170 .
667 142 761 177 Lm.
784 141 815 176 1.
865 139 1056 187 estem

1550 138 1632 180 103

246 245 345 290 Aut,
366 245 491 288 citius
522 244 659 301 possit
688 241 871 285 versus?
901 241 996 297 quis
1025 239 1218 284 membra
1246 253 1418 282 movere

245 316 448 359 Mollius?
476 313 670 358 Invideat
701 313 815 370 quod
844 316 889 355 et
916 311 1233 367 Hermogenen,
1265 324 1345 366 ego
1377 313 1514 352 canto.
1577 309 1634 351 25

245 385 549 443 Interpellandi
577 385 696 427 locus
725 384 797 426 hic
827 387 941 426 erat:
971 382 1054 425 Est
1081 381 1161 424 tibi
1189 385 1340 435 mater,

247 457 444 513 Cognati,
475 457 571 513 quis
592 459 636 498 te
658 455 775 497 salvo
803 457 870 497 est
890 452 1237 510 opus?-Haud
1261 451 1367 494 mihi
1395 451 1634 509 quisquam.

248 527 408 571 Omnes
439 526 671 583 composui.
691 550 749 555 —
764 524 955 568 Felices!
987 538 1099 566 nunc
1129 537 1210 579 ego
1239 526 1368 565 resto.

248 598 445 652 Confice3
476 611 659 653 namque
690 597 823 638 instat
851 595 985 637 fatum
1015 595 1120 636 mihi
1150 595 1287 647 triste,
1319 593 1490 635 Sabella

248 669 373 718 Quod
403 682 536 726 puero
568 667 721 710 cecinit
751 666 895 708 divina
922 669 1039 708 mota
1069 679 1175 707 anus
1205 678 1341 707 urna:

1581 638 1644 704 30'

247 740 376 782 Hunc
404 753 544 795 neque
575 738 667 780 dira
695 751 862 779 venena
890 750 971 778 nec
1000 735 1191 778 hosticus
1223 735 1388 778 auferet
1419 734 1534 777 ensis

248 810 339 854 Nec
366 810 548 852 laterum
580 808 698 851 dolor
729 811 803 850 aut
831 807 977 861 tussis*
994 821 1073 850 nec
1102 806 1224 849 tarda
1252 806 1466 862 podagra,

224 940 281 974 30.
306 941 405 973 mola
430 939 555 972 divina
581 937 748 982 Gruqnio
774 938 928 971 auctore
952 936 1159 971 Bentleius.

130 1055 273 1101 spinus.
323 1055 397 1091 Sat.
425 1058 464 1099 1,
494 1058 536 1098 4,
570 1057 615 1089 14
648 1065 730 1100 sqq.
757 1053 863 1088 Com-

129 1103 306 1137 mendare
335 1106 460 1137 autem
492 1114 532 1137 se
557 1103 682 1137 studet
704 1102 860 1136 Horatio

128 1152 172 1184 ut
193 1152 335 1184 centum
351 1159 511 1192 puerum
533 1151 680 1184 artium.
694 1168 737 1173 ——
751 1157 860 1182 mem-

130 1198 198 1230 bra
220 1205 364 1236 movete
387 1197 552 1240 Mollius]
580 1207 694 1239 „cum
718 1196 860 1230 maiore

129 1244 249 1289 gratia
264 1255 308 1279 ac
323 1244 503 1279 facilitate
520 1244 656 1279 saltare
681 1255 723 1278 ac
750 1243 861 1288 gesti-

131 1291 284 1326 culari.“
334 1291 485 1326 Lucret.
510 1294 552 1334 4,
577 1294 670 1325 981:
708 1293 861 1324 Cernere

129 1339 298 1372 saltantis
324 1341 358 1372 σι
382 1340 511 1372 mollia
535 1340 695 1371 membra
719 1346 861 1371 moven-

131 1386 188 1417 us.
215 1404 262 1428 —‚
283 1385 543 1427 Hermoqenes]
577 1385 727 1430 Tigellii
755 1383 862 1418 Sardi

132 1430 234 1465 filius
259 1431 456 1476 adoptivus
483 1431 579 1474 (Sat.
606 1435 638 1473 1,
664 1433 697 1472 3,
725 1434 803 1466 129.
828 1433 862 1473 4,

135 1478 191 1512 72.
219 1480 275 1521 10,
302 1479 378 1520 18.)
411 1479 458 1512 ab
481 1478 757 1523 Interpretibus
782 1487 863 1512 sae-

131 1525 220 1568 pius
244 1535 330 1559 cum
353 1525 419 1559 illo
446 1524 543 1567 (Sat.
572 1529 602 1568 1,
628 1528 662 1567 2,
688 1528 705 1559 1
734 1525 861 1570 seqq.)

133 1572 456 1614 confusum—eoo
473 1573 595 1615 camo]
622 1572 703 1607 Hoc
728 1573 862 1616 ipsum,

133 1619 232 1662 quod
278 1621 321 1652 ut
361 1619 516 1654 Salustii
556 1619 777 1664 Sempronia
822 1618 861 1652 in

133 1666 307 1700 omnibus
331 1666 392 1701 his
417 1666 602 1700 excellere
629 1677 688 1708 se,
720 1667 761 1700 in
787 1677 864 1701 una

131 1714 212 1747 arte
229 1713 342 1747 etiam
357 1713 630 1759 Hermogenem
646 1713 756 1747 illum
773 1714 863 1756 (Ho-

131 1760 227 1794 ratio
252 1762 448 1805 tantopere
474 1761 649 1803 exosum)
681 1772 862 1806 superare

131 1806 249 1841 iactat
264 1808 377 1842 homo
392 1808 630 1850 vanissimus,
655 1808 768 1842 bilem
785 1820 863 1842 mo-

130 1856 195 1888 vet
217 1856 360 1898 poetae,
384 1855 438 1889 ita
462 1858 505 1888 ut
529 1856 631 1888 hune
656 1866 862 1890 sermonem

132 1900 285 1935 tandem
307 1902 500 1946 praecidat
522 1902 712 1946 aliumque
738 1904 863 1937 minus

133 1950 236 1982 certe
272 1949 471 1983 molestum
510 1960 657 1983 movere
695 1952 863 1984 conetur.

134 1993 355 2029 Sciscitatur
380 2007 469 2041 ergo
495 1996 541 2030 de
574 1997 717 2031 familia
747 1998 865 2031 homi-

134 2042 214 2084 nis,
247 2046 288 2076 ut
320 2043 461 2085 solent,
493 2044 654 2087 primum
688 2044 753 2089 qui
780 2054 863 2078 cum

134 2088 262 2132 aliquo
281 2090 451 2124 notitiam
474 2091 712 2124 contrahunt.
727 2110 770 2114 --
786 2093 864 2131 quis

136 2138 168 2169 le
192 2137 294 2169 salvo
319 2139 370 2169 est
387 2137 490 2179 opus]
518 2137 679 2181 „quibus
698 2138 864 2181 optabile

137 2184 174 2216 et
198 2182 292 2217 utile
316 2186 374 2216 est
398 2186 433 2216 te
459 2183 604 2217 salvum
629 2185 745 2218 esse.“

184 2230 305 2263 28-34.
345 2231 475 2263 Omnes
512 2231 708 2273 composui]
747 2231 865 2265 Tacit.

134 2275 230 2310 Hist.
259 2278 289 2319 1,
308 2278 376 2310 4⁷:
402 2278 571 2311 Pisonem
591 2279 746 2312 Verania
771 2287 866 2312 uoeor

136 2331 179 2356 ac
210 2325 329 2364 frater
356 2326 631 2366 Scribonianus,
666 2326 785 2358 Titum
810 2327 866 2359 Vi-

136 2371 238 2402 nium
286 2372 450 2413 Crispina
498 2373 577 2413 tilia
624 2380 865 2413 composuere.

137 2416 316 2452 Similiter
342 2418 606 2465 περιστέλλειν,
633 2421 651 2451 b
661 2429 678 2452 e
686 2421 720 2451 is
732 2422 792 2452 etz
800 2428 818 2452 e
826 2428 865 2461 n,

137 2463 184 2497 de
211 2465 423 2508 sepultura,
448 2466 632 2510 imprimis
657 2465 704 2499 de
729 2466 867 2500 cineri-

137 2510 208 2545 bus
225 2512 393 2546 collectis
418 2515 529 2557 atque
554 2514 594 2546 in
619 2524 716 2547 urna
740 2513 868 2547 eondi-

245 2559 347 2593 Haee
382 2571 531 2604 quoque
557 2560 671 2594 verba
703 2560 867 2594 animum

139 2603 273 2639 durum
291 2606 471 2651 nullaque
492 2608 791 2651 propinquorum
808 2618 868 2641 ca-

138 2651 246 2686 ritate
279 2655 419 2687 tactum
451 2654 679 2698 exprimunt.
707 2672 748 2678 —-
774 2655 869 2688 Feli-

139 2699 236 2742 σου]
276 2710 370 2742 „eo‚
405 2701 503 2744 quod
536 2711 559 2734 a
595 2704 631 2735 te
666 2701 736 2734 iam
763 2701 869 2735 nulla

909 1053 1084 1088 molestia
1105 1052 1352 1087 afficientur.“
1381 1052 1534 1086 Scilicet
1548 1053 1643 1086 haee

909 1101 1035 1135 omnia
1059 1100 1245 1135 submissa
1267 1110 1359 1134 voce
1390 1110 1517 1134 secum
1541 1109 1643 1132 mur-

908 1151 1033 1182 murat
1049 1147 1240 1190 Horatius,
1265 1150 1308 1181 ut
1332 1158 1364 1180 v.
1385 1149 1452 1189 12.,
1475 1146 1516 1180 id
1541 1145 1644 1191 quod

909 1195 969 1229 vel
995 1206 1041 1229 ex
1065 1206 1109 1229 eo
1142 1195 1284 1236 elucet,
1323 1194 1424 1239 quod
1462 1194 1558 1228 alter
1596 1192 1644 1227 ad

909 1246 983 1277 tam
1001 1242 1133 1276 miram
1152 1243 1405 1276 narrationem
1423 1252 1471 1275 ne
1488 1241 1643 1274 verbum

911 1289 1062 1333 quidem
1096 1289 1309 1334 respondet.
1335 1308 1379 1312 —
1405 1288 1522 1330 resto]
1557 1298 1646 1330 „re-

910 1347 1063 1378 maneo,
1096 1337 1160 1380 qui
1194 1346 1216 1369 a
1248 1339 1285 1369 te
1318 1336 1563 1379 componar.“
1599 1353 1645 1359 —-

912 1382 1071 1425 confice]
1111 1383 1247 1425 „Illico
1282 1382 1329 1417 da
1353 1383 1444 1416 mihi
1476 1385 1646 1424 mortem,

911 1430 1144 1474 importune!
1159 1431 1175 1448 “
1202 1430 1275 1464 Per
1293 1431 1417 1464 iocum
1434 1430 1528 1463 haec
1546 1429 1646 1463 dicta

912 1480 1021 1520 sunt,
1061 1480 1103 1511 ut
1144 1477 1268 1522 quivis
1309 1477 1420 1511 facile
1460 1476 1574 1510 videt.
1601 1494 1644 1500 -—

909 1524 1240 1567 sabella-mnus]
1283 1524 1420 1558 Sabina
1457 1523 1646 1568 sortilega,

912 1582 1008 1615 quae
1033 1571 1257 1616 quaesticuli
1277 1581 1392 1605 causa
1408 1571 1646 1615 superstitio-

911 1619 964 1653 sis
994 1618 1263 1653 hariolabatur.
1313 1618 1419 1653 Conf.
1449 1617 1562 1663 Epod.
1591 1619 1646 1660 17,

911 1667 968 1700 28.
1004 1665 1078 1700 Per
1104 1677 1144 1700 se
1169 1669 1272 1710 patet
1296 1677 1375 1699 rem
1401 1676 1484 1699 esse
1509 1665 1646 1699 fictam.

912 1732 955 1737 ——
982 1714 1109 1747 divina
1133 1713 1219 1755 eet.]
1252 1714 1350 1746 mom
1384 1713 1483 1746 urna
1508 1712 1646 1753 divina,

913 1763 1143 1805 „postquam
1179 1761 1370 1794 concussit
1394 1761 1576 1801 divinam,
1607 1759 1647 1793 id

911 1810 980 1849 est,
1004 1810 1047 1841 ut
1071 1809 1123 1842 ita
1143 1807 1276 1849 dicam,
1301 1808 1557 1851 propheticam
1582 1817 1646 1839 ur-

912 1866 998 1888 nam
1024 1865 1182 1899 sorsque
1212 1865 1296 1888 mea
1321 1854 1507 1888 exsiluit.“
1560 1853 1646 1887 Sor·

912 1905 968 1936 tes
994 1905 1119 1936 autem
1144 1903 1213 1936 hae
1240 1902 1401 1935 laminae
1429 1903 1537 1935 erant
1562 1911 1646 1934 cum

913 1949 1159 1993 inscriptione
1177 1949 1305 1993 aliqua
1322 1949 1508 1993 ambigua,
1535 1959 1647 1992 quam

913 1996 1083 2041 sortilegi
1120 2007 1189 2040 pro
1222 2000 1389 2040 tempore
1423 1997 1647 2039 interpreta-

912 2043 1061 2077 bantur.
1104 2043 1179 2077 Cfr.
1204 2043 1396 2087 Inscriptt.
1421 2055 1468 2076 m.
1495 2042 1575 2075 Lat.
1603 2041 1647 2075 N.

914 2091 1017 2124 2485.
1068 2090 1164 2124 Cave
1196 2091 1332 2135 iungas
1358 2101 1443 2124 eum
1477 2090 1563 2123 aliis
1588 2089 1648 2123 vel

914 2146 1006 2170 anus
1031 2140 1128 2170 mota
1154 2137 1366 2179 (nominat,
1392 2137 1431 2170 id
1458 2140 1524 2178 est,
1551 2147 1650 2170 com-

913 2187 1032 2225 mota,
1059 2185 1188 2218 furore
1213 2185 1377 2228 percita,
1402 2184 1482 2225 vel,
1515 2186 1557 2217 ut
1581 2183 1647 2217 alii

915 2232 1121 2275 explicant,
1146 2234 1332 2275 permota,
1357 2231 1525 2272 inducta)
1551 2230 1649 2263 urna

913 2279 1051 2320 divina,
1077 2279 1137 2311 vel
1155 2289 1240 2312 cum
1257 2278 1448 2312 Bentleio:
1475 2287 1568 2311 anus
1594 2279 1648 2311 di-

915 2326 1003 2358 vina
1036 2325 1261 2370 (sortilega)
1299 2328 1398 2359 moui
1430 2325 1541 2358 urna.
1590 2324 1649 2357 Ad

915 2372 1112 2406 elisionem
1148 2375 1272 2406 autem
1311 2373 1444 2417 longae
1483 2371 1648 2416 syllabae

915 2422 1002 2453 ante
1034 2420 1183 2453 brevem
1216 2420 1283 2454 cfr.
1316 2419 1390 2453 Sat.
1427 2423 1464 2461 1,
1493 2422 1531 2460 1,
1559 2420 1649 2451 101:

917 2467 1013 2507 Quia
1035 2469 1087 2499 mi
1110 2468 1232 2508 iquur.
1270 2466 1344 2500 Sat.
1371 2469 1403 2508 2,
1424 2469 1463 2506 >3,
1490 2469 1556 2499 16:
1582 2467 1648 2498 Ρο-

915 2515 1072 2547 nendum
1097 2522 1214 2554 aequo
1240 2515 1374 2547 animo.
1424 2513 1529 2557 Virg.
1554 2512 1648 2545 Aen.

917 2562 950 2601 2,
978 2562 1063 2594 182:
1102 2562 1298 2602 Improvisi
1322 2562 1489 2594 aderunt.
1517 2578 1559 2582 —
1588 2560 1650 2591 ho-

915 2607 1040 2649 sticus]
1066 2607 1151 2641 Vid.
1178 2608 1223 2641 ad
1250 2606 1318 2641 Od.
1346 2609 1379 2649 3,
1405 2609 1436 2648 2,
1465 2609 1497 2639 6.
1524 2625 1569 2629 -
1596 2606 1650 2638 la-

917 2658 1036 2688 terum
1059 2655 1180 2697 dolor]
1216 2654 1463 2698 „pleuritis.“
1507 2652 1649 2686 Senon.

918 2701 995 2735 Cic.
1021 2701 1067 2735 (le
1093 2701 1158 2735 Or.
1184 2705 1216 2743 3,
1244 2703 1276 2742 2,
1302 2704 1347 2734 6:
1377 2701 1501 2733 lateris
1527 2700 1652 2733 dolore
