1774 2930
625 163 720 198 Lm.
743 163 774 197 1.
822 161 974 196 npoe'r.
999 160 1084 195 VII.

1523 159 1608 200 313

215 266 483 310 Gaudentem
511 265 739 322 parvisque
770 263 987 306 sodalibus
1018 266 1062 305 et
1092 262 1181 304 lare
1213 266 1331 304 certo

213 337 272 380 Et
299 337 411 379 ludis
441 340 484 379 et
514 339 612 392 post
641 335 785 378 decisa
815 334 990 390 negotia
1021 333 1198 389 Campo.

216 408 369 451 Soitari
398 407 505 450 libet
535 421 591 450 ex
620 407 728 462 ipso,
761 405 1041 462 quodcunque
1072 403 1232 456 refers3
1266 402 1335 445 dic

214 478 285 520 Ad
313 493 462 521 cenam
492 479 649 520 veniat.
701 476 798 519 Non
829 490 932 519 sane
963 474 1135 518 credere
1167 474 1314 526 Mena,

1555 401 1610 442 60

213 549 361 592 Mirari
392 563 536 591 secum
566 548 734 590 tacitus.
787 546 900 596 Quid
930 546 1095 588 multa?
1124 545 1334 600 Benigne,

215 619 477 676 Respondet.

526 618 667 674 Neget
696 618 768 661 ille
800 617 937 660 mihi?
986 616 1127 672 Negat
1157 616 1375 672 improbus
1408 620 1450 657 et
1481 621 1524 656 te

212 690 413 747 Neglegit
444 695 517 732 aut
546 690 703 732 horret.
754 688 971 731 Volteium
1001 701 1126 730 mane
1156 686 1383 742 Philippus

216 761 331 804 Vilia
360 761 615 804 vendentem
646 760 835 801 tunicato
866 764 1010 800 scruta
1040 758 1210 814 popello

1556 756 1611 796 65

194 868 251 900 58.
282 870 387 901 curlo
421 878 440 901 e
473 866 622 900 duobus
650 865 763 900 Codd.
790 864 1018 909 Oruquianis
1050 863 1257 898 Bentleius.
1287 882 1328 886 —
1356 864 1413 896 63.
1449 863 1565 904 Neam

147 913 228 955 bed,
253 925 309 958 pr.
335 913 359 948 S
385 916 423 948 et
445 913 617 948 Pottierii
641 913 826 957 plerique,
851 912 942 946 item
965 910 1304 953 LctF0.(Ne0e1
1329 910 1381 951 Ε,
1407 919 1502 943 corr
1530 908 1565 950 8,

148 964 324 1006 quattuor
348 961 538 1002 Pottierii,
563 961 653 995 item
678 959 875 994 Bentleius
902 961 940 993 et
963 957 1026 1000 M.)

99 1058 274 1099 ctumquo
291 1065 485 1100 quaerere,
508 1054 618 1088 modo
644 1054 698 1087 uti
717 1063 830 1098 quae-

98 1101 181 1136 sitis
205 1104 318 1146 atque
344 1101 473 1143 otiari,
507 1104 546 1135 et
575 1101 727 1146 quidem
761 1111 828 1134 suo

98 1149 232 1183 horum
249 1148 417 1194 quidque
438 1150 524 1185 loco.
550 1150 635 1193 apto
649 1150 829 1192 tempore,

99 1195 140 1229 ἐν
172 1195 325 1243 καιρῷ.“
377 1195 570 1238 (cfr.0d.
604 1196 828 1238 4,12,5.‘8.

98 1244 215 1277 Dulce
241 1245 291 1276 est
315 1245 479 1285 desipere
504 1244 543 1276 in
570 1243 673 1284 loco.)
696 1262 737 1266 —
757 1251 828 1275 ces-

99 1289 204 1332 sare]
245 1290 425 1332 „otiaris
478 1289 829 1334 crr.Epp.1,1o‚

101 1337 158 1370 46.
196 1338 304 1378 2,2,
331 1339 409 1370 183.
437 1356 479 1360 -
503 1337 653 1378 parvis]
695 1337 827 1378 „tenui

102 1392 231 1425 censu,
256 1361 324 1416 ut’'
314 1394 394 1427 ipse
414 1384 496 1416 sitst‘
517 1379 680 1425 Όμοιον
706 1380 831 1428 ὁμοίῳ

100 1426 163 1462 ἀεὶ
198 1409 357 1472 πελάζει
384 1449 426 1453 —-
455 1431 532 1463 lare
569 1429 688 1472 certo]
736 1430 830 1472 „sed

100 1478 225 1511 tamen
267 1477 464 1522 coniugem
506 1479 542 1510 et
582 1455 753 1510 domum„
773 1477 831 1510 vel

100 1523 292 1568 propriam
327 1524 387 1558 vel
424 1523 646 1558 conductam
683 1523 832 1566 habere,

101 1581 178 1604 non
215 1571 254 1604 in
292 1571 471 1605 cenaculo
501 1571 693 1604 dumtaxat
728 1570 832 1605 habi-

101 1618 223 1651 tare.“
288 1617 450 1652 Bentleii
493 1618 710 1652 coniectura
754 1619 831 1651 lare

101 1667 205 1698 curlo
221 1675 325 1699 mera
341 1667 440 1699 esset
462 1665 638 1710 repetitio
656 1676 712 1698 vv.
731 1666 833 1698 tenui

100 1719 218 1745 cem.
238 1731 282 1735 —
301 1712 416 1755 luda]
441 1712 704 1754 theatralibus,
730 1714 831 1756 puta,

101 1761 140 1792 et
164 1758 411 1793 circensibus.
430 1779 473 1782 —
488 1762 570 1800 post
587 1761 708 1792 decisa
723 1768 832 1800 neqo-

101 1805 176 1848 tia]
216 1816 330 1848 „cum
361 1809 551 1840 transacta
581 1806 658 1840 sint
682 1807 831 1851 negotia

102 1852 213 1886 etiam
244 1863 492 1897 praeconum,
525 1853 562 1887 id
596 1856 652 1887 est
682 1853 830 1887 circiter

100 1898 231 1933 horam
256 1901 456 1934 octavam.“
482 1920 528 1924 ——
554 1901 707 1943 Campo]
733 1900 831 1934 Mar-

101 1945 167 1979 tio.
216 1946 291 1980 cfr.
325 1946 392 1981 od.
420 1951 459 1989 ι,
485 1949 524 1989 8,
549 1950 581 1980 4.
631 1947 705 1981 Sat.
731 1950 772 1989 2,
799 1950 831 1990 6,

102 1994 160 2026 49.
209 1992 302 2037 Epp.
337 1995 376 2036 1,
412 1997 473 2036 11,
498 1998 531 2027 4.
581 1994 624 2027 In
660 2005 831 2038 campum

102 2041 228 2072 autem
245 2039 417 2073 Martium
442 2043 534 2073 tunc
561 2041 683 2085 ipsum
707 2041 831 2075 iturus

105 2087 202 2127 erat,
235 2089 278 2119 ut
301 2086 379 2130 pila
402 2087 550 2120 luderet
574 2087 633 2120 vel
658 2087 832 2121 ludentes

106 2134 302 2176 spectaret.
351 2133 447 2167 Satis
484 2137 607 2167 autem
642 2134 832 2167 evidenter

104 2189 173 2222 per
197 2179 264 2213 hos
282 2180 490 2213 versiculos
515 2180 732 2224 depingitur
758 2181 834 2214 vita

106 2225 325 2279 quotidiana
362 2226 542 2261 eiusmodi
580 2227 730 2271 generis
767 2227 833 2260 ho-

104 2271 258 2316 minum,
282 2283 527 2317 praeconum,
553 2273 744 2315 lictorum,
770 2284 834 2318 ap-

105 2319 324 2363 paritorum,
351 2321 558 2354 scribarum
584 2320 834 2365 publicorum.

152 2391 274 2424 60-64.
297 2393 430 2425 Scituri
450 2391 532 2434 cet.]
556 2391 635 2424 Iam
661 2401 745 2425 cum
761 2391 835 2425 De-

104 2438 259 2471 metrius
300 2438 451 2472 domino
489 2442 696 2479 narrasset,
739 2449 834 2482 quae

104 2483 234 2518 Menas
252 2485 514 2519 candidissime
533 2485 578 2519 de
595 2486 672 2519 vita
689 2496 757 2519 sua
773 2496 834 2519 ex-

105 2535 293 2574 posuerat,
318 2532 515 2576 Philippus
533 2533 580 2566 ob
603 2534 722 2576 ipsam
739 2533 836 2567 hanc

106 2577 361 2613 sinceritatem
394 2582 431 2613 et
464 2580 553 2623 quia
583 2580 836 2624 perspiciebat

108 2632 231 2658 coram
254 2636 293 2660 se
311 2626 454 2660 versari
480 2627 667 2660 hominem
694 2627 835 2670 simpli·

109 2678 188 2703 cem
221 2682 264 2706 ac
295 2673 474 2717 probum,
507 2674 658 2707 minime
692 2673 835 2707 mendi-

109 2725 212 2757 cum,
245 2719 310 2752 sed
341 2723 494 2764 propter
519 2731 642 2754 mores
666 2721 835 2765 plebeios

879 1052 991 1087 simul
1009 1052 1150 1097 largam
1178 1051 1273 1085 iocis
1295 1050 1488 1085 materiam
1506 1060 1612 1094 prae-

878 1099 1064 1141 biturum,
1098 1099 1312 1133 accuratius
1339 1108 1424 1132 eum
1454 1107 1613 1131 noscere

879 1150 973 1181 avet.
1022 1147 1157 1181 scitari
1196 1149 1319 1180 autem
1357 1145 1499 1180 saeculi
1537 1145 1614 1178 Au-

877 1195 999 1239 gustei
1028 1194 1182 1228 verbum
1216 1196 1272 1227 est
1304 1193 1506 1238 politicum.
1556 1191 1614 1225 Ad

878 1241 1077 1275 formulam
1104 1240 1171 1274 cfr.
1214 1239 1282 1274 Od.
1309 1243 1347 1282 3,
1373 1241 1436 1282 25,
1463 1241 1526 1273 13;
1552 1248 1614 1272 ne-

878 1297 956 1322 mus
981 1289 1119 1322 Mirari
1145 1289 1243 1329 libel,
1273 1287 1432 1328 „iuvat.“
1462 1306 1504 1310 —-
1532 1287 1615 1320 Non

878 1335 982 1378 sane]
1008 1332 1054 1367 οὗ
1082 1331 1191 1373 πάνυ,
1220 1334 1336 1376 „vix.“
1364 1335 1487 1376 (Nicm
1513 1334 1614 1366 reem

880 1385 981 1415 eraut
998 1383 1111 1416 Mena
1136 1383 1206 1414 den
1225 1381 1384 1414 Worlen.
1412 1380 1614 1423 Giinther.)

882 1448 923 1452 —
950 1428 1107 1472 Mirari]
1145 1431 1275 1473 utpote
1313 1428 1379 1473 qui
1418 1438 1614 1472 nunquam

880 1476 920 1509 in
947 1478 1020 1510 tam
1046 1475 1211 1510 nobilem
1237 1475 1387 1509 domum
1412 1474 1458 1509 ad
1484 1485 1615 1509 cenam

880 1525 1032 1557 vocatus
1059 1526 1168 1557 esset.
1196 1541 1238 1546 -
1265 1521 1443 1566 Beniane]
1478 1522 1555 1556 Cfr.
1581 1533 1614 1556 v.

884 1573 936 1603 16.
963 1589 1008 1594 —-
1025 1569 1152 1613 Neqet]
1178 1569 1376 1603 Coniunct.
1401 1570 1473 1604 hoc
1499 1569 1615 1615 signi-

880 1617 985 1651 ficat:
1013 1617 1223 1659 „Potestne,
1248 1617 1405 1651 malum!
1440 1616 1542 1658 fieri,
1575 1619 1617 1650 ut

881 1667 991 1710 neget
1007 1664 1155 1698 mihi?“
1181 1664 1313 1708 Itaque
1338 1665 1455 1698 multo
1480 1664 1615 1697 melius

881 1712 1057 1756 exprimit
1087 1711 1254 1756 Philippi
1292 1722 1409 1755 prope
1443 1710 1616 1756 indigna*

880 1758 998 1792 bundi
1033 1758 1269 1793 mirationem
1305 1769 1418 1802 quam
1454 1758 1615 1792 aliorum

880 1805 1108 1840 indicativus
1135 1817 1180 1840 ex
1212 1808 1395 1850 sequente
1427 1808 1544 1839 ortus.
1571 1824 1614 1828 —

880 1855 992 1895 Neyet
1024 1853 1109 1896 cet]
1146 1853 1236 1895 „vel
1270 1853 1484 1897 suspicatus
1522 1852 1615 1894 fore,

881 1903 923 1933 ut
946 1900 1111 1934 ludibrio
1138 1900 1188 1934 sit
1212 1900 1399 1942 convivis,
1433 1900 1493 1933 vel
1528 1900 1615 1933 sim-

880 1947 1030 1992 pliciter
1056 1948 1189 1981 nolens
1215 1947 1346 1981 solitae
1364 1946 1531 1980 libertati
1557 1957 1616 1980 re-

881 1995 1076 2036 nuntiare,
1121 1994 1349 2028 voluntatem
1393 1996 1496 2027 tuam
1538 2004 1614 2027 non

882 2042 1021 2075 curat.“
1061 2061 1106 2065 —
1144 2041 1355 2084 improbus]
1399 2041 1614 2085 „pervicax,

881 2090 1052 2129 srech,
1080 2090 1167 2120 der
1194 2089 1511 2129 Trolzkops.“
1557 2087 1616 2120 Si-

881 2134 1020 2167 militer
1045 2134 1130 2167 Itali
1157 2135 1239 2168 sine
1265 2145 1399 2178 magna
1425 2137 1616 2167 contume-

881 2181 934 2214 lia
958 2181 998 2213 in
1026 2191 1196 2214 sermone
1221 2181 1398 2215 familiari
1430 2184 1616 2225 usurpant

882 2228 910 2259 il
946 2228 1108 2269 ribaldo,
1155 2228 1274 2262 nostri
1319 2227 1508 2261 interdum
1551 2230 1616 2261 der

884 2275 1015 2315 Περεῖ.
1043 2294 1085 2297 -
1112 2274 1252 2318 horret]
1290 2285 1407 2319 „prae
1432 2285 1615 2308 verecun-

883 2320 944 2354 dia
977 2325 1013 2355 et
1046 2322 1172 2355 nescio
1200 2333 1274 2366 quo
1306 2322 1420 2356 stulto
1445 2322 1613 2356 timore.“

884 2367 1018 2402 Catull.
1057 2370 1120 2410 64,
1160 2371 1249 2403 159:
1291 2370 1463 2403 horrebas
1500 2371 1616 2411 prisci

879 2418 1077 2457 praecepta
1099 2418 1276 2457 parentis.

931 2488 975 2519 65
991 2505 1033 2509 —
1050 2487 1106 2519 71.
1139 2486 1376 2529 vendentem]
1411 2486 1615 2530 Tamquam

884 2542 1018 2576 praeco
1052 2534 1264 2568 auctionem
1296 2534 1458 2567 faciebat
1482 2534 1615 2566 vilium

883 2580 1082 2622 mercium,
1117 2591 1211 2624 quae
1238 2580 1398 2614 aliorum
1425 2584 1544 2614 erant.
1572 2599 1614 2603 —

884 2627 1244 2670 tunicato-popello]
1277 2627 1458 2672 Opifices,
1492 2627 1615 2660 taber-

884 2674 981 2707 narii
1015 2674 1242 2718 omninoque
1276 2675 1521 2718 pauperiores
1559 2677 1616 2707 tu-

885 2721 970 2755 nica
986 2722 1253 2762 tantummodo,
1278 2732 1353 2755 non
1372 2724 1468 2765 toga,
1492 2720 1613 2755 induti
