1774 2930
165 194 250 235 228

282 293 448 336 Audit?
480 307 576 335 cum
607 308 763 349 magno
795 293 981 335 blateras
1012 294 1195 337 clamore
1226 295 1439 351 fugisque.

670 192 879 227 HORATH
905 192 1190 228 SATIRARUM

1626 296 1688 338 35

281 364 468 407 Mulvius
503 368 545 407 et
577 378 748 406 scurrae
779 364 859 406 tibi
889 378 976 406 non
1007 365 1232 408 referenda
1261 367 1425 422 precati

282 435 534 478 Discedunt.
580 434 756 477 Etenim
787 434 925 477 fateor
955 450 1043 489 me,
1077 435 1233 478 dixerit
1263 437 1355 490 ille,

282 506 394 548 Duci
425 510 574 548 ventre
605 507 764 559 levem,
797 519 951 548 nasum
980 506 1129 549 nidore
1161 508 1355 563 supinor,

282 577 544 630 Imbecillus,
577 577 711 630 iners,
746 577 782 618 si
813 577 916 633 quid
945 578 1031 627 vis,
1063 577 1189 631 adde,
1221 578 1393 636 popino.

283 648 370 701 Tu,
404 663 500 689 cum
533 648 592 689 sis
625 647 739 704 quod
770 662 850 702 ego
882 652 925 690 et
957 648 1151 691 fortassis
1182 649 1380 705 nequior,
1410 650 1522 691 ultro

1623 650 1682 690 40

279 719 496 761 Insectere
526 719 645 761 velut
674 719 826 761 melior
855 719 1084 775 verbisque
1116 720 1281 762 decoris

282 789 498 832 Obvolvas
529 790 713 832 vitium?
745 789 877 844 Quid,
911 791 947 832 si
978 805 1047 833 me
1078 791 1246 832 stultior
1276 791 1372 847 ipso

258 915 314 948 35.
340 915 509 955 suuis-que
532 901 686 956 bso,Lt‚
711 913 927 956 Bentleius,
951 913 1004 947 F:
1037 915 1202 956 [nailque
1226 925 1268 959 p,
1293 916 1459 957 surisque
1485 914 1562 949 GM.
1589 934 1632 938 —

210 962 265 995 36.
292 961 443 996 Milvius
468 960 596 1005 p‚LCt.
623 980 666 984 —
695 963 751 994 39.
776 962 808 993 si
833 961 972 1001 quidvis
998 960 1071 995 LO.

162 1061 364 1103 lucernae,
398 1072 473 1106 qua
507 1062 561 1094 uti
597 1061 674 1094 volt
707 1063 896 1094 nocturno

161 1111 328 1153 tempore
367 1108 413 1142 ad
451 1108 612 1142 amicum
651 1109 894 1152 properans.“

162 1156 314 1190 Terent.
357 1155 506 1189 Phorm.
536 1158 574 1197 1,
601 1158 641 1197 2,
670 1157 755 1189 102:
798 1157 898 1188 Puer

163 1205 271 1236 heus!
312 1204 454 1237 Nemon
479 1204 548 1236 hue
571 1204 722 1244 prodit?
749 1221 791 1226 -
821 1204 898 1235 bla-

162 1250 274 1293 teras]
303 1260 412 1292 „cum
435 1249 687 1294 trepidatione
708 1252 745 1283 et
769 1249 898 1283 furore

161 1298 277 1331 verba
295 1297 453 1331 effutis.“
479 1297 631 1330 Festus:
651 1297 898 1330 Blaterare

163 1347 213 1377 esc
238 1345 346 1378 stulte
373 1347 404 1377 et
421 1345 642 1386 praecupide
663 1345 775 1384 loqui.
802 1344 897 1378 Var-

161 1402 204 1425 ro
238 1391 338 1436 apud
362 1390 457 1425 Non.
494 1394 532 1434 1,
561 1393 647 1424 186:
692 1393 788 1432 Quid
822 1393 898 1424 est?

163 1440 250 1479 quid
289 1439 478 1472 blateras?
520 1440 607 1479 quid
644 1439 769 1471 rabis?
812 1440 899 1479 quid

162 1487 215 1519 vis
234 1487 323 1519 tibi?
343 1505 385 1509 -—
405 1485 589 1528 suoi-sque]
619 1486 752 1530 „quasi
771 1486 897 1520 hostes

163 1536 198 1566 te
216 1534 524 1577 insequerentur,
543 1533 739 1566 celerrime
758 1535 794 1567 te
812 1544 898 1577 pro-

162 1580 276 1624 ripis,
311 1581 505 1614 lucernam
532 1591 610 1613 non
641 1581 895 1624 exspectans.“

162 1627 292 1672 Longe
318 1627 490 1661 festivius
509 1628 579 1661 hoc
599 1637 710 1671 quam
737 1627 898 1661 aliorum

161 1676 344 1717 surisque,
372 1675 472 1719 quod
498 1677 535 1708 et
561 1674 815 1718 ταυτολογίαν
841 1685 898 1708 sa-

161 1723 217 1765 pit
243 1724 280 1756 et
305 1733 327 1755 a
345 1721 462 1755 Codd.
488 1722 673 1755 minorem
699 1721 813 1755 habet
831 1733 897 1755 au-

163 1770 385 1803 ctoritatem.
442 1768 555 1802 Recte
597 1769 747 1802 Acron:
798 1768 898 1810 „Ex-

162 1816 301 1860 pressit
332 1816 567 1850 velooitatem
599 1816 762 1849 hominis
793 1815 898 1849 festi-

162 1864 289 1896 nantis
323 1863 369 1896 ad
403 1863 574 1897 cenam.“
625 1862 752 1905 Adde,
795 1862 897 1907 quod

162 1911 275 1944 lectio
294 1911 391 1951 suuis
409 1921 542 1943 novam
559 1910 674 1943 verbo
691 1911 897 1944 blaterandl

120 1970 124 1974 ·
161 1957 290 1992 adiicit
315 1958 524 1999 notionem,
550 1957 668 1990 altera
693 1967 770 1990 non
795 1958 896 1990 item.

211 2053 346 2086 36-39.
374 2052 535 2087 Mulvius
562 2052 646 2094 cet.]
684 2050 782 2093 „Iam
808 2051 897 2096 fuga

163 2102 238 2141 tua,
257 2099 296 2132 id
315 2101 383 2141 est,
400 2109 583 2142 praeceps
601 2101 689 2132 tuus
707 2098 831 2132 abitus
851 2110 897 2132 ex

162 2147 283 2188 domo,
309 2146 349 2179 in
377 2156 490 2180 causa
509 2148 576 2188 est,
602 2149 644 2179 ut
667 2145 833 2180 Mulvius
860 2149 897 2179 et

161 2194 225 2228 alii
242 2204 406 2235 scurrae,
422 2193 487 2238 qui
502 2195 684 2227 venerant
698 2204 762 2237 spe
777 2193 895 2226 illecti

162 2241 261 2282 fore,
297 2243 339 2274 ut
364 2240 411 2274 ad
438 2251 568 2275 cenam
596 2251 659 2274 eos
685 2240 895 2283 adhiberes,

163 2298 255 2321 cena
295 2288 467 2321 frustrati
509 2287 610 2321 diras
655 2288 721 2321 tibi
759 2288 895 2332 impre-

163 2338 308 2375 centur,
323 2346 417 2379 quas
432 2345 501 2368 nos
512 2334 653 2368 servuli
668 2335 736 2368 tibi
751 2335 896 2368 referre

161 2392 238 2414 non
265 2382 467 2424 audemus,
494 2382 689 2424 timentes,
716 2393 764 2416 ne
790 2385 895 2426 tergo

162 2439 224 2462 eas
251 2429 403 2472 expiare
429 2429 667 2462 debeamus.“
689 2448 732 2452 —
759 2430 895 2463 dioeem

160 2475 239 2517 ille]
260 2475 405 2518 „Facile
425 2486 529 2509 suam
545 2486 696 2510 causam
714 2476 895 2510 adversus

161 2525 197 2556 te
223 2523 277 2556 ita
301 2522 515 2556 defenderit
536 2523 702 2557 Mulvius
729 2524 894 2557 scurra.“

164 2589 205 2593 ——
234 2571 328 2603 Duci
352 2572 478 2603 ventre
507 2571 620 2602 levem
646 2570 730 2613 cet]
757 2570 894 2604 Libere

162 2617 279 2662 igitur
312 2617 453 2650 fatetur
488 2627 635 2659 scurra,
672 2628 732 2659 „se
766 2619 895 2661 utpote

162 2664 351 2698 hominem
384 2663 503 2697 levem
538 2664 629 2708 gule
659 2664 705 2698 ad
738 2667 773 2698 te
808 2675 896 2698 con-

162 2711 366 2744 vivatorem
409 2710 594 2753 deduci;“
648 2712 757 2753 (nam
802 2711 895 2745 tales

164 2769 314 2802 quoque
332 2758 502 2792 homines
517 2757 633 2791 animi
648 2769 761 2792 causa
778 2758 894 2792 inter-

947 1061 1034 1094 dum
1054 1061 1265 1105 excipiebat
1289 1059 1685 1107 conviviis{Horatius,

947 1111 988 1141 ut
1014 1119 1058 1141 ex
1084 1108 1252 1152 ipsorum
1279 1112 1316 1142 et
1340 1109 1511 1143 moribus
1538 1111 1577 1142 et
1603 1119 1681 1142 ser-

947 1155 1121 1189 monibus
1147 1157 1340 1189 materiam
1359 1155 1486 1189 satiris
1513 1155 1591 1189 suis
1617 1166 1683 1199 pa-

947 1203 1090 1245 raret;)
1136 1203 1330 1245 „ciborum
1371 1203 1505 1237 nidore
1546 1213 1682 1236 nasum

949 1250 1022 1283 sibi
1059 1251 1248 1292 supinari,
1286 1250 1428 1290 attolli,
1464 1252 1507 1283 ut
1543 1249 1683 1294 cupide

949 1307 1035 1330 eum
1077 1297 1262 1331 olfaciat.“
1317 1297 1471 1340 „Facile
1513 1297 1637 1341 patior
1650 1296 1682 1338 “‚

947 1344 1074 1388 inquit
1090 1343 1266 1385 Mulvius,
1294 1355 1373 1386 „me
1400 1355 1422 1377 a
1438 1347 1475 1377 te
1492 1343 1682 1377 nominari

947 1392 1177 1433 imbecillum,
1206 1391 1450 1436 cupidinibus
1476 1390 1683 1425 obnoxium

949 1441 986 1472 et
1019 1439 1140 1482 turpis
1166 1439 1231 1472 otii
1265 1441 1523 1482 appetentem3
1557 1438 1682 1480 etiam,

949 1486 979 1519 si
1004 1486 1082 1528 vis,
1115 1485 1248 1530 peiora
1273 1485 1387 1527 adde,
1422 1496 1504 1520 esse
1529 1496 1587 1519 me
1613 1486 1681 1519 ho-

947 1532 1086 1567 minem
1125 1543 1307 1577 nequam,
1351 1533 1417 1577 qui
1456 1543 1602 1576 semper
1640 1533 1681 1566 in

947 1580 1097 1624 popinis
1116 1582 1297 1614 versetur.
1303 1580 1320 1597 “
1346 1579 1501 1622 (Forma)
1518 1583 1555 1614 et
1570 1582 1683 1613 uncta

944 1629 1083 1668 popina
1116 1628 1328 1673 iunguntur
1354 1626 1447 1671 Epp.
1477 1629 1507 1670 1,
1535 1629 1599 1669 14,
1625 1626 1686 1661 21.

947 1677 990 1707 ut
1015 1675 1088 1708 loci
1115 1685 1235 1718 aeque
1268 1674 1488 1716 inhonesti.)
1538 1674 1681 1707 Verum

948 1731 1030 1754 cum
1058 1724 1099 1754 tu
1125 1721 1254 1755 eodem
1272 1721 1382 1765 gulae
1401 1720 1489 1754 vitio
1517 1721 1682 1755 tenearis

947 1771 986 1801 et
1003 1768 1054 1802 sis
1072 1768 1231 1802 fortasse
1248 1779 1306 1801 me
1321 1768 1495 1812 nequior,
1513 1778 1581 1802 our
1600 1770 1682 1802 tan-

947 1815 1030 1848 dem
1048 1817 1158 1858 ultro,
1177 1826 1200 1849 a
1216 1825 1274 1848 me
1292 1825 1368 1848 non
1387 1815 1597 1857 lacessitus,
1615 1815 1682 1849 sed

948 1862 1056 1906 quasi
1074 1864 1138 1896 tuo
1157 1862 1241 1896 iure
1258 1862 1415 1906 insuper
1432 1862 1525 1896 mihi
1541 1862 1683 1907 probra

946 1910 1135 1954 ingeris?“
1157 1929 1200 1933 —
1218 1909 1330 1952 iners]
1357 1909 1418 1943 Sic
1434 1909 1595 1943 Lueiani
1611 1909 1682 1944 Pa-

946 1956 1085 1990 rasitus
1105 1956 1144 1990 O.
1166 1959 1196 1990 1.
1223 1956 1341 1991 libere
1365 1956 1503 1990 fatetur
1529 1967 1568 1991 se
1595 1957 1682 1990 nul-

946 2004 1020 2037 lam
1039 2006 1168 2046 artem,
1195 2004 1257 2037 cui
1276 2003 1427 2048 quidem
1446 2004 1680 2038 consuetudo

945 2051 1018 2085 hoc
1045 2062 1182 2085 nomen
1209 2051 1367 2092 tribuat,
1399 2051 1557 2094 callere,
1582 2050 1681 2084 nihi-

945 2098 1109 2132 lominus
1134 2109 1311 2143 magnum
1329 2109 1368 2132 se
1393 2108 1475 2132 esse
1501 2098 1679 2132 artificem

947 2155 1126 2180 cenarum
1160 2146 1232 2180 rite
1267 2145 1550 2190 captandarum.
1579 2146 1681 2178 -—·si

946 2194 1034 2233 quid
1045 2193 1114 2235 vis]
1127 2193 1224 2227 Male
1243 2193 1332 2226 olim
1350 2192 1512 2227 edebant
1527 2194 1560 2226 si
1576 2194 1680 2233 quid-

944 2242 1007 2273 vis.
1043 2239 1119 2273 Cic.
1146 2239 1193 2274 ad
1218 2239 1294 2273 Att.
1321 2242 1354 2282 7,
1380 2241 1412 2282 2,
1440 2243 1484 2274 3:
1510 2241 1680 2273 Tironem

947 2288 1065 2320 Patris
1083 2296 1234 2328 aearum
1250 2288 1387 2328 reliqui
1403 2288 1678 2329 adolescentem,

944 2337 984 2367 ul
1022 2336 1139 2377 nosti,
1183 2337 1216 2368 el
1258 2335 1373 2377 adde,
1413 2335 1446 2367 si
1485 2335 1573 2374 quid
1612 2334 1677 2376 vis,

943 2383 1109 2423 probum.

994 2476 1130 2509 40-45.
1163 2476 1280 2507 verbis
1306 2475 1466 2518 decoris]
1494 2473 1611 2517 „Cum
1636 2477 1677 2508 tu

945 2523 1040 2556 dicis
1066 2522 1232 2557 amicitia
1257 2524 1292 2556 te
1326 2521 1433 2564 duci,
1465 2522 1539 2556 hoc
1564 2522 1677 2556 obvo-

945 2570 1050 2604 lucro
1083 2579 1175 2604 usus
1201 2572 1237 2602 te
1262 2570 1470 2613 parasitum
1502 2579 1585 2603 esse
1610 2578 1678 2602 ne-

945 2617 1050 2662 gabis
1060 2617 1098 2649 ?“
1139 2635 1181 2640 —
1223 2617 1338 2659 Quid,
1373 2618 1406 2650 si
1443 2615 1534 2658 cet.]
1576 2615 1677 2649 Hinc

946 2674 1066 2708 usque
1093 2663 1140 2698 ad
1166 2674 1199 2696 v.
1226 2665 1283 2697 45.
1308 2663 1435 2697 Davus
1453 2663 1499 2697 de
1527 2673 1566 2696 se
1592 2662 1676 2707 ipso

944 2711 1017 2745 iam
1060 2711 1246 2755 loquitur3
1295 2710 1359 2745 sed
1409 2709 1556 2744 occulta
1595 2711 1676 2744 arte

944 2758 1048 2792 vafer
1075 2769 1204 2792 servus
1231 2758 1270 2791 in
1295 2758 1388 2791 haec
1412 2756 1612 2791 delabitur.
1631 2775 1673 2780 -—
