<?xml version="1.0" encoding="UTF-8"?>
<!DOCTYPE html PUBLIC "-//W3C//DTD XHTML 1.0 Transitional//EN"
    "http://www.w3.org/TR/xhtml1/DTD/xhtml1-transitional.dtd">
<html xmlns="http://www.w3.org/1999/xhtml" xml:lang="en" lang="en">
 <head>
  <title>
</title>
<meta http-equiv="Content-Type" content="text/html;charset=utf-8" />
  <meta name='ocr-system' content='tesseract 3.04.00' />
  <meta name='ocr-capabilities' content='ocr_page ocr_carea ocr_par ocr_line ocrx_word'/>
</head>
<body>
  <div class='ocr_page' id='page_1' title='image "./qhoratiusflaccus00horauoft_0431.png"; bbox 0 0 1774 2930; ppageno 0'>
   <div class='ocr_carea' id='block_1_1' title="bbox 641 118 1059 178">
    <p class='ocr_par' dir='ltr' id='par_1_1' title="bbox 641 118 1059 178">
     <span class='ocr_line' id='line_1_1' title="bbox 641 118 1059 178; baseline -0.012 0"><span class='ocrx_word' id='word_1_1' title='bbox 641 118 735 178; x_wconf 71' lang='lat' dir='ltr'>Lis.</span> <span class='ocrx_word' id='word_1_2' title='bbox 757 142 807 177; x_wconf 84' lang='lat'>11.</span> <span class='ocrx_word' id='word_1_3' title='bbox 854 139 1007 175; x_wconf 67' lang='lat' dir='ltr'>Emer.</span> <span class='ocrx_word' id='word_1_4' title='bbox 1027 139 1059 174; x_wconf 88' lang='lat'>1.</span> 
     </span>
    </p>
   </div>
   <div class='ocr_carea' id='block_1_2' title="bbox 1518 134 1606 176">
    <p class='ocr_par' dir='ltr' id='par_1_2' title="bbox 1518 134 1606 176">
     <span class='ocr_line' id='line_1_2' title="bbox 1518 134 1606 176; baseline -0.011 0"><span class='ocrx_word' id='word_1_5' title='bbox 1518 134 1606 176; x_wconf 87' lang='lat'>423</span> 
     </span>
    </p>
   </div>
   <div class='ocr_carea' id='block_1_3' title="bbox 217 242 1534 512">
    <p class='ocr_par' dir='ltr' id='par_1_3' title="bbox 217 242 1534 512">
     <span class='ocr_line' id='line_1_3' title="bbox 217 242 1245 299; baseline -0.012 -7"><span class='ocrx_word' id='word_1_6' title='bbox 217 247 361 292; x_wconf 85' lang='lat' dir='ltr'><strong>Dente</strong></span> <span class='ocrx_word' id='word_1_7' title='bbox 390 245 602 299; x_wconf 81' lang='lat' dir='ltr'>lacessiti3</span> <span class='ocrx_word' id='word_1_8' title='bbox 633 243 714 286; x_wconf 83' lang='lat' dir='ltr'>fuit</span> <span class='ocrx_word' id='word_1_9' title='bbox 743 242 914 285; x_wconf 79' lang='lat' dir='ltr'>intactis</span> <span class='ocrx_word' id='word_1_10' title='bbox 946 253 1114 297; x_wconf 93' lang='lat' dir='ltr'>quoque</span> <span class='ocrx_word' id='word_1_11' title='bbox 1144 252 1245 281; x_wconf 87' lang='lat' dir='ltr'>cura</span> 
     </span>
     <span class='ocr_line' id='line_1_4' title="bbox 220 309 1304 372; baseline -0.011 -10"><span class='ocrx_word' id='word_1_12' title='bbox 220 318 480 362; x_wconf 89' lang='lat' dir='ltr'>Condicione</span> <span class='ocrx_word' id='word_1_13' title='bbox 511 330 639 372; x_wconf 86' lang='lat' dir='ltr'>super</span> <span class='ocrx_word' id='word_1_14' title='bbox 670 313 907 367; x_wconf 88' lang='lat' dir='ltr'>communi;</span> <span class='ocrx_word' id='word_1_15' title='bbox 940 311 1042 367; x_wconf 91' lang='lat' dir='ltr'>quin</span> <span class='ocrx_word' id='word_1_16' title='bbox 1073 310 1203 352; x_wconf 90' lang='lat' dir='ltr'>etiam</span> <span class='ocrx_word' id='word_1_17' title='bbox 1231 309 1304 351; x_wconf 83' lang='lat' dir='ltr'>lex</span> 
     </span>
     <span class='ocr_line' id='line_1_5' title="bbox 218 381 1534 445; baseline -0.011 -12"><span class='ocrx_word' id='word_1_18' title='bbox 218 390 450 445; x_wconf 88' lang='lat' dir='ltr'>Poenaque</span> <span class='ocrx_word' id='word_1_19' title='bbox 478 388 585 440; x_wconf 87' lang='lat' dir='ltr'>lata,</span> <span class='ocrx_word' id='word_1_20' title='bbox 616 386 729 428; x_wconf 91' lang='lat' dir='ltr'>malo</span> <span class='ocrx_word' id='word_1_21' title='bbox 761 397 869 440; x_wconf 90' lang='lat' dir='ltr'>quae</span> <span class='ocrx_word' id='word_1_22' title='bbox 898 382 1031 424; x_wconf 91' lang='lat' dir='ltr'>nollet</span> <span class='ocrx_word' id='word_1_23' title='bbox 1061 381 1247 423; x_wconf 81' lang='lat' dir='ltr'>carmine</span> <span class='ocrx_word' id='word_1_24' title='bbox 1278 391 1534 435; x_wconf 78' lang='lat' dir='ltr'><strong>quemquam</strong></span> 
     </span>
     <span class='ocr_line' id='line_1_6' title="bbox 219 451 1278 512; baseline -0.01 -9"><span class='ocrx_word' id='word_1_25' title='bbox 219 459 442 512; x_wconf 78' lang='lat' dir='ltr'>Describi3</span> <span class='ocrx_word' id='word_1_26' title='bbox 473 462 641 500; x_wconf 83' lang='lat' dir='ltr'>vertere</span> <span class='ocrx_word' id='word_1_27' title='bbox 672 455 864 507; x_wconf 87' lang='lat' dir='ltr'>modum,</span> <span class='ocrx_word' id='word_1_28' title='bbox 896 452 1120 495; x_wconf 86' lang='lat' dir='ltr'>formidine</span> <span class='ocrx_word' id='word_1_29' title='bbox 1152 451 1278 493; x_wconf 86' lang='lat' dir='ltr'>fustis</span> 
     </span>
    </p>
   </div>
   <div class='ocr_carea' id='block_1_4' title="bbox 221 521 1302 579">
    <p class='ocr_par' dir='ltr' id='par_1_4' title="bbox 221 521 1302 579">
     <span class='ocr_line' id='line_1_7' title="bbox 221 521 1302 579; baseline -0.01 -5"><span class='ocrx_word' id='word_1_30' title='bbox 221 531 292 573; x_wconf 87' lang='lat' dir='ltr'>Ad</span> <span class='ocrx_word' id='word_1_31' title='bbox 320 530 432 573; x_wconf 93' lang='lat' dir='ltr'>bene</span> <span class='ocrx_word' id='word_1_32' title='bbox 463 527 689 571; x_wconf 92' lang='lat' dir='ltr'>dicendum</span> <span class='ocrx_word' id='word_1_33' title='bbox 718 524 1097 579; x_wconf 78' lang='lat' dir='ltr'>delectandumque</span> <span class='ocrx_word' id='word_1_34' title='bbox 1128 521 1302 565; x_wconf 86' lang='lat' dir='ltr'>redacti.</span> 
     </span>
    </p>
   </div>
   <div class='ocr_carea' id='block_1_5' title="bbox 1527 519 1608 560">
    <p class='ocr_par' dir='ltr' id='par_1_5' title="bbox 1527 519 1608 560">
     <span class='ocr_line' id='line_1_8' title="bbox 1527 519 1608 560; baseline 0 0"><span class='ocrx_word' id='word_1_35' title='bbox 1527 519 1608 560; x_wconf 88' lang='lat'>155</span> 
     </span>
    </p>
   </div>
   <div class='ocr_carea' id='block_1_6' title="bbox 223 595 1324 656">
    <p class='ocr_par' dir='ltr' id='par_1_6' title="bbox 223 595 1324 656">
     <span class='ocr_line' id='line_1_9' title="bbox 223 595 1324 656; baseline -0.01 -12"><span class='ocrx_word' id='word_1_36' title='bbox 223 601 405 644; x_wconf 77' lang='lat' dir='ltr'>Graecia</span> <span class='ocrx_word' id='word_1_37' title='bbox 436 603 562 656; x_wconf 90' lang='lat' dir='ltr'>capta</span> <span class='ocrx_word' id='word_1_38' title='bbox 590 597 728 646; x_wconf 85' lang='lat' dir='ltr'>ferum</span> <span class='ocrx_word' id='word_1_39' title='bbox 757 597 973 639; x_wconf 14' lang='lat' dir='ltr'>victorem.</span> <span class='ocrx_word' id='word_1_40' title='bbox 993 595 1106 651; x_wconf 80' lang='lat' dir='ltr'>cepit</span> <span class='ocrx_word' id='word_1_41' title='bbox 1138 598 1179 636; x_wconf 89' lang='lat' dir='ltr'>et</span> <span class='ocrx_word' id='word_1_42' title='bbox 1211 597 1324 635; x_wconf 85' lang='lat' dir='ltr'>artes</span> 
     </span>
    </p>
   </div>
   <div class='ocr_carea' id='block_1_7' title="bbox 203 728 1291 780">
    <p class='ocr_par' dir='ltr' id='par_1_7' title="bbox 203 728 1291 780">
     <span class='ocr_line' id='line_1_10' title="bbox 203 728 1291 780; baseline -0.008 -9"><span class='ocrx_word' id='word_1_43' title='bbox 203 738 281 771; x_wconf 85' lang='lat'>153.</span> <span class='ocrx_word' id='word_1_44' title='bbox 307 739 396 770; x_wconf 79' lang='lat' dir='ltr'>nala</span> <span class='ocrx_word' id='word_1_45' title='bbox 419 746 477 780; x_wconf 86' lang='lat' dir='ltr'>pr.</span> <span class='ocrx_word' id='word_1_46' title='bbox 501 734 570 778; x_wconf 81' lang='grc' dir='ltr'>ΕΙ),</span> <span class='ocrx_word' id='word_1_47' title='bbox 595 734 762 778; x_wconf 82' lang='lat' dir='ltr'>quinque</span> <span class='ocrx_word' id='word_1_48' title='bbox 786 730 971 773; x_wconf 90' lang='lat' dir='ltr'>Pottierii,</span> <span class='ocrx_word' id='word_1_49' title='bbox 995 733 1071 764; x_wconf 89' lang='lat' dir='ltr'>tres</span> <span class='ocrx_word' id='word_1_50' title='bbox 1098 728 1291 764; x_wconf 87' lang='lat' dir='ltr'>Schmidii.</span> 
     </span>
    </p>
   </div>
   <div class='ocr_carea' id='block_1_8' title="bbox 112 844 846 2063">
    <p class='ocr_par' dir='ltr' id='par_1_8' title="bbox 112 844 846 2063">
     <span class='ocr_line' id='line_1_11' title="bbox 113 844 835 892; baseline -0.008 -9"><span class='ocrx_word' id='word_1_51' title='bbox 113 849 255 884; x_wconf 78' lang='lat' dir='ltr'>tabulas</span> <span class='ocrx_word' id='word_1_52' title='bbox 293 847 414 892; x_wconf 90' lang='lat' dir='ltr'>capite</span> <span class='ocrx_word' id='word_1_53' title='bbox 453 847 637 887; x_wconf 80' lang='lat' dir='ltr'>sanxisse,</span> <span class='ocrx_word' id='word_1_54' title='bbox 677 844 709 879; x_wconf 87' lang='lat' dir='ltr'>si</span> <span class='ocrx_word' id='word_1_55' title='bbox 751 844 835 888; x_wconf 87' lang='lat' dir='ltr'>quis</span> 
     </span>
     <span class='ocr_line' id='line_1_12' title="bbox 113 892 836 937; baseline -0.008 -7"><span class='ocrx_word' id='word_1_56' title='bbox 113 906 259 930; x_wconf 71' lang='lat' dir='ltr'>carmen</span> <span class='ocrx_word' id='word_1_57' title='bbox 273 893 515 937; x_wconf 78' lang='lat' dir='ltr'>condidisset,</span> <span class='ocrx_word' id='word_1_58' title='bbox 532 893 633 937; x_wconf 89' lang='lat' dir='ltr'>quod</span> <span class='ocrx_word' id='word_1_59' title='bbox 646 892 836 926; x_wconf 85' lang='lat' dir='ltr'>infamiam</span> 
     </span>
     <span class='ocr_line' id='line_1_13' title="bbox 112 939 837 984; baseline -0.007 -7"><span class='ocrx_word' id='word_1_60' title='bbox 112 942 251 977; x_wconf 80' lang='lat' dir='ltr'>faceret</span> <span class='ocrx_word' id='word_1_61' title='bbox 285 942 414 983; x_wconf 86' lang='lat' dir='ltr'>alteri,</span> <span class='ocrx_word' id='word_1_62' title='bbox 451 951 496 974; x_wconf 84' lang='lat' dir='ltr'>ex</span> <span class='ocrx_word' id='word_1_63' title='bbox 530 941 601 974; x_wconf 86' lang='lat' dir='ltr'>hac</span> <span class='ocrx_word' id='word_1_64' title='bbox 635 940 717 984; x_wconf 89' lang='lat' dir='ltr'>lege</span> <span class='ocrx_word' id='word_1_65' title='bbox 754 939 837 983; x_wconf 89' lang='lat' dir='ltr'>ipsa</span> 
     </span>
     <span class='ocr_line' id='line_1_14' title="bbox 114 986 837 1035; baseline -0.008 -11"><span class='ocrx_word' id='word_1_66' title='bbox 114 990 274 1035; x_wconf 81' lang='lat' dir='ltr'>collegit,</span> <span class='ocrx_word' id='word_1_67' title='bbox 302 989 405 1023; x_wconf 83' lang='lat' dir='ltr'>iocos</span> <span class='ocrx_word' id='word_1_68' title='bbox 430 987 517 1021; x_wconf 84' lang='lat' dir='ltr'>illos</span> <span class='ocrx_word' id='word_1_69' title='bbox 540 987 701 1031; x_wconf 90' lang='lat' dir='ltr'>primum</span> <span class='ocrx_word' id='word_1_70' title='bbox 728 986 837 1019; x_wconf 89' lang='lat' dir='ltr'>inno-</span> 
     </span>
     <span class='ocr_line' id='line_1_15' title="bbox 113 1034 836 1081; baseline -0.007 -10"><span class='ocrx_word' id='word_1_71' title='bbox 113 1038 237 1071; x_wconf 80' lang='lat' dir='ltr'>centes</span> <span class='ocrx_word' id='word_1_72' title='bbox 260 1035 440 1081; x_wconf 75' lang='lat' dir='ltr'>paulatim</span> <span class='ocrx_word' id='word_1_73' title='bbox 457 1034 706 1079; x_wconf 80' lang='lat' dir='ltr'>degenerasse</span> <span class='ocrx_word' id='word_1_74' title='bbox 723 1035 836 1077; x_wconf 86' lang='lat' dir='ltr'>atque</span> 
     </span>
     <span class='ocr_line' id='line_1_16' title="bbox 113 1080 836 1122; baseline -0.006 -5"><span class='ocrx_word' id='word_1_75' title='bbox 113 1092 312 1117; x_wconf 79' lang='lat' dir='ltr'>conversos</span> <span class='ocrx_word' id='word_1_76' title='bbox 336 1092 418 1116; x_wconf 85' lang='lat' dir='ltr'>esse</span> <span class='ocrx_word' id='word_1_77' title='bbox 435 1081 476 1115; x_wconf 90' lang='lat' dir='ltr'>in</span> <span class='ocrx_word' id='word_1_78' title='bbox 497 1081 640 1115; x_wconf 84' lang='lat' dir='ltr'>famosa</span> <span class='ocrx_word' id='word_1_79' title='bbox 657 1080 836 1122; x_wconf 90' lang='lat' dir='ltr'>carmina,</span> 
     </span>
     <span class='ocr_line' id='line_1_17' title="bbox 113 1126 836 1175; baseline -0.007 -11"><span class='ocrx_word' id='word_1_80' title='bbox 113 1129 247 1175; x_wconf 86' lang='lat' dir='ltr'>quibus</span> <span class='ocrx_word' id='word_1_81' title='bbox 278 1128 450 1164; x_wconf 85' lang='lat' dir='ltr'>homines</span> <span class='ocrx_word' id='word_1_82' title='bbox 482 1128 632 1162; x_wconf 86' lang='lat' dir='ltr'>honesti</span> <span class='ocrx_word' id='word_1_83' title='bbox 661 1138 705 1162; x_wconf 89' lang='lat' dir='ltr'>ac</span> <span class='ocrx_word' id='word_1_84' title='bbox 730 1126 836 1160; x_wconf 90' lang='lat' dir='ltr'>nobi-</span> 
     </span>
     <span class='ocr_line' id='line_1_18' title="bbox 112 1175 837 1219; baseline -0.004 -9"><span class='ocrx_word' id='word_1_85' title='bbox 112 1177 168 1211; x_wconf 88' lang='lat' dir='ltr'>les</span> <span class='ocrx_word' id='word_1_86' title='bbox 192 1177 372 1212; x_wconf 84' lang='lat' dir='ltr'>acerrime</span> <span class='ocrx_word' id='word_1_87' title='bbox 404 1175 497 1210; x_wconf 88' lang='lat' dir='ltr'>laesi</span> <span class='ocrx_word' id='word_1_88' title='bbox 523 1176 618 1218; x_wconf 81' lang='lat' dir='ltr'>sint3</span> <span class='ocrx_word' id='word_1_89' title='bbox 652 1175 699 1209; x_wconf 94' lang='lat' dir='ltr'>ob</span> <span class='ocrx_word' id='word_1_90' title='bbox 727 1185 837 1219; x_wconf 86' lang='lat' dir='ltr'>quam</span> 
     </span>
     <span class='ocr_line' id='line_1_19' title="bbox 112 1221 838 1258; baseline -0.004 0"><span class='ocrx_word' id='word_1_91' title='bbox 112 1223 385 1258; x_wconf 85' lang='lat' dir='ltr'>intolerabilem</span> <span class='ocrx_word' id='word_1_92' title='bbox 426 1223 615 1257; x_wconf 83' lang='lat' dir='ltr'>licentiam</span> <span class='ocrx_word' id='word_1_93' title='bbox 655 1222 730 1256; x_wconf 89' lang='lat' dir='ltr'>iam</span> <span class='ocrx_word' id='word_1_94' title='bbox 766 1221 838 1255; x_wconf 89' lang='lat' dir='ltr'>De-</span> 
     </span>
     <span class='ocr_line' id='line_1_20' title="bbox 114 1270 838 1313; baseline -0.004 -8"><span class='ocrx_word' id='word_1_95' title='bbox 114 1271 286 1305; x_wconf 78' lang='lat' dir='ltr'>cemviris</span> <span class='ocrx_word' id='word_1_96' title='bbox 311 1271 359 1313; x_wconf 86' lang='lat' dir='ltr'>(a.</span> <span class='ocrx_word' id='word_1_97' title='bbox 379 1281 414 1303; x_wconf 88' lang='lat' dir='ltr'>u.</span> <span class='ocrx_word' id='word_1_98' title='bbox 432 1280 462 1303; x_wconf 93' lang='lat' dir='ltr'>c.</span> <span class='ocrx_word' id='word_1_99' title='bbox 489 1270 586 1311; x_wconf 85' lang='lat'>303.)</span> <span class='ocrx_word' id='word_1_100' title='bbox 610 1270 730 1302; x_wconf 78' lang='lat' dir='ltr'>visum</span> <span class='ocrx_word' id='word_1_101' title='bbox 756 1278 838 1302; x_wconf 91' lang='lat' dir='ltr'>esse</span> 
     </span>
     <span class='ocr_line' id='line_1_21' title="bbox 114 1315 838 1361; baseline -0.004 -10"><span class='ocrx_word' id='word_1_102' title='bbox 114 1317 289 1351; x_wconf 80' lang='lat' dir='ltr'>fustuarii</span> <span class='ocrx_word' id='word_1_103' title='bbox 328 1327 486 1361; x_wconf 91' lang='lat' dir='ltr'>poenam</span> <span class='ocrx_word' id='word_1_104' title='bbox 528 1316 758 1350; x_wconf 82' lang='lat' dir='ltr'>constituere</span> <span class='ocrx_word' id='word_1_105' title='bbox 799 1315 838 1347; x_wconf 90' lang='lat' dir='ltr'>in</span> 
     </span>
     <span class='ocr_line' id='line_1_22' title="bbox 116 1362 840 1408; baseline -0.004 -10"><span class='ocrx_word' id='word_1_106' title='bbox 116 1374 197 1406; x_wconf 88' lang='lat' dir='ltr'>eos,</span> <span class='ocrx_word' id='word_1_107' title='bbox 221 1363 288 1408; x_wconf 88' lang='lat' dir='ltr'>qui</span> <span class='ocrx_word' id='word_1_108' title='bbox 313 1364 412 1397; x_wconf 83' lang='lat' dir='ltr'>cives</span> <span class='ocrx_word' id='word_1_109' title='bbox 437 1363 694 1397; x_wconf 85' lang='lat' dir='ltr'>infamassent.</span> <span class='ocrx_word' id='word_1_110' title='bbox 736 1362 840 1404; x_wconf 90' lang='lat' dir='ltr'>(Pri-</span> 
     </span>
     <span class='ocr_line' id='line_1_23' title="bbox 116 1409 839 1452; baseline -0.004 -7"><span class='ocrx_word' id='word_1_111' title='bbox 116 1411 256 1445; x_wconf 82' lang='lat' dir='ltr'>marius</span> <span class='ocrx_word' id='word_1_112' title='bbox 274 1413 331 1444; x_wconf 86' lang='lat' dir='ltr'>est</span> <span class='ocrx_word' id='word_1_113' title='bbox 348 1409 541 1444; x_wconf 85' lang='lat' dir='ltr'>Ciceronis</span> <span class='ocrx_word' id='word_1_114' title='bbox 562 1410 667 1443; x_wconf 85' lang='lat' dir='ltr'>locus</span> <span class='ocrx_word' id='word_1_115' title='bbox 684 1409 731 1443; x_wconf 89' lang='lat' dir='ltr'>de</span> <span class='ocrx_word' id='word_1_116' title='bbox 747 1409 839 1452; x_wconf 84' lang='lat' dir='ltr'>Rep.</span> 
     </span>
     <span class='ocr_line' id='line_1_24' title="bbox 115 1456 840 1502; baseline -0.003 -11"><span class='ocrx_word' id='word_1_117' title='bbox 115 1457 159 1491; x_wconf 85' lang='lat' dir='ltr'>L.</span> <span class='ocrx_word' id='word_1_118' title='bbox 192 1460 224 1491; x_wconf 81' lang='lat'>4.</span> <span class='ocrx_word' id='word_1_119' title='bbox 258 1458 305 1492; x_wconf 92' lang='lat' dir='ltr'>ab</span> <span class='ocrx_word' id='word_1_120' title='bbox 336 1457 549 1502; x_wconf 78' lang='lat' dir='ltr'>Augustino</span> <span class='ocrx_word' id='word_1_121' title='bbox 583 1456 629 1502; x_wconf 82' lang='lat' dir='ltr'>de</span> <span class='ocrx_word' id='word_1_122' title='bbox 663 1456 703 1490; x_wconf 88' lang='lat' dir='ltr'>C.</span> <span class='ocrx_word' id='word_1_123' title='bbox 735 1456 781 1489; x_wconf 91' lang='lat' dir='ltr'>D.</span> <span class='ocrx_word' id='word_1_124' title='bbox 808 1458 840 1498; x_wconf 88' lang='lat'>2,</span> 
     </span>
     <span class='ocr_line' id='line_1_25' title="bbox 118 1502 840 1546; baseline -0.004 -7"><span class='ocrx_word' id='word_1_125' title='bbox 118 1506 152 1538; x_wconf 86' lang='grc'>9.</span> <span class='ocrx_word' id='word_1_126' title='bbox 178 1508 365 1546; x_wconf 85' lang='lat' dir='ltr'>servatus,</span> <span class='ocrx_word' id='word_1_127' title='bbox 394 1514 476 1538; x_wconf 87' lang='lat' dir='ltr'>mea</span> <span class='ocrx_word' id='word_1_128' title='bbox 501 1504 540 1537; x_wconf 93' lang='lat' dir='ltr'>in</span> <span class='ocrx_word' id='word_1_129' title='bbox 566 1503 731 1537; x_wconf 86' lang='lat' dir='ltr'>editione</span> <span class='ocrx_word' id='word_1_130' title='bbox 756 1502 840 1536; x_wconf 84' lang='lat' dir='ltr'>Vol.</span> 
     </span>
     <span class='ocr_line' id='line_1_26' title="bbox 115 1550 843 1595; baseline -0.003 -10"><span class='ocrx_word' id='word_1_131' title='bbox 115 1550 181 1585; x_wconf 77' lang='lat' dir='ltr'>IV.</span> <span class='ocrx_word' id='word_1_132' title='bbox 215 1551 256 1585; x_wconf 91' lang='lat' dir='ltr'>P.</span> <span class='ocrx_word' id='word_1_133' title='bbox 281 1551 311 1585; x_wconf 90' lang='grc' dir='ltr'>Ι.</span> <span class='ocrx_word' id='word_1_134' title='bbox 342 1562 379 1595; x_wconf 87' lang='lat' dir='ltr'>p.</span> <span class='ocrx_word' id='word_1_135' title='bbox 403 1553 490 1584; x_wconf 85' lang='lat'><strong>476:</strong></span> <span class='ocrx_word' id='word_1_136' title='bbox 528 1552 683 1584; x_wconf 74' lang='lat' dir='ltr'>Nostrae</span> <span class='ocrx_word' id='word_1_137' title='bbox 715 1553 843 1583; x_wconf 78' lang='lat' dir='ltr'>contra</span> 
     </span>
     <span class='ocr_line' id='line_1_27' title="bbox 117 1599 843 1639; baseline -0.003 -7"><span class='ocrx_word' id='word_1_138' title='bbox 117 1599 304 1632; x_wconf 69' lang='lat' dir='ltr'>duodecim</span> <span class='ocrx_word' id='word_1_139' title='bbox 328 1599 506 1639; x_wconf 79' lang='lat' dir='ltr'>Tabulae,</span> <span class='ocrx_word' id='word_1_140' title='bbox 532 1606 613 1631; x_wconf 83' lang='lat' dir='ltr'>cum</span> <span class='ocrx_word' id='word_1_141' title='bbox 633 1606 843 1638; x_wconf 81' lang='lat' dir='ltr'>perpaucas</span> 
     </span>
     <span class='ocr_line' id='line_1_28' title="bbox 116 1646 844 1687; baseline -0.003 -8"><span class='ocrx_word' id='word_1_142' title='bbox 116 1653 174 1679; x_wconf 72' lang='lat' dir='ltr'>res</span> <span class='ocrx_word' id='word_1_143' title='bbox 207 1646 322 1687; x_wconf 69' lang='lat' dir='ltr'>capue</span> <span class='ocrx_word' id='word_1_144' title='bbox 353 1646 576 1687; x_wconf 66' lang='lat' dir='ltr'>sanxissent,</span> <span class='ocrx_word' id='word_1_145' title='bbox 607 1646 648 1677; x_wconf 87' lang='lat' dir='ltr'>in</span> <span class='ocrx_word' id='word_1_146' title='bbox 671 1646 726 1677; x_wconf 75' lang='lat' dir='ltr'>his</span> <span class='ocrx_word' id='word_1_147' title='bbox 750 1646 844 1677; x_wconf 79' lang='lat' dir='ltr'>hanc</span> 
     </span>
     <span class='ocr_line' id='line_1_29' title="bbox 117 1693 842 1734; baseline -0.003 -8"><span class='ocrx_word' id='word_1_148' title='bbox 117 1701 260 1734; x_wconf 69' lang='lat' dir='ltr'>quoquc</span> <span class='ocrx_word' id='word_1_149' title='bbox 290 1693 524 1726; x_wconf 75' lang='lat' dir='ltr'>sanciendam</span> <span class='ocrx_word' id='word_1_150' title='bbox 554 1694 775 1733; x_wconf 74' lang='lat' dir='ltr'>putaverunt</span> <span class='ocrx_word' id='word_1_151' title='bbox 808 1699 842 1724; x_wconf 82' lang='lat' dir='ltr'>sl</span> 
     </span>
     <span class='ocr_line' id='line_1_30' title="bbox 117 1740 845 1780; baseline -0.001 -8"><span class='ocrx_word' id='word_1_152' title='bbox 117 1746 204 1777; x_wconf 76' lang='lat' dir='ltr'>Qvls</span> <span class='ocrx_word' id='word_1_153' title='bbox 229 1746 560 1780; x_wconf 71' lang='lat' dir='ltr'>OCCEXTAVISSET,</span> <span class='ocrx_word' id='word_1_154' title='bbox 592 1740 666 1771; x_wconf 79' lang='lat' dir='ltr'>sive</span> <span class='ocrx_word' id='word_1_155' title='bbox 695 1747 845 1772; x_wconf 76' lang='lat' dir='ltr'>carmen</span> 
     </span>
     <span class='ocr_line' id='line_1_31' title="bbox 117 1787 844 1828; baseline -0.001 -9"><span class='ocrx_word' id='word_1_156' title='bbox 117 1787 350 1828; x_wconf 67' lang='lat' dir='ltr'>condidisset,</span> <span class='ocrx_word' id='word_1_157' title='bbox 388 1787 484 1827; x_wconf 80' lang='lat' dir='ltr'>quod</span> <span class='ocrx_word' id='word_1_158' title='bbox 519 1787 714 1827; x_wconf 77' lang='lat' dir='ltr'>infamiam</span> <span class='ocrx_word' id='word_1_159' title='bbox 745 1787 844 1827; x_wconf 79' lang='lat' dir='ltr'>sace-</span> 
     </span>
     <span class='ocr_line' id='line_1_32' title="bbox 115 1832 843 1875; baseline 0 -9"><span class='ocrx_word' id='word_1_160' title='bbox 115 1835 173 1866; x_wconf 76' lang='lat' dir='ltr'>rct</span> <span class='ocrx_word' id='word_1_161' title='bbox 213 1834 437 1875; x_wconf 71' lang='lat' dir='ltr'>uaquiumvc</span> <span class='ocrx_word' id='word_1_162' title='bbox 473 1834 603 1873; x_wconf 61' lang='lat' dir='ltr'>altem</span> <span class='ocrx_word' id='word_1_163' title='bbox 644 1833 710 1866; x_wconf 90' lang='lat' dir='ltr'>ubi</span> <span class='ocrx_word' id='word_1_164' title='bbox 753 1832 843 1866; x_wconf 90' lang='lat' dir='ltr'>Cod.</span> 
     </span>
     <span class='ocr_line' id='line_1_33' title="bbox 119 1878 844 1924; baseline 0 -11"><span class='ocrx_word' id='word_1_165' title='bbox 119 1878 357 1914; x_wconf 86' lang='lat' dir='ltr'>Corbeiensis</span> <span class='ocrx_word' id='word_1_166' title='bbox 397 1880 598 1924; x_wconf 83' lang='lat' dir='ltr'>antiquiss.</span> <span class='ocrx_word' id='word_1_167' title='bbox 639 1880 764 1924; x_wconf 87' lang='lat' dir='ltr'>glossa</span> <span class='ocrx_word' id='word_1_168' title='bbox 803 1880 844 1913; x_wconf 93' lang='lat' dir='ltr'>in</span> 
     </span>
     <span class='ocr_line' id='line_1_34' title="bbox 116 1925 843 1972; baseline 0.001 -13"><span class='ocrx_word' id='word_1_169' title='bbox 116 1925 288 1960; x_wconf 75' lang='lat' dir='ltr'>Dfibneri</span> <span class='ocrx_word' id='word_1_170' title='bbox 343 1925 412 1959; x_wconf 86' lang='lat' dir='ltr'>Ed.</span> <span class='ocrx_word' id='word_1_171' title='bbox 469 1927 671 1972; x_wconf 83' lang='lat' dir='ltr'>Augustini</span> <span class='ocrx_word' id='word_1_172' title='bbox 724 1927 843 1960; x_wconf 88' lang='lat' dir='ltr'>Paris.</span> 
     </span>
     <span class='ocr_line' id='line_1_35' title="bbox 121 1974 844 2015; baseline 0.001 -9"><span class='ocrx_word' id='word_1_173' title='bbox 121 1974 244 2006; x_wconf 83' lang='lat'>1838.:</span> <span class='ocrx_word' id='word_1_174' title='bbox 272 1974 493 2015; x_wconf 76' lang='lat' dir='ltr'>„occentarc</span> <span class='ocrx_word' id='word_1_175' title='bbox 520 1976 576 2007; x_wconf 84' lang='lat' dir='ltr'>est</span> <span class='ocrx_word' id='word_1_176' title='bbox 600 1974 739 2007; x_wconf 87' lang='lat' dir='ltr'>infame</span> <span class='ocrx_word' id='word_1_177' title='bbox 765 1984 844 2007; x_wconf 89' lang='lat' dir='ltr'>car-</span> 
     </span>
     <span class='ocr_line' id='line_1_36' title="bbox 120 2019 846 2063; baseline 0.001 -11"><span class='ocrx_word' id='word_1_178' title='bbox 120 2029 206 2052; x_wconf 87' lang='lat' dir='ltr'>men</span> <span class='ocrx_word' id='word_1_179' title='bbox 230 2019 422 2052; x_wconf 87' lang='lat' dir='ltr'>nominata</span> <span class='ocrx_word' id='word_1_180' title='bbox 445 2030 607 2063; x_wconf 88' lang='lat' dir='ltr'>persona</span> <span class='ocrx_word' id='word_1_181' title='bbox 631 2020 751 2053; x_wconf 87' lang='lat' dir='ltr'>edere.</span> <span class='ocrx_word' id='word_1_182' title='bbox 780 2021 846 2053; x_wconf 89' lang='lat' dir='ltr'>Oc-</span> 
     </span>
    </p>
   </div>
   <div class='ocr_carea' id='block_1_9' title="bbox 68 2066 847 2107">
    <p class='ocr_par' dir='ltr' id='par_1_9' title="bbox 68 2066 847 2107">
     <span class='ocr_line' id='line_1_37' title="bbox 68 2066 847 2107; baseline 0 -9"><span class='ocrx_word' id='word_1_183' title='bbox 68 2087 72 2090; x_wconf 95' lang='lat'>-</span> <span class='ocrx_word' id='word_1_184' title='bbox 122 2067 275 2107; x_wconf 77' lang='lat' dir='ltr'>centare,</span> <span class='ocrx_word' id='word_1_185' title='bbox 302 2067 529 2099; x_wconf 88' lang='lat' dir='ltr'>contrarium</span> <span class='ocrx_word' id='word_1_186' title='bbox 555 2066 742 2100; x_wconf 90' lang='lat' dir='ltr'>canticum</span> <span class='ocrx_word' id='word_1_187' title='bbox 760 2076 847 2099; x_wconf 88' lang='lat' dir='ltr'>can-</span> 
     </span>
    </p>
   </div>
   <div class='ocr_carea' id='block_1_10' title="bbox 121 2111 849 2436">
    <p class='ocr_par' dir='ltr' id='par_1_10' title="bbox 121 2111 849 2436">
     <span class='ocr_line' id='line_1_38' title="bbox 121 2111 847 2154; baseline 0.001 -8"><span class='ocrx_word' id='word_1_188' title='bbox 121 2113 243 2146; x_wconf 80' lang='lat' dir='ltr'>tare.“</span> <span class='ocrx_word' id='word_1_189' title='bbox 294 2111 368 2146; x_wconf 82' lang='lat' dir='ltr'>Cfr.</span> <span class='ocrx_word' id='word_1_190' title='bbox 394 2112 504 2146; x_wconf 89' lang='lat' dir='ltr'>Tusc.</span> <span class='ocrx_word' id='word_1_191' title='bbox 537 2115 578 2154; x_wconf 85' lang='lat'>4,</span> <span class='ocrx_word' id='word_1_192' title='bbox 604 2115 645 2154; x_wconf 87' lang='lat'>2,</span> <span class='ocrx_word' id='word_1_193' title='bbox 670 2116 703 2145; x_wconf 87' lang='lat'>4.</span> <span class='ocrx_word' id='word_1_194' title='bbox 755 2113 847 2154; x_wconf 87' lang='lat' dir='ltr'>„Se-</span> 
     </span>
     <span class='ocr_line' id='line_1_39' title="bbox 122 2159 847 2204; baseline 0.001 -12"><span class='ocrx_word' id='word_1_195' title='bbox 122 2168 211 2192; x_wconf 84' lang='lat' dir='ltr'>vera</span> <span class='ocrx_word' id='word_1_196' title='bbox 234 2161 357 2192; x_wconf 86' lang='lat' dir='ltr'>autem</span> <span class='ocrx_word' id='word_1_197' title='bbox 375 2159 441 2192; x_wconf 93' lang='lat' dir='ltr'>illa</span> <span class='ocrx_word' id='word_1_198' title='bbox 465 2160 559 2204; x_wconf 82' lang='lat' dir='ltr'>legis</span> <span class='ocrx_word' id='word_1_199' title='bbox 576 2170 700 2203; x_wconf 88' lang='lat' dir='ltr'>poena</span> <span class='ocrx_word' id='word_1_200' title='bbox 725 2159 847 2193; x_wconf 86' lang='lat' dir='ltr'>deter-</span> 
     </span>
     <span class='ocr_line' id='line_1_40' title="bbox 122 2205 848 2250; baseline 0.003 -12"><span class='ocrx_word' id='word_1_201' title='bbox 122 2205 186 2239; x_wconf 87' lang='lat' dir='ltr'>riti</span> <span class='ocrx_word' id='word_1_202' title='bbox 196 2208 227 2247; x_wconf 72' lang='lat'>,⁴⁶</span> <span class='ocrx_word' id='word_1_203' title='bbox 270 2205 413 2250; x_wconf 91' lang='lat' dir='ltr'>inquit,</span> <span class='ocrx_word' id='word_1_204' title='bbox 451 2208 612 2250; x_wconf 66' lang='lat' dir='ltr'>„poetae</span> <span class='ocrx_word' id='word_1_205' title='bbox 649 2206 695 2239; x_wconf 92' lang='lat' dir='ltr'>ad</span> <span class='ocrx_word' id='word_1_206' title='bbox 734 2207 848 2249; x_wconf 87' lang='lat' dir='ltr'>iocos,</span> 
     </span>
     <span class='ocr_line' id='line_1_41' title="bbox 124 2252 848 2296; baseline 0.003 -11"><span class='ocrx_word' id='word_1_207' title='bbox 124 2253 190 2296; x_wconf 90' lang='lat' dir='ltr'>qui</span> <span class='ocrx_word' id='word_1_208' title='bbox 214 2252 357 2286; x_wconf 88' lang='lat' dir='ltr'>nullam</span> <span class='ocrx_word' id='word_1_209' title='bbox 386 2253 631 2286; x_wconf 85' lang='lat' dir='ltr'>offensionem</span> <span class='ocrx_word' id='word_1_210' title='bbox 657 2253 848 2295; x_wconf 87' lang='lat' dir='ltr'>haberent,</span> 
     </span>
     <span class='ocr_line' id='line_1_42' title="bbox 122 2299 848 2344; baseline 0.003 -12"><span class='ocrx_word' id='word_1_211' title='bbox 122 2299 378 2344; x_wconf 79' lang='lat' dir='ltr'>proferendos,</span> <span class='ocrx_word' id='word_1_212' title='bbox 401 2300 622 2333; x_wconf 87' lang='lat' dir='ltr'>nominatim</span> <span class='ocrx_word' id='word_1_213' title='bbox 639 2299 686 2333; x_wconf 89' lang='lat' dir='ltr'>ad</span> <span class='ocrx_word' id='word_1_214' title='bbox 704 2310 848 2334; x_wconf 90' lang='lat' dir='ltr'>comoe-</span> 
     </span>
     <span class='ocr_line' id='line_1_43' title="bbox 124 2345 849 2391; baseline 0.003 -12"><span class='ocrx_word' id='word_1_215' title='bbox 124 2345 206 2380; x_wconf 88' lang='lat' dir='ltr'>dias</span> <span class='ocrx_word' id='word_1_216' title='bbox 237 2346 429 2390; x_wconf 84' lang='lat' dir='ltr'>palliatas,</span> <span class='ocrx_word' id='word_1_217' title='bbox 462 2349 624 2391; x_wconf 85' lang='lat' dir='ltr'>togatas,</span> <span class='ocrx_word' id='word_1_218' title='bbox 657 2347 849 2381; x_wconf 87' lang='lat' dir='ltr'>Atellanas</span> 
     </span>
     <span class='ocr_line' id='line_1_44' title="bbox 125 2393 713 2436; baseline 0.002 -10"><span class='ocrx_word' id='word_1_219' title='bbox 125 2393 400 2436; x_wconf 87' lang='lat' dir='ltr'>componendas</span> <span class='ocrx_word' id='word_1_220' title='bbox 425 2394 566 2428; x_wconf 89' lang='lat' dir='ltr'>redacti</span> <span class='ocrx_word' id='word_1_221' title='bbox 593 2395 713 2427; x_wconf 79' lang='lat' dir='ltr'>sunt.“</span> 
     </span>
    </p>
   </div>
   <div class='ocr_carea' id='block_1_11' title="bbox 122 2465 851 2742">
    <p class='ocr_par' dir='ltr' id='par_1_11' title="bbox 122 2465 851 2742">
     <span class='ocr_line' id='line_1_45' title="bbox 173 2465 851 2498; baseline 0.001 -2"><span class='ocrx_word' id='word_1_222' title='bbox 173 2465 369 2497; x_wconf 81' lang='lat'>151—155.</span> <span class='ocrx_word' id='word_1_223' title='bbox 408 2467 556 2498; x_wconf 73' lang='lat' dir='ltr'>cruento</span> <span class='ocrx_word' id='word_1_224' title='bbox 588 2466 706 2498; x_wconf 77' lang='lat' dir='ltr'>Dentc</span> <span class='ocrx_word' id='word_1_225' title='bbox 741 2465 851 2497; x_wconf 82' lang='lat' dir='ltr'>laces-</span> 
     </span>
     <span class='ocr_line' id='line_1_46' title="bbox 122 2510 851 2553; baseline 0.001 -10"><span class='ocrx_word' id='word_1_226' title='bbox 122 2510 206 2553; x_wconf 72' lang='lat' dir='ltr'>siti]</span> <span class='ocrx_word' id='word_1_227' title='bbox 241 2510 535 2552; x_wconf 84' lang='lat' dir='ltr'>„obtrectatione</span> <span class='ocrx_word' id='word_1_228' title='bbox 560 2515 598 2545; x_wconf 87' lang='lat' dir='ltr'>et</span> <span class='ocrx_word' id='word_1_229' title='bbox 625 2511 851 2545; x_wconf 82' lang='lat' dir='ltr'>maledicen-</span> 
     </span>
     <span class='ocr_line' id='line_1_47' title="bbox 125 2556 849 2602; baseline 0.003 -12"><span class='ocrx_word' id='word_1_230' title='bbox 125 2556 196 2597; x_wconf 79' lang='lat' dir='ltr'>tia,</span> <span class='ocrx_word' id='word_1_231' title='bbox 229 2568 326 2602; x_wconf 87' lang='lat' dir='ltr'>quae</span> <span class='ocrx_word' id='word_1_232' title='bbox 358 2558 499 2592; x_wconf 87' lang='lat' dir='ltr'>lacerat</span> <span class='ocrx_word' id='word_1_233' title='bbox 531 2559 640 2592; x_wconf 88' lang='lat' dir='ltr'>etiam</span> <span class='ocrx_word' id='word_1_234' title='bbox 669 2558 849 2602; x_wconf 86' lang='lat' dir='ltr'>probos;“</span> 
     </span>
     <span class='ocr_line' id='line_1_48' title="bbox 126 2605 851 2639; baseline 0.003 -2"><span class='ocrx_word' id='word_1_235' title='bbox 126 2607 315 2638; x_wconf 62' lang='lat' dir='ltr'>crucinam</span> <span class='ocrx_word' id='word_1_236' title='bbox 328 2608 451 2638; x_wconf 85' lang='lat' dir='ltr'>autem</span> <span class='ocrx_word' id='word_1_237' title='bbox 465 2605 557 2638; x_wconf 84' lang='lat' dir='ltr'>dicit</span> <span class='ocrx_word' id='word_1_238' title='bbox 569 2606 710 2638; x_wconf 75' lang='lat' dir='ltr'>dentem</span> <span class='ocrx_word' id='word_1_239' title='bbox 723 2616 851 2639; x_wconf 84' lang='lat' dir='ltr'>morsu</span> 
     </span>
     <span class='ocr_line' id='line_1_49' title="bbox 129 2651 851 2696; baseline 0.003 -13"><span class='ocrx_word' id='word_1_240' title='bbox 129 2659 299 2685; x_wconf 78' lang='lat' dir='ltr'>eruorem</span> <span class='ocrx_word' id='word_1_241' title='bbox 334 2651 555 2686; x_wconf 84' lang='lat' dir='ltr'>elicientem.</span> <span class='ocrx_word' id='word_1_242' title='bbox 598 2652 673 2685; x_wconf 84' lang='lat' dir='ltr'>cfr.</span> <span class='ocrx_word' id='word_1_243' title='bbox 698 2652 793 2696; x_wconf 86' lang='lat' dir='ltr'>Epp.</span> <span class='ocrx_word' id='word_1_244' title='bbox 820 2655 851 2694; x_wconf 93' lang='lat'>1,</span> 
     </span>
     <span class='ocr_line' id='line_1_50' title="bbox 130 2698 851 2742; baseline 0.007 -14"><span class='ocrx_word' id='word_1_245' title='bbox 130 2698 193 2738; x_wconf 82' lang='lat'>18,</span> <span class='ocrx_word' id='word_1_246' title='bbox 226 2699 282 2732; x_wconf 89' lang='lat'>82.</span> <span class='ocrx_word' id='word_1_247' title='bbox 316 2717 358 2722; x_wconf 89' lang='lat'>--</span> <span class='ocrx_word' id='word_1_248' title='bbox 392 2700 462 2740; x_wconf 75' lang='lat' dir='ltr'>suit</span> <span class='ocrx_word' id='word_1_249' title='bbox 493 2700 637 2732; x_wconf 73' lang='lat' dir='ltr'>intactis</span> <span class='ocrx_word' id='word_1_250' title='bbox 671 2699 756 2742; x_wconf 86' lang='lat' dir='ltr'>cet.]</span> <span class='ocrx_word' id='word_1_251' title='bbox 792 2699 851 2741; x_wconf 74' lang='lat' dir='ltr'>„Ii</span> 
     </span>
    </p>
   </div>
   <div class='ocr_carea' id='block_1_12' title="bbox 883 838 1625 2202">
    <p class='ocr_par' dir='ltr' id='par_1_12' title="bbox 883 838 1625 2202">
     <span class='ocr_line' id='line_1_51' title="bbox 884 838 1615 888; baseline -0.007 -11"><span class='ocrx_word' id='word_1_252' title='bbox 884 853 1056 888; x_wconf 90' lang='lat' dir='ltr'>quoque,</span> <span class='ocrx_word' id='word_1_253' title='bbox 1089 841 1155 886; x_wconf 92' lang='lat' dir='ltr'>qui</span> <span class='ocrx_word' id='word_1_254' title='bbox 1180 840 1346 874; x_wconf 90' lang='lat' dir='ltr'>nondum</span> <span class='ocrx_word' id='word_1_255' title='bbox 1374 838 1525 884; x_wconf 84' lang='lat' dir='ltr'>probris</span> <span class='ocrx_word' id='word_1_256' title='bbox 1550 848 1615 883; x_wconf 90' lang='lat' dir='ltr'>pe-</span> 
     </span>
     <span class='ocr_line' id='line_1_52' title="bbox 884 886 1615 931; baseline -0.005 -7"><span class='ocrx_word' id='word_1_257' title='bbox 884 890 943 924; x_wconf 86' lang='lat' dir='ltr'>titi</span> <span class='ocrx_word' id='word_1_258' title='bbox 984 892 1111 931; x_wconf 90' lang='lat' dir='ltr'>erant,</span> <span class='ocrx_word' id='word_1_259' title='bbox 1157 888 1256 922; x_wconf 89' lang='lat' dir='ltr'>idem</span> <span class='ocrx_word' id='word_1_260' title='bbox 1302 887 1442 921; x_wconf 90' lang='lat' dir='ltr'>malum</span> <span class='ocrx_word' id='word_1_261' title='bbox 1490 886 1615 921; x_wconf 83' lang='lat' dir='ltr'>oblata</span> 
     </span>
     <span class='ocr_line' id='line_1_53' title="bbox 883 933 1615 981; baseline -0.007 -10"><span class='ocrx_word' id='word_1_262' title='bbox 883 937 1004 981; x_wconf 88' lang='lat' dir='ltr'>prima</span> <span class='ocrx_word' id='word_1_263' title='bbox 1036 946 1184 980; x_wconf 84' lang='lat' dir='ltr'>quaque</span> <span class='ocrx_word' id='word_1_264' title='bbox 1219 934 1416 969; x_wconf 81' lang='lat' dir='ltr'>occasione</span> <span class='ocrx_word' id='word_1_265' title='bbox 1450 934 1522 968; x_wconf 89' lang='lat' dir='ltr'>sibi</span> <span class='ocrx_word' id='word_1_266' title='bbox 1547 933 1615 966; x_wconf 92' lang='lat' dir='ltr'>im-</span> 
     </span>
     <span class='ocr_line' id='line_1_54' title="bbox 884 980 1615 1024; baseline -0.007 -6"><span class='ocrx_word' id='word_1_267' title='bbox 884 984 1027 1018; x_wconf 91' lang='lat' dir='ltr'>minere</span> <span class='ocrx_word' id='word_1_268' title='bbox 1064 983 1137 1017; x_wconf 85' lang='lat' dir='ltr'>rati</span> <span class='ocrx_word' id='word_1_269' title='bbox 1175 985 1284 1024; x_wconf 88' lang='lat' dir='ltr'>sunt,</span> <span class='ocrx_word' id='word_1_270' title='bbox 1327 991 1411 1015; x_wconf 87' lang='lat' dir='ltr'>cum</span> <span class='ocrx_word' id='word_1_271' title='bbox 1448 980 1615 1015; x_wconf 86' lang='lat' dir='ltr'>omnium</span> 
     </span>
     <span class='ocr_line' id='line_1_55' title="bbox 885 1029 1615 1071; baseline -0.005 -6"><span class='ocrx_word' id='word_1_272' title='bbox 885 1031 1013 1065; x_wconf 89' lang='lat' dir='ltr'>eadem</span> <span class='ocrx_word' id='word_1_273' title='bbox 1051 1032 1151 1064; x_wconf 85' lang='lat' dir='ltr'>esset</span> <span class='ocrx_word' id='word_1_274' title='bbox 1191 1029 1384 1071; x_wconf 73' lang='lat' dir='ltr'>condicio,</span> <span class='ocrx_word' id='word_1_275' title='bbox 1426 1029 1615 1062; x_wconf 84' lang='lat' dir='ltr'>neminem</span> 
     </span>
     <span class='ocr_line' id='line_1_56' title="bbox 886 1075 1618 1112; baseline -0.005 0"><span class='ocrx_word' id='word_1_276' title='bbox 886 1078 987 1112; x_wconf 90' lang='lat' dir='ltr'>enim</span> <span class='ocrx_word' id='word_1_277' title='bbox 1013 1089 1035 1112; x_wconf 88' lang='lat' dir='ltr'>a</span> <span class='ocrx_word' id='word_1_278' title='bbox 1050 1077 1321 1111; x_wconf 91' lang='lat' dir='ltr'>maledicorum</span> <span class='ocrx_word' id='word_1_279' title='bbox 1347 1076 1466 1109; x_wconf 86' lang='lat' dir='ltr'>livore</span> <span class='ocrx_word' id='word_1_280' title='bbox 1490 1075 1618 1109; x_wconf 91' lang='lat' dir='ltr'>malis-</span> 
     </span>
     <span class='ocr_line' id='line_1_57' title="bbox 886 1122 1615 1170; baseline -0.007 -10"><span class='ocrx_word' id='word_1_281' title='bbox 886 1136 979 1170; x_wconf 89' lang='lat' dir='ltr'>que,</span> <span class='ocrx_word' id='word_1_282' title='bbox 1011 1125 1050 1159; x_wconf 88' lang='lat' dir='ltr'>id</span> <span class='ocrx_word' id='word_1_283' title='bbox 1088 1128 1161 1165; x_wconf 85' lang='lat' dir='ltr'>est,</span> <span class='ocrx_word' id='word_1_284' title='bbox 1195 1124 1350 1158; x_wconf 85' lang='lat' dir='ltr'>famosis</span> <span class='ocrx_word' id='word_1_285' title='bbox 1384 1122 1615 1156; x_wconf 73' lang='lat' dir='ltr'>carminibus</span> 
     </span>
     <span class='ocr_line' id='line_1_58' title="bbox 886 1169 1616 1211; baseline -0.005 -5"><span class='ocrx_word' id='word_1_286' title='bbox 886 1175 1008 1207; x_wconf 86' lang='lat' dir='ltr'>tutum</span> <span class='ocrx_word' id='word_1_287' title='bbox 1033 1182 1117 1206; x_wconf 89' lang='lat' dir='ltr'>esse</span> <span class='ocrx_word' id='word_1_288' title='bbox 1144 1171 1382 1205; x_wconf 80' lang='lat' dir='ltr'>cernebant.“</span> <span class='ocrx_word' id='word_1_289' title='bbox 1422 1169 1497 1204; x_wconf 86' lang='lat' dir='ltr'>Sat.</span> <span class='ocrx_word' id='word_1_290' title='bbox 1524 1171 1556 1210; x_wconf 81' lang='lat'>2,</span> <span class='ocrx_word' id='word_1_291' title='bbox 1584 1172 1616 1211; x_wconf 91' lang='lat'>1,</span> 
     </span>
     <span class='ocr_line' id='line_1_59' title="bbox 887 1219 1619 1260; baseline -0.004 -8"><span class='ocrx_word' id='word_1_292' title='bbox 887 1221 951 1253; x_wconf 86' lang='lat'>23:</span> <span class='ocrx_word' id='word_1_293' title='bbox 984 1220 1054 1252; x_wconf 81' lang='lat' dir='ltr'>sibi</span> <span class='ocrx_word' id='word_1_294' title='bbox 1079 1220 1230 1260; x_wconf 79' lang='lat' dir='ltr'>quisque</span> <span class='ocrx_word' id='word_1_295' title='bbox 1256 1219 1366 1259; x_wconf 74' lang='lat' dir='ltr'>timet,</span> <span class='ocrx_word' id='word_1_296' title='bbox 1393 1225 1619 1258; x_wconf 80' lang='lat' dir='ltr'>quamquam</span> 
     </span>
     <span class='ocr_line' id='line_1_60' title="bbox 888 1266 1618 1307; baseline -0.005 -7"><span class='ocrx_word' id='word_1_297' title='bbox 888 1270 937 1300; x_wconf 81' lang='lat' dir='ltr'>est</span> <span class='ocrx_word' id='word_1_298' title='bbox 970 1268 1148 1307; x_wconf 75' lang='lat' dir='ltr'>intactus,</span> <span class='ocrx_word' id='word_1_299' title='bbox 1182 1268 1215 1299; x_wconf 75' lang='lat' dir='ltr'>cc</span> <span class='ocrx_word' id='word_1_300' title='bbox 1248 1266 1334 1298; x_wconf 78' lang='lat' dir='ltr'>odil.</span> <span class='ocrx_word' id='word_1_301' title='bbox 1361 1283 1403 1288; x_wconf 85' lang='lat'><strong>—</strong></span> <span class='ocrx_word' id='word_1_302' title='bbox 1438 1266 1498 1298; x_wconf 72' lang='lat' dir='ltr'>lex</span> <span class='ocrx_word' id='word_1_303' title='bbox 1532 1266 1618 1296; x_wconf 85' lang='lat' dir='ltr'>Poe·</span> 
     </span>
     <span class='ocr_line' id='line_1_61' title="bbox 887 1312 1619 1356; baseline -0.003 -10"><span class='ocrx_word' id='word_1_304' title='bbox 887 1322 1007 1354; x_wconf 78' lang='lat' dir='ltr'>naque</span> <span class='ocrx_word' id='word_1_305' title='bbox 1052 1313 1150 1356; x_wconf 82' lang='lat' dir='ltr'>lala]</span> <span class='ocrx_word' id='word_1_306' title='bbox 1196 1312 1376 1346; x_wconf 82' lang='lat' dir='ltr'>facillimo</span> <span class='ocrx_word' id='word_1_307' title='bbox 1425 1313 1619 1356; x_wconf 82' lang='lat' dir='ltr'>zeugmate</span> 
     </span>
     <span class='ocr_line' id='line_1_62' title="bbox 888 1359 1622 1404; baseline -0.003 -10"><span class='ocrx_word' id='word_1_308' title='bbox 888 1371 975 1404; x_wconf 87' lang='lat' dir='ltr'>pro:</span> <span class='ocrx_word' id='word_1_309' title='bbox 1012 1360 1102 1401; x_wconf 73' lang='lat' dir='ltr'>„lex</span> <span class='ocrx_word' id='word_1_310' title='bbox 1126 1361 1201 1394; x_wconf 88' lang='lat' dir='ltr'>lata</span> <span class='ocrx_word' id='word_1_311' title='bbox 1233 1370 1430 1404; x_wconf 88' lang='lat' dir='ltr'>poenaque</span> <span class='ocrx_word' id='word_1_312' title='bbox 1454 1359 1622 1403; x_wconf 82' lang='lat' dir='ltr'>irrogata</span> 
     </span>
     <span class='ocr_line' id='line_1_63' title="bbox 889 1407 1620 1448; baseline -0.004 -7"><span class='ocrx_word' id='word_1_313' title='bbox 889 1408 980 1442; x_wconf 85' lang='lat' dir='ltr'>est.“</span> <span class='ocrx_word' id='word_1_314' title='bbox 1009 1427 1052 1430; x_wconf 97' lang='lat'><strong>—</strong></span> <span class='ocrx_word' id='word_1_315' title='bbox 1078 1408 1177 1440; x_wconf 88' lang='lat' dir='ltr'>malo</span> <span class='ocrx_word' id='word_1_316' title='bbox 1203 1416 1297 1448; x_wconf 80' lang='lat' dir='ltr'>quae</span> <span class='ocrx_word' id='word_1_317' title='bbox 1323 1407 1434 1440; x_wconf 74' lang='lat' dir='ltr'>nollet</span> <span class='ocrx_word' id='word_1_318' title='bbox 1459 1407 1620 1439; x_wconf 79' lang='lat' dir='ltr'>carmine</span> 
     </span>
     <span class='ocr_line' id='line_1_64' title="bbox 889 1454 1620 1497; baseline -0.003 -9"><span class='ocrx_word' id='word_1_319' title='bbox 889 1454 988 1497; x_wconf 71' lang='lat' dir='ltr'>cet.]</span> <span class='ocrx_word' id='word_1_320' title='bbox 1017 1454 1093 1488; x_wconf 90' lang='lat' dir='ltr'>Cfr.</span> <span class='ocrx_word' id='word_1_321' title='bbox 1128 1454 1203 1488; x_wconf 87' lang='lat' dir='ltr'>Sat.</span> <span class='ocrx_word' id='word_1_322' title='bbox 1237 1456 1277 1496; x_wconf 85' lang='lat'>2,</span> <span class='ocrx_word' id='word_1_323' title='bbox 1313 1457 1353 1495; x_wconf 92' lang='lat'>1,</span> <span class='ocrx_word' id='word_1_324' title='bbox 1387 1455 1444 1487; x_wconf 84' lang='lat'>82.</span> <span class='ocrx_word' id='word_1_325' title='bbox 1470 1471 1514 1476; x_wconf 90' lang='lat'>—-</span> <span class='ocrx_word' id='word_1_326' title='bbox 1547 1455 1620 1486; x_wconf 78' lang='lat' dir='ltr'>De-</span> 
     </span>
     <span class='ocr_line' id='line_1_65' title="bbox 888 1499 1620 1544; baseline -0.003 -9"><span class='ocrx_word' id='word_1_327' title='bbox 888 1501 1019 1544; x_wconf 78' lang='lat' dir='ltr'>scribi]</span> <span class='ocrx_word' id='word_1_328' title='bbox 1052 1504 1096 1535; x_wconf 92' lang='lat' dir='ltr'>ut</span> <span class='ocrx_word' id='word_1_329' title='bbox 1129 1502 1203 1535; x_wconf 85' lang='lat' dir='ltr'>Sat.</span> <span class='ocrx_word' id='word_1_330' title='bbox 1239 1505 1277 1543; x_wconf 91' lang='lat'>1,</span> <span class='ocrx_word' id='word_1_331' title='bbox 1310 1504 1351 1543; x_wconf 85' lang='lat'>4,</span> <span class='ocrx_word' id='word_1_332' title='bbox 1385 1502 1417 1534; x_wconf 84' lang='lat'>3.</span> <span class='ocrx_word' id='word_1_333' title='bbox 1453 1499 1620 1542; x_wconf 77' lang='lat' dir='ltr'>„notai-i,</span> 
     </span>
     <span class='ocr_line' id='line_1_66' title="bbox 890 1549 1621 1595; baseline -0.003 -13"><span class='ocrx_word' id='word_1_334' title='bbox 890 1549 1275 1595; x_wconf 77' lang='grc' dir='ltr'><em>χαρακτηρίζεσθαι.“</em></span> <span class='ocrx_word' id='word_1_335' title='bbox 1304 1567 1346 1571; x_wconf 82' lang='grc'><strong>-</strong></span> <span class='ocrx_word' id='word_1_336' title='bbox 1371 1550 1514 1581; x_wconf 72' lang='lat' dir='ltr'>vertere</span> <span class='ocrx_word' id='word_1_337' title='bbox 1545 1556 1621 1580; x_wconf 86' lang='lat' dir='ltr'>mo-</span> 
     </span>
     <span class='ocr_line' id='line_1_67' title="bbox 891 1596 1622 1638; baseline -0.004 -8"><span class='ocrx_word' id='word_1_338' title='bbox 891 1596 1000 1638; x_wconf 81' lang='lat' dir='ltr'>dum]</span> <span class='ocrx_word' id='word_1_339' title='bbox 1038 1598 1130 1637; x_wconf 78' lang='lat' dir='ltr'>„sie</span> <span class='ocrx_word' id='word_1_340' title='bbox 1167 1598 1388 1629; x_wconf 76' lang='lat' dir='ltr'>slimmten</span> <span class='ocrx_word' id='word_1_341' title='bbox 1422 1596 1504 1628; x_wconf 79' lang='lat' dir='ltr'>den</span> <span class='ocrx_word' id='word_1_342' title='bbox 1535 1596 1622 1627; x_wconf 86' lang='lat' dir='ltr'>Ton</span> 
     </span>
     <span class='ocr_line' id='line_1_68' title="bbox 893 1641 1622 1686; baseline -0.003 -10"><span class='ocrx_word' id='word_1_343' title='bbox 893 1644 983 1686; x_wconf 86' lang='lat' dir='ltr'>(die</span> <span class='ocrx_word' id='word_1_344' title='bbox 1024 1644 1235 1686; x_wconf 82' lang='lat' dir='ltr'>Melodic)</span> <span class='ocrx_word' id='word_1_345' title='bbox 1277 1643 1379 1676; x_wconf 81' lang='lat' dir='ltr'>um.“</span> <span class='ocrx_word' id='word_1_346' title='bbox 1416 1661 1459 1665; x_wconf 89' lang='lat'>-—</span> <span class='ocrx_word' id='word_1_347' title='bbox 1494 1641 1622 1684; x_wconf 76' lang='lat' dir='ltr'>ruscis]</span> 
     </span>
     <span class='ocr_line' id='line_1_69' title="bbox 893 1687 1622 1732; baseline -0.003 -8"><span class='ocrx_word' id='word_1_348' title='bbox 893 1691 987 1724; x_wconf 91' lang='lat' dir='ltr'>Cum</span> <span class='ocrx_word' id='word_1_349' title='bbox 1024 1693 1119 1724; x_wconf 86' lang='lat' dir='ltr'>teste</span> <span class='ocrx_word' id='word_1_350' title='bbox 1158 1690 1339 1724; x_wconf 86' lang='lat' dir='ltr'>Cicerone</span> <span class='ocrx_word' id='word_1_351' title='bbox 1377 1689 1423 1722; x_wconf 91' lang='lat' dir='ltr'>de</span> <span class='ocrx_word' id='word_1_352' title='bbox 1459 1687 1554 1732; x_wconf 71' lang='lat' dir='ltr'>Rep.</span> <span class='ocrx_word' id='word_1_353' title='bbox 1588 1691 1622 1730; x_wconf 84' lang='lat'>4,</span> 
     </span>
     <span class='ocr_line' id='line_1_70' title="bbox 894 1735 1623 1782; baseline -0.004 -11"><span class='ocrx_word' id='word_1_354' title='bbox 894 1740 949 1771; x_wconf 95' lang='grc'><strong>10.</strong></span> <span class='ocrx_word' id='word_1_355' title='bbox 974 1738 1097 1782; x_wconf 82' lang='lat' dir='ltr'>capite</span> <span class='ocrx_word' id='word_1_356' title='bbox 1132 1737 1326 1771; x_wconf 80' lang='lat' dir='ltr'>sanxerint</span> <span class='ocrx_word' id='word_1_357' title='bbox 1348 1736 1433 1770; x_wconf 86' lang='lat' dir='ltr'>XII.</span> <span class='ocrx_word' id='word_1_358' title='bbox 1460 1735 1623 1778; x_wconf 83' lang='lat' dir='ltr'>tabulae,</span> 
     </span>
     <span class='ocr_line' id='line_1_71' title="bbox 891 1782 1622 1827; baseline -0.004 -9"><span class='ocrx_word' id='word_1_359' title='bbox 891 1786 923 1817; x_wconf 79' lang='lat' dir='ltr'>si</span> <span class='ocrx_word' id='word_1_360' title='bbox 947 1787 1026 1826; x_wconf 78' lang='lat' dir='ltr'>quis</span> <span class='ocrx_word' id='word_1_361' title='bbox 1052 1786 1328 1823; x_wconf 73' lang='lat' dir='ltr'>occcmavissel,</span> <span class='ocrx_word' id='word_1_362' title='bbox 1362 1783 1409 1817; x_wconf 91' lang='lat' dir='ltr'>de</span> <span class='ocrx_word' id='word_1_363' title='bbox 1435 1782 1622 1827; x_wconf 89' lang='lat' dir='ltr'>supplicio</span> 
     </span>
     <span class='ocr_line' id='line_1_72' title="bbox 891 1831 1623 1873; baseline -0.005 -7"><span class='ocrx_word' id='word_1_364' title='bbox 891 1832 1079 1866; x_wconf 85' lang='lat' dir='ltr'>fustuario</span> <span class='ocrx_word' id='word_1_365' title='bbox 1136 1832 1256 1873; x_wconf 82' lang='lat' dir='ltr'>(dem</span> <span class='ocrx_word' id='word_1_366' title='bbox 1312 1833 1487 1864; x_wconf 76' lang='lat' dir='ltr'>Tb&#39;dlen</span> <span class='ocrx_word' id='word_1_367' title='bbox 1542 1831 1623 1863; x_wconf 74' lang='lat' dir='ltr'>mit</span> 
     </span>
     <span class='ocr_line' id='line_1_73' title="bbox 891 1877 1624 1922; baseline -0.001 -11"><span class='ocrx_word' id='word_1_368' title='bbox 891 1880 1150 1922; x_wconf 81' lang='lat' dir='ltr'>Knitleln),</span> <span class='ocrx_word' id='word_1_369' title='bbox 1185 1890 1260 1913; x_wconf 94' lang='lat' dir='ltr'>non</span> <span class='ocrx_word' id='word_1_370' title='bbox 1294 1879 1340 1912; x_wconf 89' lang='lat' dir='ltr'>de</span> <span class='ocrx_word' id='word_1_371' title='bbox 1375 1877 1538 1922; x_wconf 89' lang='lat' dir='ltr'>simplici</span> <span class='ocrx_word' id='word_1_372' title='bbox 1564 1888 1624 1911; x_wconf 90' lang='lat' dir='ltr'>ca-</span> 
     </span>
     <span class='ocr_line' id='line_1_74' title="bbox 894 1925 1625 1970; baseline -0.004 -10"><span class='ocrx_word' id='word_1_373' title='bbox 894 1926 1091 1970; x_wconf 88' lang='lat' dir='ltr'>stigatione</span> <span class='ocrx_word' id='word_1_374' title='bbox 1129 1926 1292 1960; x_wconf 83' lang='lat' dir='ltr'>fustibus</span> <span class='ocrx_word' id='word_1_375' title='bbox 1331 1937 1359 1959; x_wconf 90' lang='lat' dir='ltr'>s.</span> <span class='ocrx_word' id='word_1_376' title='bbox 1402 1925 1548 1959; x_wconf 89' lang='lat' dir='ltr'>baculis</span> <span class='ocrx_word' id='word_1_377' title='bbox 1587 1927 1625 1958; x_wconf 89' lang='lat' dir='ltr'>et</span> 
     </span>
     <span class='ocr_line' id='line_1_75' title="bbox 893 1973 1623 2016; baseline -0.001 -10"><span class='ocrx_word' id='word_1_378' title='bbox 893 1973 1034 2007; x_wconf 81' lang='lat' dir='ltr'>vitibus</span> <span class='ocrx_word' id='word_1_379' title='bbox 1065 1973 1164 2007; x_wconf 85' lang='lat' dir='ltr'>facta</span> <span class='ocrx_word' id='word_1_380' title='bbox 1195 1973 1458 2016; x_wconf 86' lang='lat' dir='ltr'>accipiendum</span> <span class='ocrx_word' id='word_1_381' title='bbox 1485 1975 1552 2006; x_wconf 89' lang='lat' dir='ltr'>est.</span> <span class='ocrx_word' id='word_1_382' title='bbox 1578 1990 1623 1995; x_wconf 92' lang='lat'>—-</span> 
     </span>
     <span class='ocr_line' id='line_1_76' title="bbox 893 2019 1625 2062; baseline -0.001 -10"><span class='ocrx_word' id='word_1_383' title='bbox 893 2021 951 2053; x_wconf 73' lang='lat' dir='ltr'>Aa</span> <span class='ocrx_word' id='word_1_384' title='bbox 984 2022 1071 2053; x_wconf 81' lang='lat' dir='ltr'>bene</span> <span class='ocrx_word' id='word_1_385' title='bbox 1105 2020 1319 2062; x_wconf 76' lang='lat' dir='ltr'>dicendum]</span> <span class='ocrx_word' id='word_1_386' title='bbox 1351 2019 1508 2061; x_wconf 81' lang='lat' dir='ltr'>„Coacti</span> <span class='ocrx_word' id='word_1_387' title='bbox 1535 2021 1625 2052; x_wconf 83' lang='lat' dir='ltr'>sunt</span> 
     </span>
     <span class='ocr_line' id='line_1_77' title="bbox 895 2066 1625 2100; baseline -0.001 -1"><span class='ocrx_word' id='word_1_388' title='bbox 895 2066 1086 2100; x_wconf 85' lang='lat' dir='ltr'>abstinere</span> <span class='ocrx_word' id='word_1_389' title='bbox 1112 2077 1151 2100; x_wconf 84' lang='lat' dir='ltr'>se</span> <span class='ocrx_word' id='word_1_390' title='bbox 1185 2078 1207 2100; x_wconf 87' lang='lat' dir='ltr'>a</span> <span class='ocrx_word' id='word_1_391' title='bbox 1231 2067 1328 2099; x_wconf 88' lang='lat' dir='ltr'>male</span> <span class='ocrx_word' id='word_1_392' title='bbox 1362 2066 1522 2099; x_wconf 88' lang='lat' dir='ltr'>dicendo</span> <span class='ocrx_word' id='word_1_393' title='bbox 1549 2067 1625 2099; x_wconf 90' lang='lat' dir='ltr'>sin-</span> 
     </span>
     <span class='ocr_line' id='line_1_78' title="bbox 895 2112 1625 2157; baseline 0 -11"><span class='ocrx_word' id='word_1_394' title='bbox 895 2113 1014 2157; x_wconf 71' lang='lat' dir='ltr'>gulis,</span> <span class='ocrx_word' id='word_1_395' title='bbox 1048 2124 1123 2157; x_wconf 93' lang='lat' dir='ltr'>quo</span> <span class='ocrx_word' id='word_1_396' title='bbox 1149 2114 1230 2157; x_wconf 89' lang='lat' dir='ltr'>ipso</span> <span class='ocrx_word' id='word_1_397' title='bbox 1264 2124 1374 2146; x_wconf 90' lang='lat' dir='ltr'>nemo</span> <span class='ocrx_word' id='word_1_398' title='bbox 1400 2113 1473 2146; x_wconf 91' lang='lat' dir='ltr'>iam</span> <span class='ocrx_word' id='word_1_399' title='bbox 1500 2112 1625 2146; x_wconf 84' lang='lat' dir='ltr'>laede-</span> 
     </span>
     <span class='ocr_line' id='line_1_79' title="bbox 895 2159 1514 2202; baseline 0.002 -10"><span class='ocrx_word' id='word_1_400' title='bbox 895 2160 1016 2202; x_wconf 87' lang='lat' dir='ltr'>batur,</span> <span class='ocrx_word' id='word_1_401' title='bbox 1043 2170 1172 2193; x_wconf 87' lang='lat' dir='ltr'>omnes</span> <span class='ocrx_word' id='word_1_402' title='bbox 1198 2159 1514 2193; x_wconf 81' lang='lat' dir='ltr'>delectabantur.“</span> 
     </span>
    </p>
   </div>
   <div class='ocr_carea' id='block_1_13' title="bbox 897 2230 1628 2745">
    <p class='ocr_par' dir='ltr' id='par_1_13' title="bbox 897 2230 1628 2745">
     <span class='ocr_line' id='line_1_80' title="bbox 947 2230 1623 2273; baseline 0.001 -11"><span class='ocrx_word' id='word_1_403' title='bbox 947 2232 1025 2263; x_wconf 80' lang='lat'>156.</span> <span class='ocrx_word' id='word_1_404' title='bbox 1068 2232 1147 2263; x_wconf 80' lang='lat'>157.</span> <span class='ocrx_word' id='word_1_405' title='bbox 1190 2231 1347 2264; x_wconf 78' lang='lat' dir='ltr'>Graecia</span> <span class='ocrx_word' id='word_1_406' title='bbox 1388 2233 1497 2272; x_wconf 83' lang='lat' dir='ltr'>capla</span> <span class='ocrx_word' id='word_1_407' title='bbox 1538 2230 1623 2273; x_wconf 90' lang='lat' dir='ltr'>cet.]</span> 
     </span>
     <span class='ocr_line' id='line_1_81' title="bbox 897 2276 1627 2322; baseline 0.001 -12"><span class='ocrx_word' id='word_1_408' title='bbox 897 2276 1018 2310; x_wconf 86' lang='lat' dir='ltr'>Etiam</span> <span class='ocrx_word' id='word_1_409' title='bbox 1044 2278 1084 2310; x_wconf 89' lang='lat' dir='ltr'>in</span> <span class='ocrx_word' id='word_1_410' title='bbox 1110 2277 1170 2311; x_wconf 89' lang='lat' dir='ltr'>his</span> <span class='ocrx_word' id='word_1_411' title='bbox 1203 2278 1330 2322; x_wconf 86' lang='lat' dir='ltr'>potius</span> <span class='ocrx_word' id='word_1_412' title='bbox 1354 2278 1455 2311; x_wconf 89' lang='lat' dir='ltr'>inest</span> <span class='ocrx_word' id='word_1_413' title='bbox 1478 2279 1627 2321; x_wconf 70' lang='lat' dir='ltr'>poetica</span> 
     </span>
     <span class='ocr_line' id='line_1_82' title="bbox 897 2324 1626 2369; baseline 0.001 -12"><span class='ocrx_word' id='word_1_414' title='bbox 897 2324 1036 2358; x_wconf 81' lang='lat' dir='ltr'>veritas</span> <span class='ocrx_word' id='word_1_415' title='bbox 1062 2335 1175 2369; x_wconf 88' lang='lat' dir='ltr'>quam</span> <span class='ocrx_word' id='word_1_416' title='bbox 1208 2325 1404 2367; x_wconf 69' lang='lat' dir='ltr'>historica,</span> <span class='ocrx_word' id='word_1_417' title='bbox 1438 2325 1626 2369; x_wconf 88' lang='lat' dir='ltr'>siquidem</span> 
     </span>
     <span class='ocr_line' id='line_1_83' title="bbox 899 2370 1627 2416; baseline 0 -12"><span class='ocrx_word' id='word_1_418' title='bbox 899 2370 1059 2405; x_wconf 85' lang='lat' dir='ltr'>Graecia</span> <span class='ocrx_word' id='word_1_419' title='bbox 1084 2375 1191 2416; x_wconf 82' lang='lat' dir='ltr'>capta</span> <span class='ocrx_word' id='word_1_420' title='bbox 1214 2372 1366 2416; x_wconf 87' lang='lat' dir='ltr'>proprie</span> <span class='ocrx_word' id='word_1_421' title='bbox 1398 2375 1453 2406; x_wconf 86' lang='lat' dir='ltr'>est</span> <span class='ocrx_word' id='word_1_422' title='bbox 1478 2372 1627 2406; x_wconf 86' lang='lat' dir='ltr'>demum</span> 
     </span>
     <span class='ocr_line' id='line_1_84' title="bbox 900 2417 1627 2461; baseline 0.001 -10"><span class='ocrx_word' id='word_1_423' title='bbox 900 2417 1079 2452; x_wconf 85' lang='lat' dir='ltr'>Corintho</span> <span class='ocrx_word' id='word_1_424' title='bbox 1098 2419 1222 2453; x_wconf 88' lang='lat' dir='ltr'>deleta</span> <span class='ocrx_word' id='word_1_425' title='bbox 1243 2420 1289 2461; x_wconf 88' lang='lat' dir='ltr'>(a.</span> <span class='ocrx_word' id='word_1_426' title='bbox 1308 2431 1345 2452; x_wconf 90' lang='grc'>11.</span> <span class='ocrx_word' id='word_1_427' title='bbox 1363 2429 1394 2452; x_wconf 82' lang='grc'>0.</span> <span class='ocrx_word' id='word_1_428' title='bbox 1415 2420 1523 2461; x_wconf 85' lang='grc'>608.),</span> <span class='ocrx_word' id='word_1_429' title='bbox 1541 2430 1627 2452; x_wconf 90' lang='lat' dir='ltr'>cum</span> 
     </span>
     <span class='ocr_line' id='line_1_85' title="bbox 900 2466 1627 2510; baseline 0 -11"><span class='ocrx_word' id='word_1_430' title='bbox 900 2476 944 2499; x_wconf 87' lang='lat' dir='ltr'>ea</span> <span class='ocrx_word' id='word_1_431' title='bbox 967 2469 1080 2507; x_wconf 91' lang='lat' dir='ltr'>aetas,</span> <span class='ocrx_word' id='word_1_432' title='bbox 1108 2477 1181 2510; x_wconf 87' lang='lat' dir='ltr'>qua</span> <span class='ocrx_word' id='word_1_433' title='bbox 1205 2466 1352 2500; x_wconf 79' lang='lat' dir='ltr'>litterae</span> <span class='ocrx_word' id='word_1_434' title='bbox 1372 2466 1535 2500; x_wconf 86' lang='lat' dir='ltr'>Graecae</span> <span class='ocrx_word' id='word_1_435' title='bbox 1553 2466 1627 2499; x_wconf 84' lang='lat' dir='ltr'>Ro-</span> 
     </span>
     <span class='ocr_line' id='line_1_86' title="bbox 898 2514 1627 2558; baseline 0.001 -13"><span class='ocrx_word' id='word_1_436' title='bbox 898 2523 994 2546; x_wconf 91' lang='lat' dir='ltr'>mam</span> <span class='ocrx_word' id='word_1_437' title='bbox 1019 2514 1189 2547; x_wconf 82' lang='lat' dir='ltr'>invectae</span> <span class='ocrx_word' id='word_1_438' title='bbox 1215 2514 1513 2558; x_wconf 84' lang='lat' dir='ltr'>antiquissimam</span> <span class='ocrx_word' id='word_1_439' title='bbox 1539 2515 1627 2556; x_wconf 67' lang='lat' dir='ltr'>poe-</span> 
     </span>
     <span class='ocr_line' id='line_1_87' title="bbox 899 2559 1628 2602; baseline 0.003 -10"><span class='ocrx_word' id='word_1_440' title='bbox 899 2559 958 2593; x_wconf 85' lang='lat' dir='ltr'>sin</span> <span class='ocrx_word' id='word_1_441' title='bbox 982 2559 1236 2594; x_wconf 88' lang='lat' dir='ltr'>Romanorum</span> <span class='ocrx_word' id='word_1_442' title='bbox 1270 2571 1413 2594; x_wconf 79' lang='lat' dir='ltr'>sacram</span> <span class='ocrx_word' id='word_1_443' title='bbox 1445 2560 1628 2602; x_wconf 80' lang='lat' dir='ltr'>(Saliaria</span> 
     </span>
     <span class='ocr_line' id='line_1_88' title="bbox 900 2607 1628 2652; baseline 0.001 -13"><span class='ocrx_word' id='word_1_444' title='bbox 900 2607 1067 2641; x_wconf 85' lang='lat' dir='ltr'>carmina</span> <span class='ocrx_word' id='word_1_445' title='bbox 1103 2608 1188 2649; x_wconf 90' lang='lat' dir='ltr'>cet.)</span> <span class='ocrx_word' id='word_1_446' title='bbox 1228 2610 1264 2641; x_wconf 91' lang='lat' dir='ltr'>et</span> <span class='ocrx_word' id='word_1_447' title='bbox 1300 2607 1514 2652; x_wconf 83' lang='lat' dir='ltr'>profanam,</span> <span class='ocrx_word' id='word_1_448' title='bbox 1553 2618 1628 2651; x_wconf 91' lang='lat' dir='ltr'>qua</span> 
     </span>
     <span class='ocr_line' id='line_1_89' title="bbox 901 2654 1627 2698; baseline 0.003 -12"><span class='ocrx_word' id='word_1_449' title='bbox 901 2664 1030 2698; x_wconf 85' lang='lat' dir='ltr'>regum</span> <span class='ocrx_word' id='word_1_450' title='bbox 1063 2656 1100 2687; x_wconf 88' lang='lat' dir='ltr'>et</span> <span class='ocrx_word' id='word_1_451' title='bbox 1133 2654 1271 2688; x_wconf 91' lang='lat' dir='ltr'>ducum</span> <span class='ocrx_word' id='word_1_452' title='bbox 1306 2664 1461 2688; x_wconf 86' lang='lat' dir='ltr'>suorum</span> <span class='ocrx_word' id='word_1_453' title='bbox 1497 2654 1627 2688; x_wconf 83' lang='lat' dir='ltr'>laudes</span> 
     </span>
     <span class='ocr_line' id='line_1_90' title="bbox 900 2700 1628 2745; baseline 0 -11"><span class='ocrx_word' id='word_1_454' title='bbox 900 2703 1014 2745; x_wconf 86' lang='lat' dir='ltr'>atque</span> <span class='ocrx_word' id='word_1_455' title='bbox 1038 2701 1199 2735; x_wconf 83' lang='lat' dir='ltr'>virtutes</span> <span class='ocrx_word' id='word_1_456' title='bbox 1227 2700 1487 2744; x_wconf 86' lang='lat' dir='ltr'>celebrabant,</span> <span class='ocrx_word' id='word_1_457' title='bbox 1521 2711 1628 2735; x_wconf 86' lang='lat' dir='ltr'>suam</span> 
     </span>
    </p>
   </div>
  </div>
 </body>
</html>
