1774 2930
678 177 772 213 ΔΕΒ
794 176 1019 214 Pomm.

208 279 407 336 Ignotum
436 279 625 335 tragicae
657 292 793 335 genus
821 278 1039 322 invenisse
1070 278 1285 322 Camenae

1519 177 1604 220 517

1516 279 1605 321 275

208 349 378 393 Dicitur
408 353 451 393 et
479 350 681 406 plaustris
713 349 886 393 vexisse
915 353 1116 406 poemata
1145 349 1353 406 Thespis,

211 421 331 470 Quae
362 424 564 464 canerent
594 424 856 476 agerentque
886 420 1083 477 peruncti
1113 419 1303 463 faecibus
1333 434 1421 463 ora.

187 558 268 591 277.
295 557 367 598 Qus·
390 556 586 591 Bentleius
611 555 839 591 coniectura.

91 670 231 709 cenam,-
255 677 327 709 quo
344 677 475 710 uenere
491 676 565 702 non
586 669 693 702 modo
709 669 825 701 Plau-

93 717 152 749 aas
191 717 314 749 noster
354 717 388 749 el
427 716 630 749 Atticorum
672 717 825 756 antiqua

94 763 289 805 comoedia,
312 763 375 795 sed
399 764 506 795 eliam
527 763 826 804 philosophorum

90 810 362 844 socraticorum
416 810 499 843 lion·
552 811 683 851 referti
728 812 825 843 sunl.

96 855 181 896 Qua
212 855 364 900 quidem
395 856 436 890 in
468 866 510 890 re
543 857 695 890 minime
729 856 825 891 obli-

97 903 318 937 viscendum
375 905 432 937 est
486 902 684 938 Horatium
740 914 824 937 cum

94 949 231 984 Plauto
268 960 414 995 semper
455 950 660 984 contulisse
696 952 825 994 poetas

94 996 310 1031 comoediae
354 1007 471 1031 novae
511 996 675 1039 Atticos,
723 997 826 1031 unde

93 1043 207 1078 facile
245 1043 287 1077 in
326 1043 394 1078 illo
441 1043 656 1079 desiderare
702 1044 827 1088 potuit

95 1090 348 1125 urbanitatem
379 1091 638 1135 ac·leporem;
671 1102 694 1125 a
719 1091 825 1125 Cice-

94 1147 208 1180 rone,
242 1136 308 1181 qui
342 1137 422 1182 ipse
447 1137 495 1172 ad
529 1137 629 1172 dicta
653 1138 825 1172 iacienda

93 1194 306 1228 propensus
339 1186 437 1227 erat,
470 1184 647 1219 Plautum
681 1189 825 1230 specta-

94 1233 175 1264 tum
200 1241 283 1265 esse
307 1232 425 1276 magis
450 1242 517 1275 per
549 1235 667 1266 semet
690 1233 825 1277 ipsum,

95 1287 173 1310 ιιοιι
211 1281 465 1322 comparatum
498 1288 584 1312 cum
618 1278 825 1314 Menandro

95 1325 135 1358 et
155 1323 389 1359 Philemone.

143 1372 554 1413 275—277.10nolum
593 1372 687 1415 cet]
729 1372 827 1412 Quia

94 1418 255 1452 maxima
279 1418 462 1462 epistolae
484 1430 573 1463 pars
594 1420 796 1466 ,gel-satur
785 1431 826 1454 ιιι

95 1465 221 1509 poc'Ssis
255 1465 426 1499 scenicae
459 1467 687 1510 praeceptis,
724 1470 826 1501 reete

94 1511 133 1545 h.
157 1512 183 1545 l.
216 1522 274 1546 vv.
307 1513 506 1546 275-288,
542 1513 739 1548 adumbrat
769 1514 826 1547 hi-

96 1558 250 1593 storiam
287 1559 500 1604 tragoediae
536 1563 575 1594 et
610 1561 825 1595 comoediae

96 1604 283 1648 Graecae,
320 1606 459 1650 quibus
491 1607 551 1640 vel
582 1610 736 1652 propter
768 1619 825 1642 vv.

96 1653 264 1686 258-274.
287 1656 529 1697 opponuntur
546 1653 794 1688 Latinorum
784 1666 824 1688 ιιι

94 1698 157 1732 his
181 1699 384 1744 generibus
409 1700 578 1742 fabulae,
612 1704 650 1735 et
674 1701 824 1746 quidem

96 1756 143 1780 ex
166 1745 267 1780 iusta
290 1746 508 1781 meritorum
533 1748 735 1793 utriusque
761 1760 826 1783 na-

96 1792 213 1827 tionis
231 1793 505 1828 existimatione
523 1794 598 1828 de
588 1795 636 1829 iis
653 1795 824 1830 iudicare

94 1839 348 1874 videtur.1n
380 1841 440 1875 his
474 1841 645 1876 omnibus
675 1843 824 1877 videtur

96 1887 205 1930 sequi
229 1888 460 1931 grammatici
485 1889 545 1923 vel
568 1889 739 1924 historici
756 1890 825 1924 ali-

95 1933 210 1967 euius
229 1933 364 1967 Graeci
391 1935 616 1978 opinionem,
642 1937 718 1970 nisi
743 1937 824 1980 ipse

97 1979 313 2024 tragoediae
331 1983 368 2013 et
392 1982 605 2016 comoediae
621 1983 825 2026 primordia

96 2026 280 2060 confudit.
328 2026 475 2061 Horatii
512 2039 660 2062 errores
694 2030 826 2063 confu-

78 2075 227 2107 'tarunt
257 2072 435 2107 Welcker
463 2075 650 2116 Nacmraq
681 2087 718 2119 p.
744 2078 823 2109 247.

97 2119 139 2153 C.
172 2119 216 2153 Ο.
248 2119 387 2154 Miiller
419 2122 549 2154 Rhein.
590 2123 756 2156 Muscam
790 2124 823 2156 5.

98 2167 132 2200 3.
157 2177 193 2211 p.
219 2169 299 2200 335.
348 2166 505 2211 Thespis
536 2179 603 2211 pro
628 2169 825 2203 inventore

96 2213 313 2258 tragoediae
352 2213 572 2248 habebatur.
621 2215 699 2249 Cfr.
740 2215 824 2249 Sui-

97 2259 165 2293 das
206 2260 246 2293 in
286 2260 323 2293 h.
364 2271 395 2294 v.
435 2260 676 2296 Dioscorides
713 2263 825 2296 Anth.

97 2305 178 2340 Pal.
201 2306 231 2340 Ι.
256 2317 293 2350 p.
315 2308 396 2340 427.
421 2308 533 2342 simili
558 2319 686 2342 errore
712 2312 824 2354 atque

98 2352 297 2387 Horatius:
338 2353 479 2396 ego-ug
517 2351 601 2396 ὅδε,
642 2355 824 2402 τραγικὴν

98 2394 145 2440 ο“ς
174 2397 363 2433 ἀνέπλασε
395 2401 542 2448 πρῶτος
573 2401 710 2457 ἀοιδήν
740 2404 826 2436 Κω-

96 2441 239 2501 μήταις
250 2445 389 2502 νεαρὰς
402 2449 642 2492 καινοτομῶν
652 2447 824 2504 χάριτας,

99 2487 263 2543 Βάκχος
288 2490 353 2528 ὅτε
387 2500 532 2553 τριττυῐ
563 2494 724 2540 κατάγοι
756 2509 823 2538 xo-

98 2534 826 2640 52⁹WZ„2³}‚23{{.25‚}⁹132.{5‘³51²,‡f‚‘55

100 2631 184 2667 Par.
208 2636 265 2669 58.
275 2647 326 2690 p.
352 2638 432 2670 301.
457 2637 638 2672 Boeckha
674 2637 751 2679 Acp'
777 2631 824 2672 οὑ

101 2677 242 2734 Θέσπις
265 2679 315 2715 ὁ
305 2682 468 2727 ποιητὴς
479 2681 652 2741 [ἐφάνη]3
678 2685 825 2741 πρῶτος

99 2721 147 2766 ὃς
176 2725 319 2771 ἐδίδαξε
351 2729 438 2778 [δρ]
470 2731 496 2763 ᾶ
527 2731 604 2775 [μα
633 2732 673 2765 ἐν
705 2732 752 2775 α]
779 2744 825 2767 στ

873 667 919 710 [ει
937 668 1003 701 καὶ
1020 667 1055 710 ἐ]
1082 667 1176 710 nvn
1201 665 1225 701 ὁ
1249 667 1300 724 [τ]
1318 663 1437 715 ράγος
1451 659 1605 710 [ἆθλον]

872 711 939 758 ἔτη
964 715 1069 748 ΗΗΠ
1099 714 1234 758 [AAJ-
1214 711 1430 769 -ἅρχοντος
1450 712 1512 749 Ἀθ
1536 711 1607 758 [ή-

874 762 1019 805 νησι].
1081 787 1090 794 .
1117 787 1125 794 .
1151 763 1263 796 ναὶου
1300 762 1368 796 τοῦ
1407 763 1605 817 προτέρου.

875 809 1007 851 „Quod
1038 809 1085 844 ad
1118 820 1259 843 annum
1292 810 1445 851 attinet,
1482 809 1606 843 consi-

874 855 1050 890 stendum
1075 867 1165 890 sane
1190 856 1231 890 in
1249 855 1395 902 Olymp.
1421 858 1480 891 61.
1505 857 1606 891 eius-

874 914 949 948 que
1013 903 1136 938 tribus
1200 903 1392 948 prioribus
1456 903 1603 938 annis.“

873 950 1050 984 Bonclffl.
1073 961 1107 984 a.
1126 950 1213 984 Chr.
1231 952 1429 985 536—534.
1454 951 1526 984 sub
1543 950 1605 984 Pi-

874 997 1039 1031 sistrato.
1083 997 1284 1042 Thespidis
1308 998 1444 1032 merita
1467 998 1606 1042 optime

873 1044 1048 1089 exposuit
1092 1044 1316 1079 Aristoteles
1362 1044 1464 1090 apud
1511 1045 1605 1079 The·

873 1091 1039 1126 mistium
1080 1091 1115 1126 ei
1157 1091 1210 1125 ita
1245 1091 1503 1127 adversantem
1541 1091 1605 1129 Or.

874 1139 930 1172 26.
964 1149 1047 1193 pag.
1074 1140 1153 1172 382.
1178 1138 1312 1174 Binda
1350 1137 1456 1173 Ἀλλὰ
1488 1141 1553 1172 καὶ
1578 1137 1604 1183 ἦ

873 1184 996 1228 ocum)
1022 1185 1211 1239 τραγῳδία
1234 1184 1331 1229 μετὰ
1349 1183 1476 1230 πάσης
1500 1184 1604 1229 ὁμοῦ

875 1232 942 1275 τῆς
966 1232 1108 1276 σκευῆς
1131 1234 1195 1266 καὶ
1215 1233 1283 1266 τοῦ
1307 1234 1429 1289 χοροῦ
1445 1236 1513 1266 καὶ
1530 1234 1605 1267 τῶν

876 1276 1089 1326 ὑποκριτῶν
1095 1277 1366 1335 παρελήλυθεν
1382 1280 1421 1322 ἐς
1443 1278 1487 1314 τὸ
1514 1281 1606 1314 θέα-

875 1337 974 1381 τρον·
984 1328 1050 1360 καὶ
1059 1324 1124 1360 οὐ
1115 1338 1231 1381 προσε
1237 1338 1357 1371 χομεν
1363 1325 1606 1384 Ἀριστοτέλει

871 1370 934 1406 ότι
960 1372 1003 1407 τὸ
1028 1373 1100 1416 μὲι
1125 1374 1274 1430 πρῶτον
1292 1372 1315 1408 ὁ
1341 1373 1459 1422 χορὸς
1475 1373 1604 1409 εἰσιών

872 1413 962 1466 ᾖδεν
987 1423 1052 1462 εἰς
1088 1420 1177 1463 τοὺς
1212 1418 1346 1463 θεούς,
1387 1423 1530 1465 Θέσπις
1565 1422 1605 1456 δὲ

873 1465 1068 1557 zffissffissg
1108 1479 1158 1548 ²0⁸.
1184 1460 1604 1564 ’‘ffaffiwffizizi‘zzfs

874 1563 1047 1616 (praeter
1084 1562 1239 1596 chorum
1280 1566 1318 1597 et
1358 1574 1511 1619 πρωταγ
1489 1576 1604 1608 smu-

874 1605 986 1652 στήν)
1012 1610 1077 1642 καὶ
1094 1607 1129 1642 ἀ
1129 1609 1334 1657 ερίβαντας,
1360 1621 1407 1644 τα
1423 1610 1464 1644 δὲ
1489 1611 1605 1645 τλείω

875 1654 1018 1690 τούτων
1052 1657 1299 1700 Σοφοκλέους
1333 1655 1604 1702 ἀπελαύσαμεν

872 1705 938 1736 καὶ
976 1701 1193 1750 Εὖριπιδου.
1225 1724 1274 1728 -
1302 1706 1480 1746 plaustris
1516 1706 1604 1749 cet-1

872 1749 988 1784 Error
1019 1751 1082 1784 hic
1115 1754 1220 1786 ortus
1253 1751 1403 1786 videtur
1436 1764 1482 1787 ex
1514 1764 1603 1787 con·

871 1797 1023 1832 fusione
1048 1808 1134 1832 cum
1158 1798 1225 1841 iis,
1258 1810 1354 1843 quae
1388 1797 1436 1832 τά
1460 1811 1503 1833 εκ
1530 1800 1604 1834 τῶν

871 1841 1031 1887 ἁμαξῶν
1079 1846 1274 1880 vocabant.
1334 1846 1440 1881 Plato
1488 1847 1602 1893 Legg.

874 1893 905 1924 1.
930 1903 967 1936 p.
994 1894 1074 1926 637.
1098 1892 1141 1926 Β.
1167 1892 1325 1927 Suidas:
1369 1890 1426 1927 Τὰ
1456 1894 1498 1928 ἐκ
1528 1895 1603 1928 τῶν

871 1935 1042 1981 ἁμαξῶν·
1075 1939 1138 1972 ἐπὶ
1170 1939 1244 1973 τῶν
1267 1937 1604 1996 ἀπαρακαλύπτως

874 1982 1139 2019 σκωπτόντων.
1185 1984 1367 2031 Ἀθήνησι
1391 1986 1474 2042 γὰρ
1489 1989 1531 2022 ἐν
1555 1990 1603 2035 τῇ

872 2032 947 2064 τῶν
980 2033 1097 2066 Χοῶν
1133 2033 1249 2094 ἑορτῇ
1286 2035 1326 2067 οἱ
1362 2032 1604 2089 »ξωμάζοντες
1670 2033 1674 2035 “

872 2078 934 2110 ἐπὶ
959 2079 1034 2112 τῶν
1039 2076 1216 2132 ἁααξῶν
1244 2078 1333 2122 τούς
1356 2080 1604 2135 ἀπαντῶντας

872 2121 1070 2159 ἔσκωπτόν
1107 2137 1146 2159 τε
1183 2128 1248 2160 καὶ
1283 2125 1516 2185 ἐλοιδόρουν
1557 2128 1603 2164 τό

872 2170 904 2203 δ’
929 2170 1024 2205 αὐτὸ
1049 2174 1115 2206 καὶ
1140 2178 1248 2216 τοῖς
1234 2172 1455 2218 1ηναὶοις“
1442 2172 1602 2224 ὕστερον

872 2217 1040 2252 ἐποίουν.
1066 2220 1175 2255 Certe
1200 2222 1504 2266 antiquissimum
1522 2235 1603 2259 sce-

873 2276 943 2300 nae
983 2277 1103 2320 genus
1141 2270 1222 2302 erat
1261 2279 1338 2303 ιιοιι
1378 2271 1601 2328 plaustrum,

873 2313 940 2346 sed
957 2310 1072 2355 ἔλεός,
1098 2311 1261 2361 τράπεζα
1284 2313 1439 2372 ἀρχαία,
1464 2320 1527 2360 ἐφ’
1553 2315 1601 2363 ἣν

873 2358 946 2406 πρὸ
972 2360 1161 2404 Θέσπιδος
1183 2360 1238 2405 εἷς
1268 2373 1326 2405 τις
1348 2362 1497 2407 ἀναβὰς
1522 2370 1603 2409 τοῖς

872 2412 1072 2454 χορευταῖς
1095 2407 1337 2456 απεκρίνατο.
1367 2411 1504 2446 Pollux
1529 2412 1600 2447 Οιι.

872 2456 1088 2496 4,123.-
1114 2457 1275 2497 faecibus
1303 2458 1447 2502 ora]„
1459 2470 1507 2493 ue
1540 2471 1600 2494 co-

872 2505 1161 2545 gnoscerentur3
1193 2504 1358 2538 nondum
1384 2506 1483 2539 enim
1508 2517 1600 2540 usus

873 2550 954 2582 erat
993 2559 1251 2593 personarum.
1262 2551 1279 2569 “
1331 2552 1492 2593 Senon„
1511 2552 1601 2600 (ae

873 2595 1044 2629 similiter
1061 2596 1216 2631 Tzetzes
1236 2597 1356 2632 Gram.
1381 2611 1418 2653 p.
1437 2601 1517 2641 335,
1535 2601 1599 2633 20:

873 2643 978 2687 τρυγὶ
1012 2646 1318 2696 καταχρίσαντε,
1304 2657 1322 2669 r·
1368 2643 1493 2679 αὐτῶν
1534 2644 1601 2688 τὰς

873 2688 967 2730 θέας
999 2671 1397 2734 ἀγνωστοφανῶς.)
1432 2693 1497 2727 sed
1522 2693 1598 2727 for-

871 2737 971 2769 tasse
988 2738 1155 2770 tantum
1145 2739 1218 2771 loci
1233 2740 1271 2772 et
1284 2738 1459 2773 lasciviae
1475 2750 1598 2774 causa.
