1786 2912
197 139 279 181 130

693 137 900 173 HORATII
925 138 1210 173 SATIRARUM

310 239 516 282 Attamen
547 244 590 282 et
621 239 780 281 iustum
812 242 984 295 poteras
1016 243 1059 282 et
1090 240 1278 283 scribere
1310 240 1482 295 fortem,

313 311 557 367 Scipiadam
588 314 635 352 ut
667 310 839 366 sapiens
870 309 1077 352 Lucilius.
1123 310 1253 352 Haud
1283 311 1389 353 mihi
1420 311 1565 366 deero,

313 381 423 424 Cum
454 396 523 424 res
554 382 649 437 ipsa
679 381 801 422 feret.
846 368 944 423 'Nisi
976 380 1127 424 dextro
1158 385 1351 437 tempore
1381 381 1524 424 Flacci

311 452 457 495 Verba
486 467 564 508 per
595 455 803 494 attentam
834 466 921 494 non
951 452 1075 493 ibunt
1106 452 1304 495 Caesaris
1337 467 1501 507 aurem,

313 523 395 565 Oui
425 523 537 565 male
570 523 606 563 si
637 523 832 578 palpere,
865 522 1106 565 recalcitrat
1136 523 1325 579 undique
1355 527 1487 565 tutus.

1655 525 1711 566 20

313 594 485 642 Quanto
516 594 674 635 rectius
707 593 787 635 hoc
819 607 946 649 quam
977 594 1090 635 tristi
1122 593 1291 637 laedere
1322 609 1448 637 versu

311 665 590 706 Pantolabum
620 679 811 706 scurram
842 665 1226 718 Nomentanumque
1257 671 1464 719 nepotem,

314 736 423 778 Cum
445 735 528 777 sibi
555 736 735 792 quisque
762 736 898 788 timet,
928 750 1186 791 quamquam
1217 739 1282 778 est
1308 736 1506 789 intactus,
1535 740 1577 779 et
1600 736 1710 779 odit!

313 806 427 855 Quid
458 807 644 849 faciam?
676 806 812 849 Saltat
842 805 1063 859 Milonius,
1097 810 1144 848 ut
1176 807 1310 849 semel
1340 807 1423 849 icto

291 921 346 952 16.
378 928 497 960 posses
524 929 711 963 superscr.
734 920 881 960 poteras
909 917 943 951 S.
971 937 1014 941 —-
1042 920 1097 951 20.
1123 919 1336 952 recalcitrat
1365 918 1574 963 bScp,LCt:
1608 927 1665 953 re-

242 967 407 1000 calcitret
432 977 478 1000 ex
503 977 579 999 uno
609 966 746 1000 Codice
765 965 972 1008 Bentleius,
998 965 1075 998 ΓΜ.
1095 985 1138 989 -
1159 968 1213 999 22.
1240 967 1555 1000 Nomentanumvc
1581 977 1663 1001 cum

226 1016 421 1058 ⁸quattuor
447 1013 526 1047 suis
554 1016 591 1047 et
616 1013 764 1047 duobus
790 1012 1013 1047 Bersmanni
1039 1013 1246 1047 Bentleius.

193 1101 279 1135 Vid.
312 1101 359 1135 ad
386 1101 455 1135 Od.
483 1104 520 1144 1,
549 1104 609 1143 19,
638 1103 692 1135 11.
720 1103 758 1144 2,
787 1103 846 1143 13,
875 1103 928 1134 17.

195 1168 238 1172 -
266 1149 466 1191 describat]
503 1148 741 1191 „describere
772 1148 927 1193 possit.“

195 1215 238 1220 —
263 1197 419 1229 volnera
450 1196 602 1239 Parthi]
637 1196 744 1230 Hanc
777 1205 929 1240 quoque

193 1254 322 1277 rerum
378 1243 638 1277 Parthicarum
700 1243 930 1277 mentionem

193 1293 296 1324 recte
329 1290 479 1324 Franke
512 1291 646 1324 retulit
679 1291 724 1323 ad
761 1301 793 1324 a.
826 1302 862 1323 u.
897 1301 928 1324 c.

193 1339 293 1379 724.,
332 1337 472 1382 quippe
512 1348 587 1382 quo
622 1337 849 1371 Octavianus
884 1337 928 1370 ab

193 1385 362 1429 Aegypto
389 1395 457 1428 per
485 1384 630 1429 Syriam
657 1387 694 1418 et
709 1383 837 1418 Asiam
862 1384 930 1417 mi-

193 1442 324 1465 norem
371 1431 564 1476 profcctus
607 1434 644 1465 et
691 1432 930 1466 subditorum

193 1479 319 1513 omnia
344 1479 497 1524 negotia
515 1482 551 1513 et
573 1479 737 1523 primum
754 1478 930 1512 Parthica

193 1526 294 1559 inter
312 1526 513 1559 Phraatem
541 1528 578 1560 et
597 1526 804 1559 Tiridatem
832 1537 930 1560 com·-

192 1573 329 1617 posuit.
356 1573 427 1606 Dio
456 1573 558 1606 Cass.
585 1575 642 1615 51,
672 1576 726 1606 18.

245 1622 366 1653 16-18.
389 1620 554 1662 poteras]
581 1622 623 1653 ut
639 1619 725 1653 Itali
742 1622 865 1661 potevi
883 1619 928 1653 de

193 1668 342 1701 actione
385 1667 629 1711 hypothetica
672 1667 837 1709 (posses)
876 1667 930 1700 ita

194 1714 401 1756 enuntiata,
428 1724 471 1747 ac
491 1714 522 1748 si
542 1714 615 1747 iam
634 1714 759 1747 locum
776 1714 929 1748 habuis-

194 1764 269 1804 set,
303 1763 432 1805 utpote
459 1772 556 1806 quae
589 1761 718 1795 saltem
744 1772 928 1805 perquam

194 1808 372 1852 optabilis
399 1808 458 1842 sit.
486 1808 592 1842 Conf.
617 1819 650 1842 v.
669 1810 700 1841 7.
721 1827 763 1831 --
783 1808 928 1851 sortem]

194 1865 279 1888 cum
306 1856 466 1889 bellicae
492 1856 623 1889 virtuti
643 1858 866 1899 opponatur,
892 1856 928 1889 h.

193 1902 217 1935 l.
254 1905 510 1945 „constantem
537 1913 580 1936 ac
613 1903 928 1947 magnanimum“‚

193 1952 236 1983 ut
261 1948 355 1994 Epp.
386 1952 416 1992 1,
444 1952 475 1992 7,
501 1951 565 1983 46:
590 1951 767 1983 Strenuus
794 1952 827 1982 et
853 1951 928 1991 for-

193 1998 266 2038 tis:
280 1998 478 2038 Philippus.
505 2016 550 2020 —
573 1996 801 2038 Scipiadam]
828 1997 929 2030 Afri-

194 2054 329 2077 canum
362 2043 558 2078 minorem.
608 2044 791 2078 Priscian.
827 2045 859 2077 2.
891 2055 928 2088 p.

195 2093 250 2125 78.
277 2091 362 2125 Kr.:
392 2092 561 2133 Virqilius
588 2091 716 2133 (immo
743 2092 815 2124 iam
842 2094 928 2125 ante

193 2138 366 2172 Lucilius
392 2138 473 2182 ipse
500 2138 600 2183 apud
627 2138 722 2172 Gell.
750 2140 782 2181 4,
811 2140 865 2171 17.
893 2141 930 2172 et

193 2185 396 2219 Lucretius
412 2187 445 2228 5,
466 2186 584 2228 1047.)
602 2187 799 2218 secundum
814 2186 929 2219 Grae-

194 2241 275 2265 cam
306 2234 468 2274 sormam
493 2232 686 2277 Scipiadas
719 2234 812 2266 divit
839 2232 928 2275 (Ge.

195 2280 234 2320 2,
275 2281 354 2313 170.
387 2280 481 2313 Aen.
522 2283 562 2322 6,
601 2280 705 2322 844.)
744 2277 822 2312 ἀπὸ
861 2279 929 2313 τοῦ

194 2327 363 2367 Σκίπιος.
414 2327 476 2359 Sic
502 2327 644 2360 Statius
671 2327 786 2361 Theb.
814 2329 845 2369 1,
871 2329 928 2360 48.

196 2374 396 2414 Oedipodes
423 2385 492 2417 pro
513 2375 670 2415 Oedipus
689 2375 814 2408 dicere
842 2384 926 2408 coa-

195 2422 279 2453 ctus
307 2422 397 2453 erat.
426 2420 532 2454 Conf.
558 2432 591 2454 v.
612 2422 667 2454 72.
689 2440 730 2444 ——
750 2422 925 2463 Lucilius]

196 2467 292 2511 „qui
319 2478 429 2511 saepe
455 2467 559 2501 illius
594 2468 720 2502 herois
747 2468 927 2502 iustitiam

194 2516 306 2558 atque
333 2514 592 2548 fortitudinem
619 2515 796 2549 laudibus
824 2518 929 2548 extu-

194 2561 272 2594 lit.“
300 2579 343 2584 —
378 2563 493 2594 Haud
524 2563 614 2594 mihi
647 2562 779 2604 deero]
816 2561 926 2604 „Non

195 2608 267 2641 sibi
302 2608 409 2642 deest
435 2608 493 2650 is,
532 2608 597 2652 qui
631 2609 721 2642 facit
755 2611 792 2642 et
826 2609 928 2653 quod

195 2655 267 2688 sibi
306 2665 399 2699 opus
437 2658 495 2689 est
535 2658 572 2689 et
609 2655 710 2699 quod
745 2656 926 2700 oportet.“

193 2702 288 2735 ΑΘΚ.
314 2702 422 2736 Conf.
451 2702 524 2736 Sat.
554 2704 591 2744 1,
618 2705 659 2744 9,
686 2704 742 2736 56.
768 2721 816 2728 —-
842 2705 928 2737 Cum

978 1109 1036 1134 res
1060 1102 1141 1142 ipsa
1166 1101 1282 1143 seret]
1320 1101 1438 1144 „Cum
1472 1103 1619 1146 tempus
1651 1111 1712 1135 ve-

979 1149 1078 1181 nerit
1102 1148 1392 1192 opportunum.“
1414 1167 1457 1172 -—
1477 1150 1607 1182 deoetro
1627 1151 1712 1182 tem-

975 1195 1086 1237 pore]
1114 1195 1188 1229 Sat.
1215 1197 1247 1238 2,
1273 1198 1312 1238 4,
1338 1198 1370 1229 4.
1398 1196 1601 1240 opponitur
1627 1199 1713 1229 tem-

976 1251 1066 1284 pore
1094 1244 1208 1276 laevo.

1030 1292 1083 1323 19.
1110 1291 1167 1323 20.
1197 1299 1266 1331 per
1298 1292 1479 1323 attentam
1496 1308 1511 1314 -
1529 1308 1544 1315 -
1562 1290 1713 1333 aurem]

982 1336 1185 1378 „Caesaris
1220 1347 1348 1370 aurem
1382 1337 1496 1371 verba
1528 1348 1611 1372 mea
1635 1349 1712 1372 non

979 1383 1176 1418 invenient
1201 1386 1392 1426 attentam,
1418 1384 1491 1418 nisi
1520 1384 1552 1418 si
1578 1395 1713 1429 oppor-

978 1432 1071 1464 tuno
1098 1433 1281 1474 tempore,
1308 1441 1392 1465 cum
1418 1442 1439 1465 a
1464 1432 1626 1476 negotiis
1651 1442 1713 1466 va-

980 1481 1050 1520 cat,
1077 1479 1111 1511 ei
1138 1478 1302 1512 oblatum
1329 1479 1402 1512 erit
1425 1489 1575 1513 carmen
1593 1478 1713 1523 ipsius

980 1526 1110 1559 laudes
1136 1526 1397 1570 praedicans.“
1427 1525 1533 1559 Conf.
1558 1525 1652 1570 Epp.
1680 1528 1713 1568 2,

981 1575 1012 1614 1,
1049 1576 1065 1606 1
1104 1584 1185 1617 sqq.
1214 1592 1257 1596 —
1286 1574 1351 1606 Cui
1375 1573 1468 1615 eet]
1505 1573 1646 1615 „Quem
1682 1574 1713 1607 si

979 1620 1064 1663 quis
1080 1620 1256 1653 laudibus
1272 1619 1427 1653 extollat
1441 1619 1581 1664 ineptis
1599 1622 1713 1664 atque

978 1666 1252 1708 immoderatis,
1290 1666 1354 1700 ille
1394 1677 1455 1701 eas
1488 1666 1714 1712 dedignatur

978 1715 1015 1747 et
1024 1713 1204 1757 respuit.“
1216 1732 1258 1736 —
1267 1713 1378 1756 male]
1392 1714 1711 1758 „intempestive.“

979 1759 1085 1794 Conf.
1113 1760 1188 1794 Sat.
1217 1763 1248 1802 1,
1275 1763 1308 1802 9,
1336 1762 1392 1794 65.
1412 1780 1455 1784 —-
1481 1762 1711 1804 recalcitrat]

980 1807 1056 1841 Cic.
1082 1819 1151 1851 pro
1171 1807 1297 1841 Caelio
1324 1810 1380 1850 15,
1407 1810 1462 1841 36.
1490 1808 1536 1842 de
1561 1809 1632 1842 hoc
1657 1809 1714 1842 iu-

978 1865 1073 1888 vene
1084 1855 1253 1888 Clodiam
1268 1857 1454 1889 amantem
1468 1858 1712 1900 aspernante:

979 1903 1160 1944 calcitrat,
1177 1903 1327 1944 respuit.
1345 1902 1456 1936 Haud
1473 1903 1600 1936 minus
1618 1903 1712 1936 mire

977 1948 1174 1995 Augustus
1202 1952 1340 1982 etcum
1358 1948 1538 1993 accipitre
1565 1952 1602 1983 et
1627 1960 1712 1983 cum

978 1996 1067 2039 lupo
1095 1999 1334 2041 comparatur
1365 1997 1412 2030 ab
1439 1996 1572 2030 Ovidio
1601 1996 1712 2031 Trist.

979 2045 1020 2084 1,
1057 2045 1095 2086 1,
1131 2045 1175 2077 75
1210 2054 1292 2088 sqq.
1319 2063 1364 2067 —
1395 2045 1556 2084 undique
1591 2043 1712 2087 tutus]

979 2090 1197 2132 „Quomodo
1217 2101 1338 2135 equus
1355 2090 1635 2125 recalcitrando
1652 2102 1711 2125 ar-

979 2140 1039 2171 cet
1065 2149 1086 2171 a
1112 2148 1151 2171 se
1169 2138 1368 2172 molestum
1386 2138 1631 2182 palpatorem,
1657 2138 1711 2172 sic

979 2184 1117 2219 Caesar
1143 2185 1294 2229 ineptos
1328 2185 1561 2227 adulatores,
1595 2185 1646 2219 ita
1671 2187 1713 2218 ut

979 2243 1130 2276 quoquo
1167 2243 1300 2266 versus
1335 2243 1374 2266 se
1408 2232 1454 2266 ab
1489 2243 1618 2266 eorum
1652 2231 1711 2265 in-

979 2290 1094 2313 cursu
1121 2280 1299 2313 tutetur.“

1026 2328 1147 2360 21-26.
1181 2327 1326 2367 Quanto
1350 2327 1486 2359 rectius
1510 2325 1594 2369 cet.]
1621 2325 1711 2359 Tre-

978 2373 1070 2407 batii
1097 2375 1186 2407 sunt
1210 2375 1286 2406 tres
1312 2383 1445 2406 versus
1462 2372 1662 2406 Horatium
1689 2383 1710 2406 a

979 2420 1104 2454 satiris
1139 2419 1350 2454 scribendis
1384 2418 1630 2454 dehortantis.
1667 2438 1709 2443 —-

978 2467 1088 2510 tristi]
1109 2466 1299 2510 „mordaci
1318 2468 1355 2500 et
1374 2466 1561 2501 satirico.“
1582 2466 1710 2500 Coum.

979 2514 1046 2549 On.
1065 2533 1107 2538 —
1127 2515 1375 2548 Pantolabum
1401 2514 1486 2556 cet]
1507 2513 1613 2547 Conf.
1633 2512 1707 2546 Sat.

980 2564 1011 2604 1,
1037 2564 1076 2604 8,
1103 2563 1178 2603 11.,
1211 2571 1257 2595 ex
1283 2571 1358 2605 quo
1384 2571 1418 2594 v.
1443 2560 1612 2594 firmatur
1637 2561 1710 2593 Νο-

977 2611 1258 2648 mentanumque
1291 2610 1422 2642 contra
1447 2606 1612 2642 Bentleii
1637 2608 1710 2640 Νο-

976 2659 1243 2689 mentanumve.
1256 2674 1298 2678 —
1316 2656 1411 2696 Quid
1422 2654 1595 2697 saciam?]
1611 2654 1711 2696 „Ali-

978 2705 1034 2737 ter
1066 2702 1242 2747 equidem
1276 2702 1402 2736 facere
1435 2701 1632 2746 nequeo?“
1668 2703 1711 2734 ut
