1774 2930
166 151 254 193 448

637 152 846 187 HORATII
869 152 1221 189 EPISTOLARUM

283 252 529 308 Ingenium,
564 253 647 295 sibi
680 253 794 309 quod
823 268 980 296 vacuas
1014 254 1253 311 desumpsit
1283 255 1498 312 Athenas,

284 322 343 365 Et
375 324 527 366 studiis
561 339 695 367 annos
728 327 896 380 septem
927 325 1045 368 dedit
1074 326 1348 384 insenuitque
1456 319 1460 321 i

282 394 428 437 Libris
462 399 505 437 et
537 396 669 449 curis,
703 399 846 438 statua
875 396 1130 438 taciturnius
1162 398 1253 440 exit

283 465 544 522 Plerumque
577 470 620 509 et
650 467 742 508 risu
771 467 978 523 populum
1011 468 1170 524 quatit3
1202 469 1273 511 hic
1304 483 1385 525 ego
1415 483 1559 512 rerum

282 535 506 579 Fluctibus
538 538 583 579 in
613 538 767 580 mediis
801 541 844 580 et
874 539 1202 595 tempestatibus
1233 540 1352 582 urbis

1634 542 1695 584 85

283 607 430 651 Verba
459 609 579 665 lyrae
609 613 779 652 motura
810 624 963 652 sonum
995 614 1217 653 conectere
1248 610 1429 668 digner?

163 785 242 818 vias
277 784 462 819 incedunt
494 788 561 819 aut
592 786 639 820 ab
672 786 766 830 ipsis
799 789 903 831 pate-

163 831 280 866 factas
323 835 389 866 aut
430 836 532 867 certe
574 834 769 877 1111ᾶοίΙοος
811 835 902 868 hinc

162 879 236 924 ipsi
254 880 294 912 in
312 881 390 914 vita
406 886 489 914 arta
506 881 666 927 vestigia
683 883 901 915 contraham

162 937 319 962 necesse
358 930 434 970 est;
475 929 602 970 soloen
642 931 723 962 dem
762 930 902 963 schmal

161 975 238 1007 sich
261 976 478 1009 windenden
501 977 617 1017 Psade
647 978 713 1010 der
738 977 899 1010 Dichter.

160 1020 342 1055 Mnmmn.
384 1022 554 1067 Propert.
581 1025 622 1066 4,
651 1026 689 1066 1,
717 1026 779 1056 14:
818 1025 902 1058 Non

161 1070 273 1103 datur
297 1072 347 1103 ad
371 1071 498 1106 Musas
532 1079 682 1104 currere
720 1072 797 1104 lata
825 1073 899 1105 via.

160 1116 382 1152 Lectionem
400 1120 569 1151 contacta
587 1119 654 1162 qui
679 1118 900 1162 defendunt,

159 1163 364 1199 admodum
381 1164 584 1199 artificiose
605 1167 642 1199 et
659 1176 793 1210 parum
811 1177 899 1210 pro-

160 1210 341 1246 babiliter
380 1212 588 1256 explicant:
628 1213 772 1256 „donec
810 1223 899 1247 con-

159 1258 327 1304 tigeris.“
371 1259 642 1305 Dillenburger
669 1263 806 1304 autem,
833 1261 900 1305 qui

159 1306 316 1351 recepit,
339 1306 631 1351 interpretatur:
652 1307 744 1350 „Vis
762 1319 822 1342 me
839 1319 900 1342 ve-

160 1354 273 1399 stigia
289 1356 416 1388 vatum
434 1355 656 1400 contingere
680 1357 717 1388 et
742 1355 850 1400 sequi
860 1355 898 1389 ?“

158 1400 277 1435 Recte
286 1401 561 1436 Mitscherlioh:
578 1405 769 1436 contracta
784 1405 900 1446 „ai-ta,

160 1449 333 1483 nondum
358 1449 589 1484 imitatorum
612 1450 723 1484 turba
739 1450 901 1495 protrita

159 1506 202 1530 ac
228 1497 417 1531 dilatata.“

208 1546 361 1578 81—86.
404 1546 601 1586 Inuenium
627 1545 720 1588 cet.]
765 1544 899 1588 „Quid‚

159 1591 261 1635 quod
305 1601 416 1636 saepe
458 1591 631 1626 videmus
674 1603 738 1626 eos
783 1593 899 1637 ipsos,

159 1638 226 1683 qui
259 1649 328 1683 per
365 1639 521 1684 longum
559 1642 719 1684 tempus,
740 1639 781 1673 in
814 1641 898 1674 loco

158 1686 204 1720 ab
239 1686 342 1720 omni
376 1687 538 1731 strepitu
571 1697 689 1722 vacuo
722 1689 759 1721 et
793 1688 899 1732 quie-

158 1733 323 1777 tissimo,
362 1737 405 1767 ut
442 1737 532 1768 sunt
568 1733 759 1777 Athenae,
798 1745 898 1769 sum-

157 1791 259 1814 mum
284 1792 352 1826 per
380 1782 496 1815 otium
522 1782 672 1824 litteris,
698 1782 806 1826 poesi
831 1782 899 1815 im-

157 1828 310 1872 primis,
338 1839 469 1863 100010
495 1831 722 1872 potuerunt,
748 1839 826 1862 non
853 1839 896 1862 eo

156 1876 379 1919 pervenire,
421 1878 463 1909 ut
498 1875 538 1908 in
573 1875 715 1909 Urbem
753 1876 897 1909 reversi

157 1932 245 1956 cum
279 1933 459 1957 successu
495 1925 531 1956 et
561 1922 805 1967 popularium
831 1933 897 1967 ap-

155 1970 295 2014 plausu
312 1970 447 2014 poesin
467 1970 604 2012 colant,
632 1970 698 2004 sed
724 1980 790 2004 eos
817 1981 898 2004 sae-

155 2018 243 2061 pius
278 2017 429 2051 sibimet
462 2017 707 2061 displicentes
741 2027 801 2062 ac*
820 2028 897 2051 me-

156 2065 339 2099 ticulosos
358 2065 552 2099 silentium
571 2075 723 2098 servare
740 2064 898 2107 videbis,

155 2112 250 2146 adeo
278 2115 321 2146 ut
346 2112 554 2157 simplicem
589 2122 722 2146 eorum
755 2111 897 2145 timidi-

156 2161 270 2194 tatem
296 2160 429 2205 volgus
456 2159 634 2202 irrideat3
662 2162 803 2204 quanto
829 2159 897 2193 mi-

155 2218 230 2241 nus
257 2218 325 2252 ego
351 2208 392 2240 in
414 2207 472 2241 his
489 2207 685 2251 perpetuis
711 2207 896 2241 molestiis

156 2254 360 2299 turbisque
394 2257 526 2299 potero
562 2264 788 2298 componere
815 2264 896 2288 car-

155 2302 260 2335 mina
276 2302 369 2335 mihi
396 2302 470 2346 ipsi
498 2301 589 2336 satis
606 2301 828 2335 facientia!“
849 2320 892 2325 -

155 2349 306 2392 vacuas]
331 2350 504 2392 „otiosas,
529 2349 713 2394 quietas,“
741 2352 783 2382 ut
798 2349 893 2393 Epp.

158 2398 196 2438 1,
231 2398 272 2438 7,
307 2398 373 2430 45:
413 2405 572 2430 vacuum
605 2397 729 2430 Tibur.
758 2415 801 2419 -—
835 2397 895 2429 de-

154 2444 330 2486 sumpsit]
382 2447 514 2486 „certo
557 2443 714 2477 consilio
757 2443 893 2477 ceteris

156 2490 317 2525 urbibus
350 2491 571 2535 praeferens
607 2490 679 2524 sibi
718 2490 892 2536 delegit.“

156 2537 238 2572 Liv.
265 2540 298 2581 7,
326 2539 388 2572 10:
415 2540 601 2580 florentem
624 2539 803 2580 populum
819 2540 893 2571 Ro-

156 2594 308 2619 manum
341 2594 385 2619 ac
417 2586 667 2627 felicissimum
701 2587 793 2619 bello
825 2587 894 2618 sibi

157 2635 383 2666 desumerent
399 2634 544 2666 hostem.
556 2651 598 2656 —
612 2641 728 2665 annos
743 2633 892 2676 septem]

156 2680 341 2714 Nonnulli
381 2680 534 2725 proprie
575 2681 647 2720 hoc
687 2680 892 2724 accipiunt,

157 2727 267 2772 quasi
315 2727 494 2762 Horatius
543 2727 607 2761 hic
662 2727 893 2773 significaret

953 789 1072 821 semet
1088 788 1213 832 ipsum
1230 788 1390 823 Athenis
1408 790 1552 834 septem
1569 800 1693 825 annos·

952 834 1088 869 studiis
1106 835 1268 879 dedisse,
1292 835 1332 870 id
1350 836 1451 881 quod
1477 838 1690 882 temporum

949 882 1088 916 rationi
1111 894 1268 927 prorsus
1286 886 1484 930 repugnat.
1514 884 1569 919 Eo
1589 885 1688 919 enim

949 929 1145 973 profectus
1178 941 1262 965 esse
1286 931 1436 966 videtur
1466 932 1693 967 adolescens

950 977 1166 1011 vicenarius
1193 989 1225 1012 a.
1252 989 1288 1012 u.
1316 988 1347 1012 0.
1374 980 1459 1022 709,
1486 981 1524 1014 et
1547 989 1580 1013 a.
1607 981 1687 1014 712.

949 1024 1181 1070 depugnavit
1220 1025 1421 1070 Philippis.
1475 1026 1593 1061 Immo
1634 1027 1688 1061 fe-

950 1071 1046 1105 stiva
1070 1072 1278 1116 hyperbole,
1301 1074 1435 1116 utitur,
1464 1076 1508 1108 ut
1531 1073 1573 1107 in
1597 1074 1686 1108 illo:

948 1127 1085 1152 nonum
1129 1122 1326 1161 prematur
1365 1121 1406 1153 in
1446 1129 1598 1154 annum.
1642 1140 1685 1145 —

948 1167 1182 1207 insenuitque
1208 1166 1296 1209 cet.]
1323 1164 1391 1210 „ex
1415 1166 1602 1202 librorum
1626 1179 1687 1203 as-

949 1214 1059 1247 siuua
1074 1214 1238 1248 lectione
1257 1214 1405 1248 senium
1427 1214 1691 1257 (areisenhaste

950 1261 1234 1305 Grdmlichkeit)
1296 1262 1519 1296 contraxit.“
1584 1261 1691 1304 „Im--

948 1308 1103 1352 palluit,
1139 1308 1364 1343 immortuus
1393 1309 1484 1343 est.“
1534 1308 1686 1344 Pomm.
1710 1344 1718 1350 x

950 1354 1025 1388 Cfr.
1064 1355 1158 1400 Epp.
1188 1357 1228 1399 1,
1262 1357 1303 1399 7,
1337 1357 1393 1389 85.
1419 1356 1492 1390 etsi
1524 1357 1612 1391 aliis
1638 1356 1691 1391 de·

950 1402 1105 1436 studiis:
1131 1404 1348 1436 Immoritur
1363 1404 1492 1437 studiis
1510 1406 1544 1437 et
1561 1412 1687 1438 amore

948 1452 1099 1484 senescit
1134 1451 1300 1484 habendi.
1336 1470 1379 1474 —
1414 1450 1535 1494 curis]
1571 1451 1687 1494 „dili-

949 1500 1061 1543 gente
1086 1497 1351 1541 meditatione,
1383 1497 1591 1541 μελέταις,“
1617 1498 1691 1532 1111-

948 1544 1081 1589 primis
1106 1545 1285 1590 poeticis,
1315 1545 1535 1589 rhetoricis,
1559 1545 1685 1591 philo-

950 1592 1098 1636 sophis,
1168 1592 1507 1637 praemeditatione
1572 1593 1686 1628 etiam

949 1639 1199 1684 scriptionum
1240 1640 1446 1685 aliquando
1487 1640 1686 1675 elaboran-

948 1687 1091 1720 darum.
1116 1707 1164 1712 —
1188 1689 1315 1721 statua
1347 1689 1567 1721 taciturnius
1597 1687 1690 1731 cet.]

950 1734 1215 1777 „meditatione
1257 1745 1440 1778 persaepe
1482 1733 1684 1777 absorptus

947 1783 1059 1825 posta
1088 1781 1216 1825 prodit
1239 1782 1280 1814 in
1305 1781 1501 1824 publicum
1526 1782 1564 1815 et
1586 1781 1684 1814 mira

948 1838 1017 1861 sua
1027 1828 1284 1862 taciturnitate
1293 1828 1474 1872 voltuque
1488 1829 1683 1863 contracto
1704 1830 1707 1832 ⁷

946 1875 1091 1919 popelli
1141 1875 1474 1909 cachinnationem
1521 1876 1681 1910 movet.“

946 1921 1104 1956 Lucian.
1141 1921 1257 1967 Imag.
1293 1925 1332 1956 1:
1369 1919 1498 1966 ἀχανῆ
1537 1933 1580 1956 σε
1615 1924 1684 1957 καὶ

947 1969 1022 2003 τῶν
1039 1966 1276 2017 ἀνδριάντων
1293 1966 1568 2016 ἀκινητότερον
1585 1966 1684 2004 ἀπο-

948 2021 1075 2058 φανεῖ.
1102 2036 1146 2040 ——
1179 2017 1276 2060 emit]
1316 2027 1394 2051 non
1425 2016 1585 2051 Athenis
1619 2018 1685 2060 (ut

947 2065 1058 2098 multi
1096 2064 1398 2109 exposuerunt),
1439 2064 1506 2098 sed
1529 2064 1684 2108 Romae,

948 2123 1023 2156 quo
1049 2114 1135 2156 post
1159 2115 1301 2156 septem
1326 2122 1446 2146 annos
1473 2112 1514 2155 (i.
1541 2123 1573 2148 0.
1597 2115 1684 2156 post

946 2159 1090 2203 plures)
1118 2159 1270 2193 tandem
1294 2169 1471 2193 reversus
1497 2160 1564 2193 est.
1591 2158 1698 2202 (Alii'

946 2207 1031 2241 coll.
1056 2206 1100 2240 A.
1126 2206 1168 2240 P.
1195 2208 1258 2240 22:
1299 2209 1468 2240 currente
1499 2208 1585 2240 rota
1615 2215 1684 2240 cur

944 2263 1075 2288 urceus
1102 2255 1226 2287 emit?
1244 2254 1436 2298 explicant
1454 2253 1528 2297 „fit,
1546 2253 1688 2296 evadit,

944 2299 1157 2345 efficitur.“)
1186 2320 1229 2325 ——
1256 2302 1440 2334 Fluctibus
1466 2300 1559 2344 cet.]
1603 2300 1680 2335 Ofr.

943 2349 991 2382 ad
1016 2348 1109 2393 Epp.
1138 2351 1170 2391 1,
1198 2350 1229 2391 1,
1258 2351 1321 2382 16:
1350 2357 1490 2382 mersor
1515 2349 1679 2382 civilibus

943 2397 1062 2429 undis.
1078 2415 1121 2419 —
1136 2397 1264 2437 dianer
1273 2396 1304 2438 P]
1325 2395 1474 2440 Optime
1492 2406 1577 2429 011111
1593 2405 1686 2439 per--

944 2444 1100 2488 spiciam
1116 2443 1257 2476 Romae
1283 2443 1357 2477 arti
1379 2443 1551 2487 poeticae
1575 2453 1680 2476 exer-

943 2491 1086 2525 cendae
1112 2501 1188 2524 non
1215 2500 1296 2524 esse
1326 2491 1471 2532 locum,
1505 2500 1573 2524 0111·
1598 2491 1679 2522 tan-

943 2538 1026 2572 dem
1053 2548 1166 2571 coner
1199 2539 1314 2581 atque
1347 2548 1483 2582 operae
1514 2535 1681 2581 pretium

943 2596 1025 2619 esse
1063 2585 1196 2619 ducam
1235 2585 1403 2618 carmina
1440 2593 1678 2628 componere,

941 2634 1097 2677 propter
1137 2642 1232 2676 quae
1270 2632 1401 2676 paucis
1438 2630 1568 2666 amicis
1601 2630 1678 2664 for-

941 2683 1041 2714 tasse
1092 2679 1257 2723 exceptis
1307 2689 1417 2713 nemo
1460 2689 1507 2712 ex
1550 2677 1684 2712 animo

940 2727 1082 2772 gratias
1106 2727 1199 2761 mihi
1225 2726 1359 2772 agat?“
