1774 2930
704 162 796 199 ms
821 161 1043 210 Poenos.
1535 160 1626 211 ,469

120 267 227 310 hunc,
246 265 467 320 praesertim
488 265 659 299 libellum
691 263 934 309 interpretari
958 261 1143 306 coepere?
1183 261 1252 304 (V.
1277 262 1420 306 supra.)
1470 260 1514 296 In
1539 259 1627 314 diss.

118 311 165 348 et(
188 313 325 358 priscis
349 309 589 350 Editionibus
621 311 694 351 iam
725 313 810 356 post
832 308 983 354 Epodos
1016 311 1054 343 et
1078 307 1236 344 Carmen
1267 307 1437 343 seculare
1462 310 1627 352 ponitur,

121 360 164 398 ut
192 359 235 396 in
262 353 334 395 Hs.
361 358 617 404 Gottingensi,
652 358 740 392 item
771 356 813 391 in
845 356 912 391 Ed.
933 351 1208 401 Mediolanensi
1240 357 1367 399 14⁷7„
1404 355 1443 390 in
1471 354 1627 390 Venetis

124 401 394 450 1479‚‘(.1481.)
425 408 497 441 cet.
521 416 642 450 usque
675 404 721 440 ad
756 403 801 437 H.
828 403 1078 449 Stephanum3
1115 413 1218 439 nunc
1250 402 1371 441 medio
1406 403 1505 436 inter
1539 401 1627 446 Epi·-

121 454 238 491 stolas
262 445 520 490 et‘Sermones
545 453 648 494 loco,
680 455 722 486 ut
746 452 785 486 in
811 450 977 486 editione
1003 449 1146 492 Zaroti,
1181 460 1281 490 nunc
1306 449 1471 494 denique
1497 449 1628 493 ultimo

121 498 289 536 omnium
321 499 404 535 loco
436 503 522 545 post
545 499 751 544 Epistolas,
787 499 896 532 cuius
928 497 1093 532 instituti
1125 499 1257 531 auctor
1282 497 1428 533 videtur
1453 496 1628 541 laudatus

121 546 229 582 modo
256 547 302 582 H.
326 547 555 592 Stephanus,
578 546 643 591 qui
668 545 851 581 rationem
877 545 958 580 eius
984 543 1109 579 reddit
1131 544 1249 579 Diatr.
1274 555 1311 589 p.
1336 546 1392 579 32.
1418 543 1527 578 Certe
1552 554 1628 578 non

115 594 316 636 annotavi,
342 594 405 639 qui
432 598 518 628 ante
543 593 650 628 illum
676 593 808 627 ultimo
835 593 917 626 loco
942 595 1100 636 poneret
1124 591 1271 633 Artem,
1305 602 1428 636 neque
1454 591 1520 635 qui
1545 594 1630 635 post

118 641 234 677 illum,
252 652 328 676 non
353 639 544 686 poneret.u
585 641 801 674 Gusnnmm.

217 711 326 752 Quod
350 711 396 746 ad
422 711 541 756 ipsam
565 710 747 755 poematis
772 710 929 744 formam
954 710 1105 751 attinet,
1136 709 1194 742 illi
1229 709 1484 743 tantummodo
1510 708 1629 742 Inter-

120 762 246 804 pretes
272 769 401 793 verum
426 758 622 799 viderunt,
662 758 725 802 qui
753 757 979 801 „epistolam
1004 755 1407 791 didacticosatiricam“
1434 766 1518 790 esse
1543 766 1631 790 con·

121 806 337 848 tenderunt,
361 816 438 840 non
463 808 596 850 poema
613 804 882 839 didascalicum
907 805 1108 838 universae
1131 804 1257 847 poesis
1281 803 1384 848 leges
1410 814 1453 838 ac
1478 803 1631 848 regulas

122 863 349 898 proponens,
375 856 417 886 nt
441 853 530 886 olim
554 852 728 896 plerique
753 851 825 885 rati
851 854 949 889 sunt,
975 861 1051 884 non
1069 850 1406 884 animadvertentes
1430 853 1632 895 praecepta

121 910 242 944 paene
268 901 394 934 omnia
417 899 550 933 referri
577 899 624 933 ad
648 909 768 943 genus
795 898 1050 939 dramaticum,
1075 908 1120 931 ea
1136 907 1223 931 vero
1247 907 1399 942 genera,
1424 898 1463 931 in
1491 898 1631 942 quibus

121 947 204 991 ipse
230 946 454 988 excellebat,
486 946 645 991 lyricum
672 945 796 990 (quod
822 945 954 979 leviter
978 944 1170 978 dumtaxat
1193 944 1344 990 attingit
1369 955 1425 979 vv.
1452 945 1632 987 8=3-85.),

120 995 277 1035 satiras,
309 994 508 1038 epistolas,
541 992 786 1038 epigramma,
818 995 951 1036 poema
976 991 1263 1033 didascalicum,
1297 1001 1523 1036 quamquam
1548 991 1631 1036 ipse

123 1039 342 1074 Lucretium
368 1039 607 1084 suspiciebat,
632 1049 788 1084 prorsus
813 1039 1023 1083 praeteriri.
1063 1038 1107 1072 Id
1124 1049 1213 1073 vero
1230 1041 1319 1073 ante
1345 1039 1469 1073 omnia
1495 1041 1632 1079 teneto,

121 1087 220 1122 hanc
257 1087 451 1132 epistolam
482 1086 683 1120 Pisonibus
720 1089 871 1131 praeter
904 1089 1048 1120 ceteros
1083 1085 1305 1120 destinatam
1338 1088 1452 1130 atque
1489 1087 1535 1120 ab
1573 1086 1631 1120 his

122 1134 222 1167 intra
247 1133 470 1168 domesticos
495 1134 659 1178 parietes
685 1133 818 1167 lectam
844 1142 938 1175 esse,
963 1135 1163 1177 antequam
1190 1133 1375 1167 ederetur.
1399 1137 1401 1139 ’
1423 1133 1500 1167 Iam
1526 1144 1632 1177 pror-

123 1191 187 1214 sus
225 1181 461 1226 ignoramus,
500 1183 626 1214 utrum
663 1182 790 1224 poeta,
835 1192 929 1224 quae
968 1180 1237 1214 nonnullorum
1274 1183 1360 1224 post
1391 1180 1633 1214 Wielandum

76 1258 80 1262 .
121 1226 194 1261 fuit
226 1229 373 1272 opinio,
410 1228 559 1262 sincera
591 1227 851 1261 benevolentia
884 1228 924 1260 in
958 1227 1133 1260 Pisonem
1166 1228 1362 1262 maiorem,
1401 1227 1489 1261 boni
1529 1227 1631 1261 haud

124 1273 236 1307 dubie
275 1275 416 1319 ingenii
454 1274 750 1315 adolescentem,
788 1275 853 1308 sed
895 1274 1006 1307 nimis
1047 1274 1205 1308 fortasse
1243 1274 1420 1317 cupidum
1458 1275 1632 1319 propriae

123 1319 311 1354 facultatis
344 1321 512 1365 poeticae
544 1321 836 1365 periclitandae,
868 1321 935 1355 tali
969 1321 1013 1354 ab
1046 1332 1137 1355 auso
1163 1321 1352 1354 dehortari
1378 1322 1558 1363 voluerit,
1592 1325 1635 1356 ut

126 1378 173 1400 ne
211 1367 410 1402 mediocris
446 1367 698 1402 tantummodo
736 1371 846 1411 poeta
883 1368 1059 1401 evaderet
1102 1368 1490 1413 existimationemque
1529 1380 1632 1403 suam

126 1414 225 1458 apud
251 1415 450 1458 populares
476 1417 616 1448 temere
644 1415 827 1457 laederet3
861 1426 908 1448 an
943 1414 1068 1460 (quod
1101 1415 1369 1459 propemodum
1401 1416 1633 1460 probabilius

126 1461 288 1502 videtur)
325 1461 607 1495 adolescentuli·
629 1461 756 1494 indole
790 1465 903 1506 atque
935 1462 1087 1506 ingenio
1114 1462 1340 1503 delectatus,
1375 1463 1480 1496 nullo
1501 1464 1635 1498 illius-

125 1508 224 1541 modi
250 1509 407 1542 consilio
434 1507 617 1552 impulsus
643 1508 688 1542 de
714 1512 793 1542 arte
818 1509 966 1552 poEtica
990 1519 1074 1541 cum
1100 1519 1143 1542 eo
1161 1509 1278 1542 amice
1305 1506 1471 1554 colloqui
1497 1515 1535 1543 et
1559 1510 1634 1544 dis-

126 1565 251 1589 serere
278 1556 316 1588 in
342 1555 676 1597 animolmbuerit,
702 1566 778 1600 qua
803 1556 1096 1600 scriptiunculae
1122 1556 1241 1590 forma
1264 1559 1376 1600 atque
1402 1557 1633 1592 innocentis-

124 1601 237 1643 sima,
270 1606 311 1635 ut
335 1602 453 1636 videri
488 1601 666 1643 debebat,
700 1604 897 1636 occasione
932 1613 1023 1636 usus
1055 1602 1167 1636 utiles
1193 1603 1439 1648 popularibus
1464 1605 1634 1638 admoni-

124 1649 246 1682 tiones
278 1649 458 1693 praebere
491 1651 664 1693 tecteque
697 1649 895 1694 obiurgare
929 1649 1081 1693 iniquos
1114 1660 1202 1683 suos
1228 1648 1498 1685 obtrectatores
1533 1652 1633 1685 haud

125 1695 290 1740 neglexit
314 1696 500 1740 simulque
527 1695 812 1738 demonstravit,
847 1707 957 1740 quam
991 1697 1142 1740 penitus
1176 1698 1268 1731 artis
1295 1698 1460 1731 omnium
1486 1698 1635 1732 difficil-

123 1741 233 1776 limae
259 1746 404 1777 secreta
427 1743 689 1787 perspexisset.
739 1743 937 1787 Utcunque
962 1754 1023 1777 res
1049 1755 1088 1777 se
1125 1744 1253 1786 habet,
1285 1748 1385 1779 certe
1410 1745 1551 1779 multus
1578 1749 1635 1779 est

124 1789 164 1822 in
190 1789 446 1834 significandis
471 1791 690 1834 praesertim
715 1790 1014 1831 difficultatibus,
1039 1801 1135 1834 quae
1161 1793 1292 1835 poetae
1318 1793 1531 1826 necessario
1559 1793 1635 1827 sint

125 1836 370 1880 superandae,
395 1837 427 1870 si
452 1837 617 1871 omnium
642 1837 815 1880 plausum
839 1838 971 1871 merito
996 1838 1096 1871 ferre
1121 1838 1223 1871 velit.
1265 1838 1405 1872 Verum
1431 1840 1633 1882 enimvero,

125 1893 174 1916 ne
199 1884 312 1917 nimis
336 1884 483 1918 aridum
508 1884 726 1928 siccumque
751 1884 926 1918 evaderet
949 1885 1108 1919 huiusce
1125 1886 1337 1930 argumenti
1362 1889 1495 1930 poema
1511 1887 1635 1921 didas·

125 1929 304 1971 calicum,
338 1931 449 1974 quale
483 1931 634 1975 quidem
659 1931 759 1975 apud
786 1931 962 1974 Graecos,
987 1932 1089 1976 quod
1114 1933 1246 1974 sciam,
1281 1933 1428 1967 nullum
1454 1934 1634 1976 exstabat,

127 1976 359 2009 exhilarandi
385 1981 491 2010 erant
517 1978 699 2011 lectorum
725 1978 839 2012 animi
866 1978 958 2012 iocis
982 1979 1174 2012 interdum
1199 1980 1290 2013 satis
1308 1980 1454 2015 acerbis
1482 1982 1521 2014 in
1546 1984 1634 2025 poe·

127 2023 248 2055 tarum
273 2022 374 2064 vitia,
398 2023 438 2055 in
464 2034 577 2066 prava
601 2025 926 2067 grammaticorum
951 2025 1110 2067 iudicia,
1143 2026 1183 2059 in
1207 2037 1424 2070 perversam
1447 2027 1634 2062 Romano-

71 2090 74 2093 <
127 2078 211 2100 rum
236 2068 512 2107 educationem:
545 2080 614 2103 nec
638 2081 726 2104 vero
761 2071 900 2105 oblitus
933 2074 990 2105 est
1023 2082 1063 2105 se
1087 2072 1224 2116 suique
1250 2073 1392 2107 similes
1417 2077 1547 2118 poetas
1569 2075 1635 2109 de-

126 2114 280 2148 fendere
313 2115 493 2150 adversus
525 2117 757 2160 antiquarios
790 2120 902 2161 atque
935 2119 1086 2151 omnino
1119 2129 1300 2163 persaepe
1331 2121 1485 2155 ridendo
1516 2123 1634 2156 dicere

126 2170 264 2195 verum.
303 2162 581 2196 Sententiarum
608 2163 699 2196 ordo
724 2166 837 2207 atque
864 2167 1014 2198 mutuus
1040 2175 1159 2199 nexus
1186 2176 1207 2198 a
1224 2167 1351 2200 multis
1368 2169 1633 2212 reprehensus,

126 2218 150 2242 a
174 2209 346 2252 pluribus
371 2209 484 2243 etiam
508 2220 640 2254 parum
666 2213 906 2254 perspectus,
938 2212 1029 2245 mihi
1056 2212 1206 2256 quidem
1233 2223 1378 2258 semper
1403 2215 1633 2251 admirabilis

126 2255 231 2289 visus
249 2259 307 2290 est
325 2259 361 2290 et
377 2256 463 2290 talis
481 2257 660 2300 profecto,
687 2257 810 2301 qualis
835 2257 946 2292 debet
971 2269 1052 2292 esse
1078 2259 1118 2292 in
1145 2260 1316 2303 epistola,
1340 2271 1428 2295 vera
1451 2265 1633 2298 sermonis

126 2301 319 2336 familiaris
344 2303 519 2348 imagine,
551 2303 589 2337 id
614 2306 682 2345 est,
716 2305 900 2338 occultior
926 2308 962 2339 et
987 2306 1104 2340 laxior
1131 2317 1242 2351 quam
1267 2308 1335 2352 qui
1359 2309 1569 2353 requiritur
1593 2311 1632 2345 in

126 2351 295 2392 poemate
320 2361 421 2384 mere
446 2349 682 2384 didascalico.

222 2419 264 2453 G.
290 2420 509 2466 Bernhardy
534 2421 730 2454 Grundriss
755 2423 819 2455 der
844 2424 947 2456 Rom.
973 2423 1183 2458 Litteralur.
1217 2425 1347 2459 Zweite
1373 2428 1631 2470 Bearbeiluno.

126 2476 211 2511 pag.
237 2469 303 2501 477
330 2477 408 2512 sq.:

223 2525 418 2569 „Epistola
451 2526 497 2560 ad
529 2526 705 2568 Pisones,
741 2528 806 2560 seit
842 2529 1046 2569 Quintilian
1079 2531 1339 2570 qewc'hnlicher
1370 2531 1443 2566 Ars
1482 2533 1634 2568 Poetiea

125 2575 303 2614 aenan-nt,
335 2574 512 2606 verdankt
544 2575 603 2606 ihr
636 2575 790 2607 ehemals
823 2584 960 2616 orasses
985 2578 1132 2610 Amchn
1162 2579 1322 2620 wem’aer
1352 2580 1458 2612 ihren
1482 2581 1632 2614 wahren

130 2618 312 2659 Vorzaq'en
347 2620 403 2653 als
439 2622 519 2654 dem
556 2622 775 2662 arundlosen
810 2622 1030 2667 Vorurlheil,
1068 2625 1151 2657 dass
1188 2626 1239 2658 sie
1278 2627 1337 2658 ein
1372 2627 1507 2667 system
1545 2629 1634 2661 oder

130 2664 360 2705 Lehraedicm
398 2668 463 2700 der
498 2668 689 2700 Verslmnst
727 2669 893 2701 enthalle.
941 2671 1083 2704 Diesem
1118 2670 1254 2704 Wahne
1290 2681 1333 2705 zu
1371 2673 1534 2706 Gumten
1570 2676 1633 2708 hat

128 2717 212 2743 man
236 2713 356 2754 Ιιᾰιιβο
381 2716 555 2747 emweder
579 2716 807 2754 qewaltsame
827 2717 1095 2758 Umstellunqen
1111 2719 1274 2751 versucm
1294 2720 1381 2752 oder
1398 2721 1632 2762 Hmmmesen
