1774 2930
13 28 21 36 Ι
37 0 110 35 ΞΨῙΒ,
115 0 247 26 ἓῖἲῗψῖῌὲ
253 0 303 24 ''f'
326 0 345 19 -’

632 139 726 175 LIB:
749 140 779 174 1.
826 139 980 175 BPIST.
1001 139 1032 174 1.

1536 140 1621 182 261

227 242 355 286 Plebs
385 243 484 286 eris.
530 241 590 283 At
619 241 744 298 pueri
772 240 991 295 ludentes,
1022 240 1120 284 Rex
1150 241 1256 294 eris,
1289 240 1428 294 aiunt,

227 312 274 355 Si
303 316 420 355 recte
449 312 593 355 facies.
639 311 724 354 Hic
753 325 901 354 murus
933 314 1091 353 aeneus
1122 314 1244 354 esto:

1567 311 1623 352 60

226 382 297 425 Nil
327 384 519 426 conscire
551 382 652 436 sibi,
684 382 804 424 nulla
831 382 1067 438 pallescere
1098 382 1235 439 culpa.

226 453 402 507 Roscia,
434 453 503 496 dic
533 453 677 507 sodes,
708 453 861 495 melior
891 453 982 506 lex,
1014 466 1070 495 an
1099 466 1328 508 puerorum
1359 456 1425 494 est

225 523 383 578 Nem‘a,
415 538 524 580 quae
555 537 734 579 regnum
764 528 880 566 recte
909 523 1164 565 facientibus
1197 523 1340 574 offert,

226 594 284 638 Et
313 595 501 637 maribus
533 594 674 637 Curiis
707 597 749 636 et
779 593 1005 636 decantata
1035 593 1259 636 Camillis?

226 665 324 708 Isne
354 665 434 707 tibi
464 665 617 708 melius
650 664 819 717 suadet,
853 665 924 720 qm·
955 678 1046 706 rem
1078 664 1228 718 facias,
1259 678 1372 713 rem,

108 772 225 813 modo,
238 772 493 804 verumetiam
506 771 611 812 fldem
626 770 841 811 consumpsi.

109 817 238 852 Horat.
262 817 359 862 Epp.
379 820 410 859 1,
436 820 470 859 6,
497 819 559 850 36:
583 817 725 851 scilicet
751 825 842 850 uxo-

108 873 186 898 rem
211 873 293 898 cum
317 866 399 898 dote
433 865 610 906 fidemque
645 866 680 897 et
705 864 841 896 amicos

108 913 156 945 Et
181 920 293 953 aeuus
317 914 351 945 el
382 913 542 954 sormam
576 912 705 952 noina
730 912 840 943 Pecu-

109 959 175 992 m'a
198 959 321 992 donat.
345 977 391 982 —-
417 956 715 999 quadringentis]
743 957 842 996 Qua-

110 1004 310 1051 dringenta
342 1004 446 1039 milia
469 1005 516 1039 H.
543 1004 578 1039 S.
615 1003 755 1049 (80000
780 1003 841 1037 Fr.

110 1051 222 1095 Gall.)
249 1061 386 1087 census
412 1055 492 1086 erat
518 1054 704 1096 equester.
732 1050 840 1085 Conf.

108 1098 152 1133 A.
164 1099 207 1132 P.
222 1100 302 1132 383.
321 1098 394 1139 Qui
412 1099 607 1144 aliquanto
625 1098 711 1143 plus
729 1098 842 1132 etiam

108 1145 351 1200 possidebant
383 1149 421 1180 et
455 1156 617 1191 quorum
649 1146 724 1179 iam
750 1156 841 1179 avus

109 1203 298 1238 ingenuus
323 1193 467 1236 fuerat,
493 1194 641 1238 equites
666 1194 840 1234 illustres,

108 1241 300 1283 splendidi,
317 1242 476 1282 insignes
494 1241 738 1281 vocabantur,
757 1239 841 1283 qui-

111 1286 181 1320 bus
219 1289 343 1320 tenues
380 1288 677 1331 opponebantur.
707 1305 749 1310 —
779 1295 844 1320 seat

109 1333 263 1376 septem]
288 1333 356 1368 Est
386 1334 637 1378 proverbialis
670 1333 842 1367 formula.

115 1379 265 1414 Terent.
282 1380 378 1413 Eun.
397 1383 430 1424 2,
449 1383 481 1420 3,
501 1383 565 1414 392
592 1381 705 1413 Illum
733 1381 844 1420 liquet

111 1427 199 1460 mihi
235 1428 420 1470 deierare,
463 1429 518 1460 his
554 1429 735 1460 mensibus
771 1428 844 1460 Sex

108 1475 246 1515 septem
267 1482 439 1516 prorsum
464 1483 536 1507 uon
559 1475 691 1507 vidisse
714 1475 841 1515 proeci-

110 1522 190 1554 παῦε.
208 1520 284 1555 Gic.
298 1521 345 1555 ad
356 1521 431 1555 Att.
448 1524 502 1564 10,
516 1523 550 1561 8,
563 1523 603 1555 6;
627 1530 693 1554 sea·
708 1524 840 1562 septem

111 1568 250 1602 diebus.

159 1615 296 1648 59-61.
329 1616 431 1648 Plebs
457 1615 549 1658 eris]
585 1615 839 1656 „Contemne-

108 1660 178 1703 ris,
200 1662 299 1696 inter
315 1662 464 1706 plebem
489 1662 725 1706 repfltaberis
744 1664 781 1695 et
798 1662 838 1694 in

109 1707 210 1742 xtv.
242 1708 439 1743 ordinibus
472 1720 548 1743 non
583 1709 766 1743 sedebis.“
795 1728 837 1732 —-

106 1757 218 1796 pueri
250 1757 411 1790 ludentes
443 1756 528 1799 cet]
562 1756 623 1790 Sic
649 1756 838 1800 explican-

111 1801 202 1835 dum
225 1802 395 1837 videtur:
424 1804 558 1846 „Pueri
584 1804 649 1837 ubi
674 1802 772 1836 inter
799 1814 839 1837 se

112 1848 268 1893 ludunt,
301 1851 365 1894 qui
389 1851 555 1894 plurium
589 1851 647 1885 vel
673 1850 839 1884 omnium

112 1895 254 1930 iudicio
290 1897 389 1931 inter
427 1908 555 1931 omnes
589 1898 839 1932 dexterrimus

113 1945 186 1984 est,
210 1954 277 1976 rex
299 1944 584 1978 declarabitur.“
626 1945 697 1978 Dio
724 1944 841 1989 Chry-

112 1992 299 2023 sostomus
332 1991 377 2024 de
410 2002 526 2035 regno
561 2002 613 2025 or.
640 1994 673 2024 4.
698 2002 734 2035 p.
762 1993 839 2025 157.

114 2034 177 2067 R.:
202 2033 296 2089 0536&
319 2034 391 2083 γὰρ
417 2037 490 2070 τῶν
516 2037 659 2071 παίδων
684 2036 707 2070 ὁ
732 2035 841 2081 νική-

115 2091 198 2122 σας,
222 2092 316 2115 οταν
333 2085 523 2125 παίζωσιν,
548 2080 593 2117 ὃν
616 2082 727 2117 αὐτοί
744 2095 843 2125 φασι

115 2125 289 2170 βασιλέα,
305 2130 357 2174 τῷ
374 2126 457 2163 ὄντι
473 2127 653 2171 βασιλεύς
669 2131 782 2163 ἐστιν.
798 2150 839 2154 -

114 2175 155 2207 Si
183 2178 278 2208 recte
310 2177 444 2219 facies]
477 2177 632 2210 Addunt
657 2176 779 2210 Schol.
806 2180 842 2211 et

114 2220 284 2256 Isidorus
303 2222 402 2268 Orig.
420 2227 453 2265 9,
472 2226 504 2266 3,
518 2227 558 2257 4:
581 2225 613 2256 si
630 2232 702 2256 non
718 2225 842 2267 saci-es,

116 2275 190 2301 non
226 2270 305 2303 eris.
355 2270 469 2304 Pueri
507 2271 562 2304 sic
599 2270 842 2315 intelligunt:

118 2313 186 2357 „Si
227 2316 344 2350 facies
386 2318 523 2362 optime
563 2318 662 2351 inter
704 2327 843 2360 omnes,

117 2372 214 2406 quae
239 2363 318 2397 ludi
343 2365 403 2398 lex
427 2365 583 2409 poscit.“
614 2364 693 2398 Hac
718 2367 841 2398 autem

114 2419 205 2443 voce
246 2412 350 2444 velut
389 2413 586 2456 perculsus
624 2411 844 2455 παθητικῶς

115 2457 298 2491 exclamat
320 2460 451 2502 posta:
480 2458 632 2501 „Nonne
651 2460 743 2492 haec
762 2469 842 2492 ver-

116 2502 165 2536 ba
175 2505 464 2539 reconditiorcm
478 2507 589 2540 etiam
601 2505 741 2540 habent
758 2517 843 2540 sen-

117 2559 212 2592 sum,
229 2551 295 2585 ubi
311 2552 442 2586 eadem
460 2553 506 2586 ad
519 2556 632 2587 totam
649 2553 842 2586 hominum

116 2596 229 2631 vitam
254 2599 478 2643 applicaris?
503 2600 557 2633 Ac
581 2600 750 2644 profecto
773 2601 842 2634 hoc

118 2641 217 2677 idem
233 2649 334 2680 rccte
351 2647 473 2681 facere
499 2647 729 2694 (κοτορθοῦν
748 2647 842 2681 Stoi-

119 2691 261 2734 corum)
279 2694 498 2738 nulliusque
515 2695 644 2740 flagitii
663 2695 736 2729 sibi
754 2705 842 2728 con-

1567 662 1622 704 65

886 769 1006 802 scium
1034 779 1137 811 esse,
1171 773 1229 803 est
1254 768 1350 802 illud
1384 768 1487 802 velut
1520 768 1623 802 inex-

884 815 1090 861 pugnabile
1128 816 1477 861 propugnaculum,
1519 815 1621 860 quod

885 873 954 896 nos
986 873 1143 907 prorsus
1170 873 1324 897 securos
1361 866 1397 897 et
1421 865 1623 907 propterea

885 909 1013 943 beatos
1047 909 1205 944 reddit.“
1233 929 1278 934 -
1302 909 1360 943 Ad
1394 911 1494 942 muri
1518 911 1624 943 aemi

886 955 971 998 (Od.
990 959 1023 998 3,
1041 958 1074 998 3,
1100 957 1173 998 65.)
1200 957 1402 1002 imaginem
1429 957 1495 990 cfr.
1513 955 1622 990 Pind.

884 1003 1030 1049 Fragm.
1058 1005 1136 1038 153.
1162 1004 1283 1038 Diss.:
1315 1002 1461 1047 Σχήσει
1487 1001 1530 1037 τὸ
1556 1012 1623 1036 πε-

886 1052 1087 1097 πρωμένον
1128 1049 1175 1084 οὐ
1218 1051 1311 1097 πῦρ,
1353 1049 1400 1083 οὐ
1443 1047 1622 1097 σιδάρεον

887 1099 1033 1140 Τεῖχος.
1058 1098 1235 1132 Aeschin.
1254 1098 1294 1131 in
1314 1097 1481 1142 Ctesiph.
1508 1098 1539 1140 ἓ.
1558 1099 1621 1131 84:

885 1144 1045 1186 χαλκοῖς
1068 1147 1134 1178 καὶ
1152 1143 1426 1188 ἀδαμαντίνοις
1444 1146 1622 1185 τείχεσιν.

885 1192 1043 1226 Lucian.
1079 1192 1124 1226 de
1151 1194 1218 1226 cal.
1254 1203 1331 1226 non
1358 1195 1444 1226 tem.
1471 1202 1524 1226 cr.
1551 1194 1620 1226 20:

884 1236 1146 1282 ἀδαμάντινον
1159 1244 1284 1281 τεῖχος
1298 1240 1367 1282 τῆς
1380 1239 1515 1282 ψυχῆς
1528 1250 1622 1285 προ-

885 1286 1134 1329 βεβλημένος.
1161 1287 1303 1320 Seneca
1320 1286 1436 1330 Epist.
1455 1288 1519 1319 82:
1539 1287 1621 1319 Plu·-

889 1334 1051 1375 losophia
1078 1334 1339 1367 circumdanda
1364 1336 1433 1375 est,
1465 1335 1621 1374 inexpu-

887 1382 1043 1421 mtabilis
1068 1389 1207 1423 murus,
1234 1389 1340 1421 quem
1356 1382 1509 1422 sor-luna
1525 1381 1621 1414 mul-

887 1429 940 1460 lis>
958 1429 1132 1464 machinis
1153 1429 1358 1461 lacessitam
1383 1436 1457 1460 non
1473 1428 1618 1460 transit.

936 1523 1057 1555 62-67.
1071 1523 1249 1554 Roscia„
1259 1521 1332 1563 leoe]
1347 1520 1432 1555 Vid.
1447 1521 1494 1555 ad
1502 1521 1619 1565 Epod.

888 1571 921 1610 4,
941 1570 996 1601 16.
1008 1568 1205 1611 -meliorl
1222 1568 1382 1610 „rationi
1399 1568 1517 1613 magis
1533 1578 1620 1602 con-

889 1616 1102 1649 sentanea.“
1132 1635 1174 1639 —
1201 1615 1336 1658 Nem’a]
1360 1626 1416 1659 pr.
1445 1625 1621 1657 „carmen

887 1662 1047 1697 funebre
1073 1662 1354 1707 praeficarum‚“
1384 1662 1524 1707 ‘deinde
1552 1673 1621 1705 „0-

887 1709 985 1743 mnis
1012 1710 1203 1744 cantilena
1227 1710 1445 1754 popula1·is“
1475 1709 1559 1752 (Od.
1587 1710 1620 1751 3,

889 1758 945 1798 28,
973 1759 1027 1790 16.
1053 1757 1248 1790 Phaedrus
1268 1759 1299 1789 3.
1317 1757 1417 1790 Prol.
1443 1759 1498 1790 10.
1515 1756 1621 1790 fabu-

888 1804 943 1838 las
970 1814 1057 1838 suas
1083 1807 1191 1838 vocat
1206 1805 1296 1837 viles
1314 1805 1481 1846 nenias),
1509 1803 1619 1837 etiam

890 1851 1139 1892 „nutricum“
1183 1849 1346 1893 (Arnob.
1389 1853 1428 1893 7,
1465 1862 1502 1895 p.
1540 1852 1620 1884 237.

888 1898 1025 1942 Lugd.:
1054 1900 1148 1931 lenes
1165 1899 1302 1939 nenias,
1322 1898 1423 1931 unde
1440 1898 1621 1931 Italorum

888 1946 1080 1988 ninnare)3
1106 1947 1142 1978 h.
1161 1945 1185 1978 l.
1201 1956 1408 1989 puerorum
1425 1945 1524 1978 illud
1541 1947 1622 1979 Rea:

890 1994 961 2025 eris
987 1996 1056 2025 cet.
1107 1991 1274 2035 „Eadem
1298 1992 1508 2036 profecto,“
1537 2002 1621 2036 per-

889 2039 955 2083 git,
982 2042 1086 2081 „erat
1110 2039 1300 2073 sententia
1322 2039 1369 2072 M.
1397 2039 1502 2073 Curii
1521 2039 1621 2073 Den-

890 2086 976 2127 tati,
1002 2087 1069 2129 qui
1096 2085 1255 2119 Sabinos
1282 2088 1319 2119 et
1344 2086 1531 2130 Pyrrhum
1557 2086 1620 2119 de-

890 2132 998 2173 vicit,
1024 2132 1071 2164 M.
1097 2133 1201 2165 Furii
1228 2132 1397 2173 Camilli,
1425 2132 1621 2165 Gallorum

890 2178 1053 2219 victoris,
1080 2179 1234 2212 alterius
1259 2179 1411 2212 Romuli
1443 2179 1621 2212 aliorum·

893 2236 964 2268 que
990 2226 1232 2269 antiquorum
1248 2225 1308 2259 his
1327 2226 1524 2268 similium,
1548 2227 1620 2260 hac

891 2271 988 2305 vitae
1013 2283 1145 2306 norma
1178 2272 1400 2315 utebantur,
1434 2276 1478 2307 ut
1500 2273 1620 2308 virtus

892 2319 1027 2352 honori
1041 2322 1151 2359 esset,
1164 2330 1240 2353 non
1255 2319 1443 2354 divitiae.“
1463 2319 1537 2354 cfr.
1550 2319 1618 2354 Od.

894 2368 924 2407 1,
951 2367 1011 2408 12,
1037 2368 1079 2399 41
1108 2377 1189 2411 sqq.
1217 2386 1260 2390 -—
1286 2367 1504 2411 decantata]
1529 2368 1619 2401 Per-

891 2416 1016 2447 manet
1047 2413 1088 2447 in
1121 2413 1256 2447 neniae
1289 2414 1476 2459 imagine:
1521 2415 1620 2456 „hoc
1653 2432 1656 2433 ν

891 2470 1038 2504 semper
1063 2463 1100 2494 et
1124 2462 1164 2494 in
1190 2462 1313 2494 animo
1339 2465 1375 2495 et
1400 2463 1439 2495 in
1466 2472 1531 2495 ore
1556 2462 1621 2495 ha-

890 2506 1062 2541 bebant.“
1090 2508 1166 2541 Cic.
1193 2508 1240 2541 de
1266 2508 1369 2542 Orat.
1387 2511 1419 2550 2,
1447 2511 1502 2549 32,
1532 2510 1618 2541 140:

890 2555 943 2587 ita
959 2555 1120 2588 modicae
1138 2558 1170 2588 ec
1185 2564 1327 2596 paucae
1341 2558 1424 2588 sunt
1442 2555 1620 2597 (causae),

890 2604 930 2634 uc
956 2610 1017 2634 eas
1034 2610 1155 2635 omnes
1173 2603 1363 2643 diliqences
1386 2605 1418 2635 et
1444 2610 1620 2634 memores

891 2651 923 2680 et
939 2650 1051 2682 sobrii
1068 2652 1232 2682 oratores
1248 2658 1443 2690 percursas
1462 2651 1493 2681 el
1504 2657 1620 2690 prope

889 2695 1009 2728 dicam
1025 2696 1288 2729 decantatas
1306 2697 1439 2729 habere
1456 2697 1620 2729 debeam.
