1774 2930
636 155 730 190 Ll'B.
753 155 802 190 Π.

852 154 954 190 ΕΔΤ.
978 153 1081 188 vm.

1528 154 1610 195 241

221 258 514 301 Nomentanus
546 260 638 299 erat
667 270 795 312 super
824 255 986 311 ipsum,
1017 254 1195 297 Porcius
1225 253 1356 308 infra,

219 328 440 371 Ridiculus
471 331 583 370 totas
615 327 747 369 semel
779 326 1008 368 obsorbere
1038 326 1281 381 placentas3

220 399 511 442 Nomentanus
542 397 596 440 ad
625 397 724 450 hoc,
757 397 849 453 qui,
883 397 919 438 si
950 395 1051 452 quid
1081 395 1190 438 forte
1219 396 1390 449 lateret,

1557 395 1612 436 25

219 469 364 512 Indice
395 472 651 511 monstraret
682 468 838 523 digito:
870 481 969 509 nam
1002 471 1144 509 cetera
1173 466 1317 520 turba,

219 539 328 593 Nos,
359 540 551 596 inquam,
585 553 785 581 cenamus
817 552 937 591 mee,
970 536 1207 593 conchylia,
1238 537 1399 594 pisces,

219 610 369 667 Longe
400 610 650 652 dissimilem
679 613 780 651 noto
812 608 995 651 celantia
1025 621 1198 661 sucum,

219 681 277 724 Ut
306 681 375 724 vel
407 681 605 723 continuo
636 680 791 736 patuit,
823 693 919 721 cum
949 679 1136 735 passeris
1168 682 1296 734 atque

198 824 255 856 24.
278 823 387 855 semel
410 821 582 856 Pottierii
606 823 703 855 tres:
728 821 837 853 simul
855 818 1030 864 Scp,LCt,
1055 819 1250 853 Bentleius
1275 821 1314 853 et
1336 818 1409 853 MJ.
1435 837 1479 842 —
1505 820 1566 852 ob-

149 870 294 903 sorbere
326 868 456 914 bSEcp
482 871 519 903 et
542 867 710 902 Pottierii
735 867 829 910 duo,
870 867 959 900 item
988 865 1122 900 LCFJ:
1165 868 1358 900 absorbere
1382 869 1415 908 t,
1452 865 1566 900 Bent-

150 916 247 950 leius
281 918 318 950 et
347 915 395 949 M.
429 935 473 940 ——
507 917 563 950 29.
593 916 753 956 passeris
785 914 858 947 assi
892 916 923 947 ec
949 924 969 947 e
996 913 1112 948 Codd.
1162 913 1336 947 Lambini
1368 913 1565 958 anonymis

147 962 353 997 Bentleius.
367 1008 371 1010 γ

103 1073 178 1108 Sat.
206 1076 221 1107 1
236 1098 246 1116 ,
269 1075 312 1117 5,
337 1075 392 1108 52.
433 1075 645 1109 sarmentus
669 1083 713 1108 ac
737 1074 832 1107 Mes-

100 1122 176 1154 sius
202 1122 379 1164 Cicirrus,
410 1121 584 1155 homines
609 1120 655 1155 de
687 1122 831 1162 parasi-

102 1169 175 1201 tica
190 1167 418 1202 Maecenatis
435 1177 570 1210 mensa,
598 1179 708 1212 quam
733 1169 832 1201 ioca-

35 1250 38 1252 ,
102 1214 252 1249 bundus
283 1215 318 1249 ei
344 1216 545 1260 exprobrat
567 1215 759 1260 Augustus
792 1215 829 1247 in

102 1261 272 1306 Epistola
294 1262 394 1306 apud
420 1262 573 1296 Sueton.
607 1262 682 1295 Vit.
715 1262 832 1295 Hora-

102 1309 146 1342 tii
179 1319 215 1352 p.
248 1310 328 1342 990.
378 1308 473 1342 Oud.
501 1328 542 1332 -
579 1310 691 1351 quas]
730 1308 832 1341 Haec

104 1355 218 1388 lectio
242 1358 408 1399 praestat
433 1355 541 1389 alteri
560 1364 646 1395 quos
673 1366 718 1388 ex
744 1366 832 1389 con-

107 1401 309 1435 suetudine
326 1401 461 1435 Latina
479 1401 630 1444 (Salust.
642 1402 750 1435 Catil.
770 1403 831 1434 58:

105 1449 171 1481 Est
193 1449 233 1481 in
257 1457 402 1482 carcere
430 1450 542 1491 locus,
576 1451 671 1489 quod
696 1450 834 1482 Tullia-

106 1503 194 1528 num
218 1496 476 1538 multatum),
511 1498 548 1529 et
571 1496 721 1529 facilius
747 1496 832 1530 fem.

105 1541 146 1574 in
177 1552 290 1576 masc.
318 1543 514 1577 mutabant
546 1554 656 1587 quam
690 1546 832 1576 contra.

106 1606 150 1612 —
175 1589 340 1632 umbras]
366 1590 563 1632 „convivas
588 1590 634 1623 ab
659 1590 742 1634 ipso
768 1590 832 1623 do-

104 1635 207 1669 mino
247 1643 363 1670 cenae
403 1647 479 1670 non
520 1636 715 1678 invitatos,
766 1637 833 1671 sed

104 1692 201 1726 quos
233 1683 388 1717 comites
422 1683 547 1718 sec'um
581 1683 737 1718 duceret
770 1694 831 1717 eo-

104 1739 188 1762 rum
220 1729 378 1775 aliquis,
414 1731 479 1774 qui
513 1731 660 1765 invitati
689 1731 830 1764 erant.“

102 1775 202 1810 Plut.
228 1776 394 1819 Quaestt.
421 1777 573 1811 Conviv.
599 1780 640 1819 7,
666 1780 699 1811 6.
737 1777 792 1822 Ep

107 1826 139 1865 1,
163 1825 197 1866 5,
223 1825 281 1857 28.
307 1843 350 1847 —
376 1825 645 1868 Nomentanus]
671 1824 831 1858 Videtur

105 1870 204 1904 idem
228 1881 314 1904 cum
337 1874 473 1916 nepote
498 1872 564 1905 illo
583 1872 724 1906 Satirae
752 1875 783 1914 1,
800 1876 831 1914 1,

107 1919 185 1951 102.
223 1917 537 1960 „Decumanum“,
562 1919 601 1952 id
627 1922 694 1961 est,
719 1919 831 1952 decu-

61 1975 64 1977 *
105 1974 248 1998 marum
292 1965 332 1997 in
374 1965 502 1998 Sicilia
549 1966 833 2010 redemptorem,

106 2011 198 2044 dicit
223 2010 496 2045 Oommentator
523 2012 693 2056 Cruquii.
713 2032 755 2036 ——
773 2022 832 2045 su-

104 2056 185 2099 per]
211 2057 416 2092 Lambinus
441 2059 601 2092 malebat
625 2069 757 2101 supra,
792 2063 834 2092 ut

108 2106 165 2137 est
196 2104 295 2147 apud
321 2104 398 2137 Cic.
424 2105 470 2138 ad
494 2105 594 2138 Fam.
621 2109 662 2148 9,
695 2107 759 2147 26,
794 2109 833 2139 1:

107 2158 220 2191 supra
255 2159 311 2183 me
343 2153 500 2193 Atticus,
541 2153 643 2193 infra
678 2154 834 2186 Verrius.

110 2195 181 2230 Sed
205 2198 364 2231 alterum
396 2208 515 2241 aeque
549 2200 692 2231 rectum
719 2203 774 2232 est
799 2202 836 2232 et

71 2263 77 2271 -
107 2243 144 2276 h.
178 2244 202 2277 l.
236 2244 319 2278 soni
351 2245 538 2289 gratioris.
589 2245 724 2279 Salust.
773 2246 834 2279 Fr.

106 2289 203 2324 Hist.
222 2292 255 2333 3,
272 2293 336 2325 43:
364 2293 483 2332 luitur
507 2293 730 2334 discubuere,
755 2294 835 2326 Ser-

107 2338 224 2370 torius
271 2339 427 2380 inferior
465 2341 505 2371 in
543 2341 679 2381 medio,
727 2348 836 2381 super

109 2391 190 2418 eum
214 2385 252 2417 L.
276 2386 420 2419 Fabius.
471 2385 586 2420 Tacit.
603 2386 701 2420 Anu.
721 2388 753 2428 3,
773 2389 835 2420 14:

106 2432 148 2463 iu
171 2433 333 2465 convivio
359 2433 586 2475 Germanici,
620 2442 701 2466 cum
726 2442 837 2474 super

109 2486 189 2511 eum
225 2480 309 2512 Piso
345 2480 590 2513 discumberet.
626 2500 668 2504 —
704 2481 835 2536 ipsum]

47 2546 50 2548 >
108 2523 309 2568 dominum,
334 2529 376 2559 ut
401 2527 521 2560 servis
540 2527 695 2561 Graecis
721 2525 837 2569 αὐτὸς

109 2573 166 2605 est
197 2572 323 2606 herus.
359 2592 402 2596 —-
437 2574 604 2617 Porcius]
645 2575 836 2618 „publica-

110 2619 216 2652 nusst‘
243 2619 371 2653 Comi.
386 2619 506 2658 caue.
521 2622 702 2664 —semeq
719 2621 836 2655 Recte

110 2663 268 2699 dicitur:
293 2669 386 2700 totas
402 2669 521 2710 semel,
547 2679 643 2710 „uno
662 2669 836 2710 haustu&

113 2713 243 2746 contra
263 2714 389 2754 plures
413 2715 539 2757 simul,
547 2693 603 2748 ”id
630 2715 730 2759 quod
754 2695 836 2749 fieri

216 2781 317 2807 Horat.
333 2782 399 2807 Vol.
415 2783 454 2809 11.
480 2783 535 2809 Ed.
552 2785 647 2810 minor
665 2785 698 2810 V.

795 1789 830 1822 p.
879 1778 950 1811 bus
999 1779 1138 1823 singuli

881 1073 943 1106 vix
966 1075 1101 1117 potest.
1129 1092 1171 1096 —
1199 1071 1414 1115 obsorbere]
1452 1071 1507 1106 De
1541 1072 1614 1106 hoc

881 1120 994 1154 verbo
1021 1120 1089 1154 cfr.
1115 1119 1162 1154 ad
1189 1119 1263 1154 Sat.
1290 1121 1323 1162 2,
1349 1121 1382 1162 3,
1407 1121 1487 1153 240.
1529 1119 1613 1153 Ple-

880 1178 1040 1212 rumque
1058 1167 1104 1201 de
1120 1167 1276 1212 liquidis
1294 1168 1512 1211 usurpatur,
1533 1167 1569 1199 h.
1588 1167 1613 1199 l.

880 1225 948 1258 pro
988 1215 1153 1248 celeriter
1190 1216 1388 1256 deqlutire,
1426 1216 1612 1255 devorare,

880 1272 956 1294 non
975 1262 1057 1295 sine
1075 1261 1227 1295 ridiculi
1246 1262 1383 1305 specie,
1397 1261 1506 1305 quasi
1524 1271 1612 1294 vero

880 1308 1008 1342 helluo
1046 1308 1111 1342 ille
1149 1308 1373 1353 deglutisset
1407 1309 1614 1351 placentas,

882 1357 924 1388 ut
947 1355 1045 1388 alius
1071 1355 1198 1388 vinum
1224 1357 1289 1388 aut
1314 1355 1386 1388 ius.

930 1403 1066 1435 25-28.
1102 1403 1150 1435 ad
1174 1402 1253 1444 hoc]
1282 1401 1350 1443 „ad
1374 1402 1447 1435 hoc
1470 1401 1613 1443 aderat,

883 1452 923 1481 ut
964 1450 1268 1482 nomenclatorem
1317 1449 1492 1491 (Petron.
1530 1448 1611 1490 47.)

881 1498 1026 1540 ageret,
1062 1496 1094 1529 si
1120 1495 1194 1530 cibi
1219 1495 1373 1540 aliquod
1398 1506 1518 1540 genus
1544 1506 1614 1529 nos

881 1543 1005 1576 minus
1031 1543 1144 1586 periti
1178 1553 1254 1576 non
1287 1552 1589 1597 agnosceremus.
1594 1543 1612 1561 “

880 1589 1042 1623 Parasiti
1077 1590 1177 1623 enim
1207 1592 1289 1623 erat
1312 1587 1357 1622 τὸ
1382 1589 1615 1623 ἐπίστασθαι

881 1634 949 1678 τὰς
972 1634 1109 1691 ἀρετὰς
1130 1638 1196 1669 καὶ
1220 1638 1358 1678 κακίας
1382 1637 1457 1669 τῶν
1483 1638 1614 1670 σιτίων

879 1685 946 1716 καὶ
971 1684 1046 1716 τῶν
1071 1680 1196 1725 ὄψων.
1234 1683 1390 1717 Lucian.
1425 1684 1553 1718 Paras.
1580 1686 1612 1718 5.

882 1750 924 1754 —-
952 1732 1099 1764 Indice·
1109 1732 1242 1774 dioilo]
1281 1731 1426 1773 „Certis
1452 1731 1552 1764 nomi
1582 1731 1613 1764 i-

1189 1778 1297 1823 digiti
1347 1778 1545 1812 nominant
1573 1789 1612 1812 r:

876 1826 1013 1867 pollex,
1039 1826 1160 1866 index,
1186 1827 1347 1870 famosus
1371 1826 1446 1868 (vel
1462 1826 1611 1868 medius,

880 1872 939 1905 vel
964 1874 1125 1914 infamis,
1149 1872 1253 1906 Pers.
1281 1875 1313 1914 2,
1340 1875 1409 1915 33.,
1436 1873 1502 1917 qui
1528 1872 1614 1906 irri-

880 1919 979 1952 sioni
1019 1920 1266 1962 inserviebat,
1303 1921 1453 1953 Arrian.
1490 1920 1612 1963 Epict.

881 1968 914 2007 3,
940 1968 974 2007 2,
1000 1968 1067 2008 11.‚
1092 1967 1151 2000 vel
1175 1968 1377 2008 impudicus
1401 1966 1561 2000 Martial.
1579 1969 1612 2009 6,

882 2015 945 2055 70,
979 2014 1034 2054 5.)
1071 2015 1231 2047 medicus
1266 2014 1321 2056 (in
1347 2025 1422 2058 quo
1457 2014 1612 2047 anulum

881 2059 1086 2102 ferebant),
1135 2061 1338 2094 minimus.“
1389 2061 1537 2093 Ponpn.
1568 2080 1611 2084 —-

882 2106 978 2148 Nos]
1030 2106 1183 2147 „talium
1223 2108 1442 2141 deliciarum
1487 2107 1613 2150 rudes,

881 2156 1030 2197 praeter
1062 2152 1307 2187 Nasidienum
1342 2165 1457 2187 cenae
1495 2154 1613 2187 domi-

883 2210 984 2240 num,
1009 2199 1295 2242 Nomentanum,
1321 2204 1358 2234 et
1374 2202 1405 2234 si
1425 2202 1489 2245 qui
1507 2212 1613 2245 prae-

883 2248 988 2280 terea
1011 2247 1051 2279 in
1076 2247 1254 2291 mysteria
1274 2258 1424 2282 mensae
1442 2247 1612 2282 Nasidie-

884 2293 1019 2327 nianae
1052 2293 1191 2327 initiati
1218 2296 1358 2328 erant.“
1397 2295 1464 2328 Vv.
1492 2298 1613 2329 cetera

884 2342 992 2373 turba
1018 2351 1107 2374 sane
1125 2340 1376 2375 Maecenatem
1395 2342 1611 2376 excludunt.

885 2406 927 2410 —
946 2388 1116 2430 celantia]
1141 2388 1222 2422 Hoc
1246 2389 1370 2433 ipsum
1395 2390 1526 2434 utique
1545 2394 1613 2424 'vo-

883 2434 984 2468 lebat
1007 2434 1252 2478 Nasidienus,
1286 2439 1327 2470 ut
1357 2447 1474 2470 novos
1499 2440 1612 2481 atque

883 2481 1056 2516 insolitos
1083 2483 1186 2517 cibos
1211 2483 1487 2517 demirarentur
1512 2483 1611 2517 Mae-

885 2538 996 2562 cenas
1021 2530 1178 2573 eiusque
1207 2530 1329 2564 amici.

932 2577 988 2609 29.
1014 2578 1070 2610 30.
1115 2578 1156 2609 Ul
1186 2579 1243 2610 vel
1276 2579 1445 2610 continuo
1475 2577 1611 2619 patuit]

886 2624 996 2664 „wie
1031 2632 1074 2655 es
1105 2625 1221 2656 denn
1253 2625 1406 2665 qleich
1439 2632 1496 2656 an
1528 2625 1612 2656 den

885 2671 975 2711 Tay
1014 2665 1144 2703 lcum!
1205 2671 1412 2715 „Apparuit
1451 2670 1612 2704 Nomen-

883 2719 972 2750 tano
999 2728 1020 2750 a
1044 2721 1202 2761 patrono
1235 2719 1519 2763 γαστρονομίας
1548 2718 1611 2751 do-

1350 2788 1381 2812 16
