1774 2930
656 155 750 191 Lm.
773 155 822 190 11.
871 154 974 190 SA'r.
997 153 1099 188 vm.

208 229 238 239 ὀ

1550 154 1634 195 237

124 255 212 292 οὐδὲ
237 259 293 300 τίς
316 259 411 301 εἰμι,
436 254 525 292 οὐδὲ
550 256 624 290 ,τοῦ
649 267 726 299 μου
752 254 798 290 τὸ
821 252 973 300 ἀγαθὸν
996 255 1064 288 καὶ
1088 252 1133 288 τὸ
1157 250 1300 292 κακόν,
1331 248 1393 287 ὅτι
1417 251 1465 287 οὗ
1490 250 1637 300 πρόσο-

123 304 190 347 δος
213 302 345 347 αὐτοῖς
369 302 464 351 πρὸς
488 301 535 338 τὰ
558 299 646 347 ἐμά.
696 303 871 346 (Arrian.
896 302 1015 346 Epict.
1042 304 1081 343 4,
1106 303 1140 344 5,
1166 301 1239 344 24.)
1280 300 1391 335 Haud
1417 300 1555 334 inscita
1580 303 1638 334 est

123 351 307 386 Diintzeri
331 350 479 396 opinio,
510 350 632 396 prima
655 350 724 384 illa
746 350 863 384 veluti
888 360 911 383 a
934 348 1158 393 Damasippo
1185 347 1450 382 Saturnalibus
1475 347 1638 382 diatriba

122 399 252 434 habita
275 398 372 442 (Sat.
398 400 432 441 2,
457 398 506 441 3.)
531 397 764 432 adversarios
789 397 936 441 aliquot
959 396 1139 430 excitatos
1165 406 1259 439 esse,
1285 395 1424 440 quibus
1450 405 1527 429 non
1554 395 1636 428 sine

123 445 270 479 urbana
306 445 467 490 quadam
504 445 648 479 malitia
683 444 863 478 Horatius
899 443 961 477 hic
1001 443 1158 477 alteram
1195 445 1360 477 strenam
1398 441 1636 476 Saturnalem

125 492 266 526 offerat.
305 492 452 537 Scripta
474 491 624 526 videtur
649 501 681 525 a.
707 502 744 524 u.
771 501 802 524 c.
829 492 909 524 724.

650 667 902 710 sA'rmA
930 666 1077 710 Vm.

240 748 298 791 Ut
326 748 549 791 Nasidieni
579 749 686 791 iuvit
715 754 759 791 te
790 762 896 790 cena
924 747 1072 790 beati?

240 819 352 862 Nam
380 819 486 861 mihi
513 820 738 876 quaerenti
769 819 989 861 convivam
1020 818 1157 860 dietus
1188 817 1291 860 here
1322 818 1409 859 illic

220 952 322 988 SAT.
354 953 454 988 VIII.
491 957 521 988 1.
558 955 599 987 Ue
624 957 656 987 le
680 954 870 987 Nasidieni
901 954 994 987 invii
1026 964 1072 987 ex
1106 952 1220 986 Codd.
1256 951 1321 986 Sil.
1354 955 1391 986 et
1414 950 1522 986 Mart.
1549 951 1590 994 C,

171 1001 361 1034 Nasidieni
391 1002 455 1042 qui
486 1002 575 1034 iavit
608 1003 642 1034 le
667 1011 687 1034 e
713 1000 828 1034 Codd.
852 1000 893 1033 F.
944 1000 1017 1042 (Ut
1041 1011 1130 1043 nos,
1162 999 1322 1043 bSEep.)
1349 1018 1392 1022 —
1420 1001 1453 1033 2.
1479 1007 1590 1039 quae-

170 1049 268 1080 renti
290 1049 479 1082 convivam
502 1046 644 1092 bSEep,
668 1047 798 1082 LctF:
825 1048 1013 1081 convivam
1039 1048 1231 1088 quaerenti
1256 1058 1275 1081 e
1292 1046 1488 1080 Prisciano
1515 1046 1589 1088 (15,

172 1095 206 1136 3,
233 1094 303 1136 14.)
352 1094 546 1128 Bentleius
573 1098 609 1128 et
632 1093 680 1127 M.
708 1114 750 1118 —-
776 1096 855 1127 heri
880 1105 1068 1139 superscr.
1094 1095 1179 1128 here
1207 1093 1242 1127 S.
1294 1093 1482 1136 (Fir-mant
1506 1094 1590 1126 here

169 1139 388 1176 Priscianus
413 1141 438 1176 l.
464 1142 488 1175 l.
515 1143 551 1175 et
575 1141 681 1184 bEc.)

173 1251 275 1286 VIII.
318 1252 515 1287 Mirificam
554 1252 749 1287 Nasidieni
796 1263 855 1287 ce-

126 1308 214 1332 nam
232 1302 362 1333 narrat
377 1299 532 1333 Horatio
549 1299 783 1334 Fundanius.
807 1299 856 1332 Il-

125 1345 194 1378 lud
220 1348 345 1379 autem
371 1347 543 1390 quamvis
562 1357 704 1380 summo
731 1347 855 1380 studio

126 1395 254 1437 ageret
277 1393 391 1427 huius
417 1393 580 1427 convivii
605 1393 792 1434 dominus,
815 1396 857 1426 ut

128 1450 253 1473 coram
276 1439 513 1481 Maecenate,
539 1440 579 1473 in
605 1441 713 1474 cuius
739 1441 855 1474 hono-

126 1497 205 1520 rem
222 1486 392 1529 dabatur,
417 1486 566 1521 divitias
590 1497 691 1529 suas,
715 1488 857 1532 magni-

126 1532 315 1567 ficentiam
346 1536 460 1578 atque
493 1534 644 1578 elegans
675 1534 857 1567 iudicium

127 1582 345 1622 ostentaret,
370 1584 494 1615 tamen
512 1591 663 1624 operam
689 1583 764 1614 tam
788 1581 856 1614 mi-

127 1637 211 1660 sere
247 1627 429 1671 perdidit,
470 1630 512 1661 ut
548 1628 610 1661 vix
650 1628 856 1672 quidquam

127 1673 315 1717 ineptius,
340 1674 547 1719 agrestius,
571 1676 690 1720 magis
715 1675 855 1709 ridicu-

126 1721 204 1753 lum
241 1721 396 1766 cogitari
433 1724 577 1766 posset,
615 1732 727 1766 quam
762 1723 854 1756 haec

128 1767 212 1810 ipsa
243 1777 338 1802 cena
378 1771 415 1802 et
455 1769 522 1813 qui
563 1779 644 1803 eam
681 1769 856 1813 praebuit

127 1813 353 1849 Nasidienus
387 1826 432 1849 ex
462 1815 591 1850 infima
615 1816 787 1858 fortuna,
814 1819 856 1850 ut

129 1861 254 1895 omnia
289 1865 473 1908 arguunt,
514 1863 684 1907 locuples
721 1863 854 1898 factus.

126 1906 248 1942 Aliter
279 1909 341 1942 vix
371 1909 456 1943 fieri
489 1913 630 1954 potest,
669 1921 779 1954 quam
815 1913 856 1944 ut

127 1953 320 1988 Nasidieni
357 1966 493 1990 nomen
535 1956 686 1990 finxerit
725 1959 855 2001 poeta3

128 2001 281 2035 minime
307 2002 406 2036 enim
426 2003 683 2045 conveniebat,
708 2007 750 2037 ut
767 2015 855 2038 vero

129 2049 279 2082 nomine
296 2049 510 2083 traduceret
521 2050 710 2084 hominem
728 2051 856 2084 etiam-

129 2098 220 2129 tunc
238 2096 374 2138 vivum,
399 2096 461 2130 cui
478 2096 608 2140 aliqua
625 2098 754 2130 saltem
773 2109 857 2131 cum

127 2142 344 2177 Maecenate
375 2144 612 2176 necessitudo
645 2144 856 2178 intercede-

128 2189 203 2223 bat.
230 2189 297 2223 Sin
323 2201 452 2223 verum
477 2192 535 2223 est
559 2201 706 2232 nomen,
732 2193 774 2223 ut
795 2202 858 2224 vo-

130 2236 215 2270 lunt
234 2235 478 2277 Scholiastae,
494 2247 570 2270 non
589 2237 642 2270 ita
658 2237 775 2271 multo
793 2248 858 2271 an-

127 2286 189 2317 tea
204 2286 360 2317 mortem
378 2283 516 2318 obierit
531 2283 770 2325 Nasidienus,
794 2295 859 2318 ne-

130 2339 234 2364 cesse
260 2334 327 2365 est.
354 2329 561 2376 Singularis
587 2334 711 2364 autem
736 2335 774 2364 et
797 2342 858 2365 ars

130 2379 167 2410 et
191 2377 384 2411 urbanitas
408 2378 448 2411 in
474 2388 517 2411 eo
543 2378 730 2419 cernitur,
757 2378 858 2422 quod

130 2424 236 2457 nulla
267 2434 356 2466 vox,
393 2425 522 2458 nullus
555 2428 682 2469 gestus
715 2424 858 2459 Maece-

130 2470 228 2504 natis
245 2474 483 2514 memoratur,
507 2475 636 2515 utpote
660 2472 727 2516 qui
746 2472 859 2505 comi-

129 2517 230 2551 tibus
262 2518 476 2552 iocantibus
509 2521 622 2563 atque
657 2520 859 2560 paroc-hum

131 2564 229 2598 salse
245 2564 505 2607 irridentibus,
529 2566 610 2610 ipse
634 2566 745 2600 etiam
772 2576 859 2599 con-

129 2610 228 2645 vivio
251 2614 327 2646 tam
359 2612 487 2657 inepto
521 2613 771 2656 maximopere
798 2623 859 2646 ex-

129 2657 332 2701 hilaratus,
365 2669 469 2693 suam
503 2659 720 2704 dignitatem
751 2660 857 2692 illae—

131 2713 208 2738 sam
257 2706 427 2740 servarit.
490 2706 684 2741 Nasidieni
732 2709 857 2740 autem

906 1252 1025 1296 ipsius
1050 1262 1213 1296 persona
1239 1263 1261 1286 a
1292 1262 1407 1286 cenae
1440 1251 1550 1285 initio
1576 1262 1639 1285 us-

906 1310 981 1344 que
1006 1299 1054 1333 ad
1078 1300 1191 1332 finem
1216 1299 1317 1332 inter
1343 1309 1523 1332 summam
1549 1299 1636 1332 bea-

906 1346 1103 1380 titudinem
1151 1356 1407 1389 summamque
1449 1346 1637 1380 miseriam

906 1394 1087 1427 continuo
1114 1396 1269 1434 nutans,
1295 1393 1394 1426 ultra
1420 1403 1530 1437 quam
1557 1402 1637 1426 cre·

906 1440 1021 1474 dibile
1047 1442 1123 1481 est,
1156 1440 1320 1483 ridicula
1351 1444 1488 1473 manet.
1536 1439 1638 1473 Fun-

905 1487 1018 1521 danio
1044 1487 1145 1528 item,
1171 1487 1323 1531 egregio
1341 1488 1475 1530 poetae
1493 1486 1636 1521 comico

906 1533 1005 1576 (Sat.
1033 1537 1072 1575 1,
1100 1537 1163 1573 10,
1189 1537 1235 1567 40
1260 1535 1375 1578 sqq.)‚
1408 1534 1637 1567 convenien-

905 1582 1046 1615 tissime
1071 1584 1186 1615 totam
1211 1581 1467 1615 narrationem
1492 1581 1638 1615 tribuit.

954 1631 986 1662 1.
1023 1630 1064 1661 Ut
1089 1628 1173 1671 cet.]
1203 1628 1276 1662 Hic
1303 1639 1396 1662 usus
1428 1628 1637 1672 particulae

904 1677 944 1708 ul
962 1675 1003 1708 in
1017 1675 1313 1720 interrogatione
1327 1675 1471 1709 directa
1487 1675 1636 1709 videtur

904 1723 1088 1756 sermonis
1108 1722 1317 1766 quotidiani
1333 1722 1531 1766 proprius..
1543 1721 1635 1766 Epp.

907 1773 937 1810 1,
956 1772 989 1811 3,
1014 1771 1077 1803 12:
1107 1771 1147 1802 Ul
1172 1771 1296 1803 valet?
1319 1772 1360 1802 ac
1383 1770 1547 1802 meminit
1572 1778 1636 1803 no-

903 1818 997 1849 stri?
1022 1816 1145 1849 Plaut.
1171 1816 1275 1850 Pers.
1294 1819 1326 1858 2,
1344 1818 1378 1859 5,
1404 1818 1445 1849 8:
1471 1818 1511 1849 al
1536 1818 1636 1849 vale-

905 1865 990 1896 lur?
1032 1863 1182 1897 Terent.
1215 1864 1350 1897 Heaut.
1378 1866 1411 1905 2,
1438 1864 1472 1905 3,
1499 1865 1562 1897 26:
1595 1866 1636 1896 ui

903 1912 1028 1944 vales?
1071 1930 1114 1934 —
1162 1910 1374 1953 Nasidieni]
1423 1910 1637 1944 Pronuntia

905 1961 1081 2001 quattuor
1114 1958 1268 2002 syllabis
1295 1957 1406 2001 quasi
1431 1958 1635 1996 Nasidieni.

905 2004 980 2038 Cfr.
1015 2016 1047 2037 v.
1084 2007 1139 2038 75.
1174 2007 1211 2038 et
1243 2006 1299 2037 84.
1350 2003 1418 2038 od.
1445 2006 1485 2046 3,
1511 2006 1551 2045 4,
1578 2007 1634 2037 41.

906 2050 978 2084 Sat.
1007 2054 1046 2093 1,
1073 2053 1112 2093 7,
1139 2054 1195 2085 30.
1246 2051 1350 2095 Virg.
1383 2052 1476 2084 Aen.
1511 2053 1544 2083 6.
1571 2053 1635 2084 33:

905 2099 1040 2136 omnia.
1067 2100 1106 2140 7,
1132 2100 1219 2131 237:
1260 2100 1463 2139 precantja.
1503 2097 1635 2131 Iuven.

905 2146 946 2186 6,
985 2146 1048 2178 82:
1092 2146 1245 2184 ludjum.
1296 2144 1430 2178 Catull.
1469 2147 1533 2185 62,
1568 2146 1635 2178 57:

906 2192 1111 2230 conubjum.
1160 2191 1385 2225 Nasidienus
1420 2191 1544 2225 Rufus
1582 2194 1635 2225 te-

907 2237 1027 2271 stibus
1062 2237 1280 2272 Scholiastis
1314 2239 1387 2271 fuit
1419 2249 1537 2283 eques
1560 2237 1635 2272 Ro-

905 2295 1058 2326 manus,
1105 2285 1264 2319 fortasse
1305 2285 1552 2328 publicanus,
1594 2288 1637 2319 ut

905 2331 1063 2365 Porcius
1098 2333 1155 2374 (v.
1190 2332 1283 2374 23.),
1316 2332 1379 2366 cui
1413 2333 1519 2366 utilis
1553 2343 1634 2366 esse

905 2382 1054 2422 poterat
1070 2379 1111 2412 in
1127 2379 1187 2413 his
1204 2379 1329 2412 illisve
1347 2379 1511 2424 negotiis
1529 2379 1637 2413 adiu-

906 2425 1038 2459 vandis
1065 2429 1101 2459 et
1125 2425 1166 2459 in
1192 2426 1449 2460 conducendis
1474 2426 1636 2471 vectiga-

905 2472 1006 2506 libus
1039 2472 1254 2515 Maecenas,
1292 2484 1403 2517 quem
1435 2476 1636 2517 propterea

905 2519 1027 2561 lauto,
1075 2523 1118 2553 ut
1166 2520 1410 2564 opinabatur,
1466 2520 1635 2553 convivio

906 2567 1063 2610 excepit.
1081 2586 1124 2590 —
1152 2567 1260 2610 beati]
1288 2567 1473 2609 „divitis“‚
1498 2570 1540 2599 ut
1565 2565 1635 2599 Od.

907 2615 940 2656 3,
966 2615 998 2655 7,
1024 2616 1056 2647 3.

953 2662 1042 2694 2-6.
1068 2661 1207 2704 dictus]
1242 2671 1288 2694 ex
1312 2670 1483 2693 sermone
1510 2659 1635 2703 quoti-

905 2707 1017 2741 diano
1042 2718 1110 2751 pro
1128 2709 1243 2741 dictus
1267 2716 1314 2749 es,
1339 2709 1381 2740 ut
1406 2717 1517 2750 saepe
1534 2705 1635 2750 apud
