1786 2912
184 144 268 184 110

682 139 890 175 HORATII
916 139 1201 175 SATIRARUM

302 242 391 285 Sub
424 241 556 284 cultro
588 242 758 298 linquit.
807 241 923 283 Casu
953 241 1073 283 venit
1103 241 1254 284 obvius
1286 241 1349 282 illi

300 313 584 356 Adversarius
617 316 680 355 et:
716 312 811 360 Quo
842 316 891 353 tu
920 312 1194 368 turpissime?
1225 325 1383 368 magna

1646 313 1701 354 75

299 385 505 427 Inclamat
535 398 664 438 voce3
698 387 762 425 et:
794 382 920 425 Licet
951 383 1191 426 antestari?
1220 382 1316 439 Ego
1347 397 1450 426 vero

302 455 483 512 Oppono
515 455 761 514 auriculam.
807 453 940 510 Rapit
970 454 1017 495 in
1047 454 1140 508 ius,
1175 454 1334 497 clamor
1363 455 1582 510 utrinque,

301 527 500 583 Undique
532 540 775 568 concursus.
824 524 896 567 Sic
926 539 995 568 me
1029 525 1215 568 servavit
1247 524 1416 582 Apollo.

278 617 335 649 74.
372 616 478 656 liquit
505 614 541 648 S.
566 633 612 638 —
637 616 694 648 76.
720 615 917 648 Eoeclamat
941 614 964 648 b
1000 616 1038 648 et
1062 613 1234 647 Pottierii
1268 614 1463 659 plerique,
1501 612 1585 647 sot.
1612 633 1653 637 —

232 665 289 697 77.
317 664 468 704 Oppono
492 661 578 705 bSc,
602 661 777 696 Pottierii
802 672 944 704 omnes,

233 711 304 744 bus
331 709 446 744 Codd.
472 709 550 743 ΕΜ.

186 778 227 818 5,
254 778 294 818 1,
321 777 361 809 2:
393 776 539 808 mansei.
589 774 724 808 Catull.
751 775 819 816 41,
853 775 921 807 14:

185 824 293 855 misti.
335 822 447 866 Prop.
477 825 507 865 1,
534 825 567 865 3,
593 823 657 855 37:
693 823 920 863 consumpsti.

186 869 340 904 Lucret.
369 873 401 912 1,
428 872 515 903 234:
543 878 765 911 consumpse.
790 868 921 903 Horat.

187 917 263 951 Sat.
290 920 322 960 2,
348 920 381 960 3,
407 918 495 951 273:
519 918 692 958 percusti.
742 915 848 950 Oonf.
875 915 922 950 ad

189 964 263 999 Sat.
291 967 322 1006 1,
348 966 381 1007 5,
407 967 464 998 79.
513 963 590 1000 Nec
622 975 711 998 vero
751 964 840 997 talia
865 969 946 997 re-'

188 1013 290 1056 spuit
313 1011 499 1057 Virgilius
526 1011 643 1053 (Aen.
671 1014 708 1053 1,
741 1013 828 1044 201:
863 1020 924 1044 ac-

188 1061 303 1093 cestis.
330 1062 369 1102 4,
396 1061 475 1093 606.
503 1060 705 1092 eoestinoeem
730 1059 816 1100 cet.)
867 1058 922 1091 De

187 1107 374 1140 infinitivo
408 1106 483 1140 vid.
516 1106 563 1139 ad
594 1105 712 1149 Epod.
747 1108 785 1148 8,
822 1108 852 1138 1.
878 1124 924 1129 —-

188 1156 260 1189 Sub
285 1153 418 1196 cultro]
446 1154 555 1198 quasi
573 1154 761 1187 victimam
779 1163 801 1187 a
826 1163 924 1197 popa

188 1202 338 1236 iamiam
363 1200 606 1235 mactandam.

238 1251 359 1283 75-78.
388 1247 646 1291 Adversarius]
662 1247 845 1282 Diversus
871 1248 925 1280 vi-

190 1295 301 1330 detur
326 1296 388 1329 hic
413 1296 459 1330 ab
483 1295 562 1338 illo,
588 1296 654 1339 qui
678 1295 781 1328 hunc
806 1295 924 1328 homi-

190 1354 276 1377 nem
294 1343 451 1377 vadatus
476 1345 558 1376 erat
573 1353 606 1375 v,
626 1344 696 1383 36.,
722 1341 924 1375 Ouwensio

188 1390 311 1425 Noctt.
352 1390 448 1436 Hag.
475 1392 513 1432 3,
540 1392 572 1423 5.
598 1401 634 1433 p.
661 1391 742 1423 354.
769 1392 806 1423 et
830 1389 926 1423 Roe-

190 1439 294 1472 dero.
330 1437 403 1471 Sed
429 1438 534 1482 lepos
560 1437 675 1471 totius
700 1436 775 1471 loci
801 1436 927 1471 admo-

191 1485 281 1519 dum
307 1485 466 1518 diminui
489 1484 650 1526 videtur,
676 1484 740 1517 ubi
766 1495 843 1517 non
868 1485 926 1517 in-

191 1533 405 1578 telligamus
432 1531 595 1566 eundem
619 1532 727 1564 illum
753 1531 927 1565 adversa-

191 1581 291 1614 rium
313 1590 345 1613 v,
365 1581 433 1621 36.,
458 1579 650 1612 hominem
675 1579 797 1611 litium
823 1579 928 1622 cupi-

192 1627 282 1661 dum
309 1629 348 1661 et
371 1627 427 1660 rei
454 1637 544 1660 suae
569 1625 663 1659 adeo
690 1627 847 1667 certum,
873 1628 926 1667 ut,

191 1675 304 1709 etiam
330 1674 362 1708 si
387 1674 526 1707 nebulo
560 1683 638 1706 non
670 1683 926 1717 responsurus

193 1722 298 1756 litem
323 1721 484 1766 perdere
510 1720 689 1762 debebat,
715 1723 860 1762 tamen,
885 1722 928 1753 ut

191 1770 225 1804 is
253 1781 291 1803 se
310 1769 461 1803 sisteret
477 1769 517 1801 in
540 1767 695 1810 iudicio,
721 1767 851 1801 mallet
874 1769 927 1800 at-

194 1827 268 1862 que
293 1819 448 1860 propter
471 1815 512 1848 id
536 1816 680 1859 ipsum,
706 1814 809 1859 quod
833 1815 927 1848 hora

193 1865 399 1898 constituta
422 1862 678 1897 vadimonium
696 1862 927 1903 deseruerat,

194 1923 281 1946 eum
326 1911 451 1944 denuo
489 1910 530 1943 in
563 1910 623 1944 ius
655 1912 815 1954 raperet.
866 1908 927 1943 Sic

195 1960 308 1993 etiam
341 1958 552 1991 Bethmaun
590 1957 760 2002 Hollweg
796 1957 927 1990 Hand-

196 2007 288 2039 buch
305 2006 364 2038 des
384 2006 658 2046 Civilprozesses
674 2004 703 2038 I.
722 2006 809 2038 247:
837 2005 927 2047 „Die

197 2054 372 2087 Parteien
395 2054 656 2086 verabredeten
673 2053 778 2085 einen
794 2052 928 2093 aerciu-

195 2102 318 2142 miqen
342 2101 496 2141 Termin,
522 2101 562 2132 in
585 2096 757 2133 welcheni
778 2100 830 2132 sie
853 2099 930 2131 sich

195 2157 261 2182 vor
303 2149 383 2181 dem
423 2148 558 2180 Prator
598 2149 727 2188 treffen
771 2147 927 2188 wollten,

195 2196 273 2228 und
320 2196 386 2228 der
426 2195 603 2235 Beklaqte
645 2196 715 2235 qao
762 2194 928 2227 desshalb

196 2244 347 2283 Biirqeu
372 2241 669 2284 (vadimonium).
697 2242 773 2276 Vou
796 2242 930 2274 diesem

197 2289 451 2323 vadimonium
484 2290 606 2331 finden
637 2290 705 2321 wir
736 2289 851 2321 daher
876 2289 932 2320 bei

199 2338 321 2370 Cicero
338 2337 531 2377 anzahliqe
549 2337 747 2377 Beispiele3
770 2343 844 2368 von
866 2336 931 2368 der

197 2384 240 2417 in
272 2383 332 2417 ius
365 2384 511 2417 vocatio
545 2383 641 2415 nicht
665 2385 793 2425 Eines,
826 2391 933 2415 wemi

199 2431 314 2472 qleich
354 2431 406 2463 sie
445 2438 556 2471 yeqen
590 2431 723 2472 Leute,
764 2431 832 2463 wie
867 2431 932 2463 der

198 2478 401 2513 Schwatzer
442 2479 503 2510 des
545 2478 671 2510 Horaz
712 2478 798 2510 oder
839 2478 931 2510 nach

201 2526 341 2567 arcere,
365 2526 459 2557 auch
470 2526 557 2562 jetzt
576 2526 660 2564 aute
677 2526 823 2557 Dienste
841 2525 931 2557 that.

200 2573 387 2613 --Geyen
426 2572 550 2615 diesen
588 2573 712 2604 wurde
748 2573 788 2604 in
824 2572 933 2612 Folqe

202 2621 298 2652 eines
356 2619 624 2653 Vadimonium-s
682 2619 821 2651 Gewalt
875 2627 933 2659 qe-

203 2667 373 2707 braucht,·
421 2667 519 2699 devm
565 2674 639 2698 wer
686 2666 799 2698 dieses
840 2667 938 2699 m‘cht

200 2715 287 2746 inne
331 2714 437 2755 hielt,
487 2714 584 2746 hatte
624 2713 676 2745 sie
723 2714 854 2746 wieder
893 2722 937 2746 zu

970 660 1061 704 LCt,
1085 661 1302 696 Bentleius:
1337 662 1489 704 Appono
1514 672 1534 695 e
1561 661 1654 694 duo-

970 775 1173 815 siirchteu.“
1223 774 1257 807 A
1281 774 1362 808 foro
1386 773 1523 818 igitur,
1549 773 1615 806 ubi
1639 774 1705 807 ho-

970 821 1110 855 minem
1129 832 1206 855 non
1224 821 1431 863 invenerat,
1456 821 1560 855 venit
1577 820 1706 854 adver-

972 869 1094 903 sarius
1121 872 1178 911 et,
1204 879 1289 902 cum
1314 869 1562 911 sciscitando,
1595 878 1705 912 quam

971 916 1070 949 viam
1095 927 1179 950 cum
1197 916 1355 950 Horatio
1373 916 1569 961 ingressus
1595 917 1705 957 esset,

971 964 1252 1010 investigasset.-
1271 974 1358 997 eum
1384 963 1641 1008 consequitur.
1661 981 1704 985 —

972 1010 1195 1053 turpissime]
1221 1010 1253 1043 ὠ
1276 1007 1503 1058 μιαρώτατε.
1521 1029 1566 1051 :-
1584 1010 1707 1042 Incla-

971 1058 1068 1100 mat]
1095 1058 1264 1092 Verbum
1290 1058 1402 1103 longe
1429 1056 1706 1103 significantius

974 1117 1085 1150 quam
1110 1106 1159 1139 al.
1178 1107 1361 1139 exclamat
1376 1106 1575 1149 reperitur.
1594 1105 1706 1138 etiam

973 1153 1073 1197 apud
1111 1152 1352 1195 Ciceronem,
1395 1152 1563 1195 Livium,
1600 1151 1707 1186 alios.

974 1200 1036 1234 Sic
1072 1200 1209 1234 Graeci
1243 1199 1392 1244 ἑμβοᾷν
1423 1201 1509 1233 τινί.
1535 1218 1581 1224 -
1606 1201 1708 1232 ante-

973 1247 1080 1290 stari]
1108 1249 1225 1289 „teste
1252 1249 1289 1281 te
1315 1248 1377 1280 hic
1395 1247 1463 1289 uti,
1490 1246 1592 1291 quod
1616 1246 1707 1279 huic

973 1294 1107 1328 iudicii
1122 1305 1237 1329 causa
1249 1294 1334 1328 volo
1349 1305 1500 1328 manum
1513 1293 1706 1327 iniicere.“

977 1342 1091 1385 „Nam
1123 1343 1216 1376 haec
1255 1345 1338 1376 erat
1370 1340 1626 1375 consuetudo:
1669 1339 1708 1373 Si

975 1389 1062 1434 quis
1096 1389 1230 1424 vadato
1263 1399 1342 1423 non
1379 1388 1588 1433 paruisset,
1625 1387 1708 1421 eius

975 1436 1215 1471 adversarius
1241 1436 1406 1481 aliquem
1431 1435 1477 1470 de
1500 1435 1709 1480 praesenti-

975 1484 1047 1518 bus
1072 1484 1352 1525 antestabatur,
1376 1483 1417 1516 id
1441 1485 1510 1526 est,
1533 1481 1710 1527 tangebat

976 1531 1059 1565 eius
1084 1542 1215 1565 aurem
1241 1534 1279 1565 et
1303 1530 1470 1564 dicebat:
1507 1531 1711 1563 LICETNE

975 1579 1266 1612 ANTESTARI?
1292 1577 1331 1612 Si
1349 1577 1607 1621 respondisset
1624 1577 1709 1610 ille:

974 1627 1135 1668 LICET,
1182 1628 1274 1659 tunc
1314 1624 1512 1658 iniiciebat
1552 1623 1709 1658 vadatus

974 1683 1127 1706 manum
1146 1673 1186 1705 in
1204 1683 1303 1714 eum,
1330 1671 1397 1716 qui
1415 1682 1491 1705 non
1508 1671 1709 1716 paruisset,

976 1722 1013 1753 et
1053 1719 1215 1753 ducebat
1255 1719 1295 1752 in
1337 1717 1550 1761 iudicium3
1599 1718 1710 1752 aliter

977 1767 1007 1800 si
1045 1767 1240 1801 iniecisset
1275 1777 1448 1809 manum,
1485 1766 1711 1799 iniuriarum

975 1816 1124 1858 poterat
1163 1813 1378 1848 accusari.“
1399 1822 1402 1824 ·
1444 1812 1540 1846 Aen.
1589 1812 1711 1846 Plaut.

975 1861 1092 1895 Persa
1117 1864 1159 1904 4,
1184 1864 1226 1903 9,
1254 1863 1292 1895 8:
1319 1860 1356 1894 S.
1381 1861 1472 1903 Aac,
1498 1861 1649 1894 ambula
1672 1861 1713 1893 in

975 1910 1051 1951 ius,
1089 1910 1180 1942 leno.
1205 1908 1251 1942 D.
1295 1910 1392 1951 Quid
1422 1916 1480 1942 me
1503 1909 1544 1941 in
1566 1909 1625 1941 ius
1648 1916 1711 1941 vo-

977 1958 1064 1989 cas?
1100 1956 1135 1989 S.
1162 1957 1265 1989 ltlim
1295 1956 1395 1998 apud
1423 1957 1635 1997 praetorem
1659 1956 1712 1988 di-

977 2012 1069 2046 cam,
1094 2004 1156 2037 sed
1182 2012 1247 2045 eqo
1263 2005 1306 2036 in
1320 2004 1378 2036 ius
1394 2011 1492 2036 voco.
1518 2001 1564 2036 D.
1582 2004 1712 2036 Nemee

977 2052 1201 2084 antestaris?
1251 2049 1287 2084 S.
1331 2052 1437 2084 Tuan
1479 2058 1544 2091 eqo
1585 2058 1711 2092 causa,

978 2100 1171 2140 carnuseoe,
1198 2099 1407 2140 Quoiquam
1428 2098 1582 2131 mortali
1599 2098 1711 2130 libero

978 2154 1087 2179 aures
1117 2147 1300 2178 atteram?
1340 2144 1609 2187 „Adversarius
1634 2154 1712 2178 mo-

978 2193 1065 2227 lesti
1091 2192 1196 2226 illius
1221 2193 1419 2226 Horatium
1445 2191 1630 2233 consulit,
1662 2201 1711 2225 an

977 2240 1171 2284 permittat
1183 2250 1223 2274 se
1238 2240 1419 2274 antestari
1433 2239 1574 2272 iniecta
1587 2248 1712 2281 manu,

980 2289 1216 2321 extracturus
1254 2287 1301 2321 ad
1336 2288 1568 2331 praetorem,
1611 2285 1712 2329 quod

979 2334 1234 2368 vadimonium
1259 2343 1337 2367 non
1354 2332 1511 2367 *obierit
1559 2332 1615 2366 De
1641 2333 1712 2367 hoc

980 2384 1106 2416 autem
1147 2381 1230 2426 lege
1270 2379 1354 2414 XII.
1396 2380 1612 2414 tabularum
1652 2380 1711 2413 his

980 2429 1105 2463 verbis
1147 2431 1300 2462 cautum
1338 2429 1418 2461 est:
1466 2428 1512 2461 SI
1546 2429 1605 2461 IN
1640 2428 1714 2461 IVS

984 2477 1153 2518 VOCAT,
1190 2477 1249 2510 NI
1284 2476 1355 2517 ΙΤ,
1392 2475 1711 2508 ANTESTATOR.

982 2524 1148 2557 IGITUR
1205 2523 1282 2557 EM
1335 2522 1546 2556 GAP1T0.“
1612 2521 1714 2554 POR-

982 2579 1100 2604 PffYR.
1138 2589 1182 2594 —
1218 2571 1296 2611 Eoo
1333 2568 1441 2612 vero]
1483 2571 1541 2604 est
1581 2569 1712 2602 luben-

983 2618 1041 2651 tis.
1091 2618 1242 2651 Terent.
1267 2616 1365 2649 Eun.
1400 2618 1441 2658 3,
1474 2619 1515 2659 5,
1547 2617 1615 2650 43:
1649 2625 1714 2657 eoo

985 2674 1073 2698 vero
1109 2665 1205 2698 illud
1240 2665 1388 2705 fecerim
1422 2672 1468 2696 ac
1507 2664 1642 2696 lubens.
1669 2681 1711 2686 -

989 2712 1159 2755 oppono}
1203 2710 1405 2754 „Obvert0,
1447 2721 1522 2754 quo
1562 2710 1712 2744 facilius
