1774 2930
91 155 176 197 318

562 156 770 191 HORATII
792 156 1140 192 EPISTOLARU'M

89 256 260 302 Augusto
286 257 346 291 vel
379 257 535 292 ineunte
561 269 608 291 m.
635 257 846 302 Septembri
871 269 904 292 a.
931 269 967 291 u.
993 268 1024 291 c.
1052 260 1150 301 731.‚
1184 270 1228 294 eo
1261 260 1344 304 ipso
1378 270 1497 302 anno,
1534 271 1608 305 quo

89 304 269 339 Horatius
302 305 424 339 hieme
451 305 674 339 adventante
702 306 751 347 (v.
778 306 849 347 11.)
876 304 1024 339 Veliam
1049 306 1109 340 vel
1135 305 1334 341 Salernum
1366 308 1608 353 profecturus

90 353 204 385 erat.“
256 351 467 386 OBBARms.
517 352 710 386 Diintzero
738 352 944 396 composita
968 352 1116 387 videtur
1141 365 1173 388 a.
1200 365 1237 388 u.
1263 356 1344 388 736.

597 542 936 585 EPIS'I'OLA
965 543 1113 586 VIII.

210 623 337 667 Oelso
369 624 557 681 gaudere
587 628 630 668 et
659 625 770 668 bene
801 639 892 667 rem
923 639 1072 681 gerere
1104 625 1373 668 Albinovano

209 695 334 738 Musa
363 699 513 752 rogata
542 696 675 750 refer,
708 697 853 738 comiti
884 697 1135 753 scribaeque
1165 696 1363 740 Neronis.

210 765 256 808 Si
288 771 484 823 quaeret,
519 767 621 823 quid
650 781 795 823 agam,
834 769 902 811 dic
932 769 1066 811 multa
1097 772 1140 811 et
1169 767 1348 824 pulchra
1377 768 1611 811 minantem

184 884 258 918 ΕΡ.
285 884 385 919 VIII.
404 888 437 919 3.
464 887 607 926 quaerit
626 885 699 920 bcd
717 888 753 919 et
771 886 983 929 complures
1001 885 1109 928 Feae,
1135 897 1211 921 non
1231 885 1299 929 SE,
1325 897 1449 931 neque
1466 887 1562 920 hanc

137 932 339 967 lectionem
364 944 411 967 ex
435 933 514 967 ullo
542 944 695 967 suorum
721 933 829 967 affert
853 933 1068 967 Pottierius.
1096 933 1171 968 Cfr.
1198 934 1244 968 ad
1269 934 1362 978 Epp.
1390 936 1422 977 1,
1447 935 1481 977 7,
1508 937 1563 968 19.

138 1032 238 1066 VIII.
277 1032 465 1077 Scriptum
492 1036 550 1067 est
579 1034 650 1067 hoc
676 1032 824 1076 Episto-

89 1079 183 1113 lium
220 1080 267 1114 ad
304 1080 466 1114 eundem
505 1080 676 1123 Celsum,
715 1081 824 1114 cuius

89 1128 319 1161 mentionem
359 1128 449 1162 facit
473 1128 567 1172 Epp.
595 1131 634 1170 1,
673 1129 712 1170 3,
759 1130 825 1170 15„

90 1174 156 1208 ubi
182 1175 278 1208 vide.
313 1175 443 1217 „Illam
470 1186 581 1220 quam
606 1178 741 1220 putant
765 1186 824 1209 re-

89 1222 381 1266 prehensionem
430 1223 589 1257 fortasse
634 1223 826 1266 iniquiore

90 1268 243 1303 Celsum
267 1270 403 1304 tulisse
436 1270 564 1304 animo
590 1280 661 1303 nec
687 1270 826 1315 corrigi

91 1327 131 1350 se
158 1328 281 1361 neque
317 1318 510 1351 emendari
542 1328 697 1361 passum
730 1328 824 1358 esse,

90 1363 277 1398 offensum
309 1364 476 1408 medico,
509 1365 647 1399 iratum
682 1365 824 1398 amico“

89 1411 282 1446 finxerunt
297 1411 529 1456 Interpretes
548 1413 699 1446 morosi.
732 1412 827 1455 „Ita-

90 1470 165 1503 que
191 1459 353 1503 denuo“,
383 1460 525 1504 inquit,
561 1471 669 1503 „eum
694 1470 827 1505 aggre-

90 1506 204 1549 ditur,
221 1507 314 1541 vitia
330 1508 441 1541 amici
458 1508 666 1550 incessens,
683 1508 826 1541 iactan-

89 1554 191 1596 tiam,
217 1565 433 1599 perversam
451 1555 601 1589 vivendi
627 1555 826 1598 rationem,

89 1602 205 1635 animi
231 1603 494 1647 agitationem,
521 1602 826 1645 obstinationem,

89 1649 394 1691 inconstantiam,
424 1650 716 1684 insolentiam.“.
752 1649 827 1682 Ad-

90 1696 147 1730 dit
176 1697 294 1731 alius:
338 1697 435 1740 „Nec
469 1698 589 1741 spirat
620 1698 712 1731 haec
738 1696 827 1741 Epi-

91 1744 188 1778 stola
220 1745 327 1778 illum
366 1756 531 1779 amorem
565 1747 603 1779 et
634 1745 826 1778 molliores

89 1791 176 1825 illos
211 1792 326 1825 animi
361 1803 516 1834 sensus,
555 1802 650 1836 quos
684 1791 825 1835 passim

89 1838 271 1873 Horatius
290 1850 378 1884 erga
401 1840 496 1873 alios
514 1840 653 1873 amicos
678 1839 718 1871 in
746 1848 827 1872 car-

89 1885 257 1920 minibus
308 1887 387 1920 suis
437 1886 655 1931 expressit.“
719 1885 824 1924 Quae

91 1934 217 1967 omnia
241 1933 354 1967 nimis
386 1944 518 1968 severa
542 1936 579 1968 et
604 1935 827 1978 exaggerata

91 1981 202 2015 nobis
227 1981 416 2015 videntur.

141 2031 173 2062 1.
192 2029 224 2062 2.
252 2029 351 2062 Celso
378 2029 538 2070 aaudere
565 2027 650 2071 cet.]
679 2026 826 2070 „Refer,

90 2074 198 2110 Musa
214 2087 237 2110 a
254 2087 312 2110 me
335 2079 477 2121 rogata,
503 2075 613 2121 Celso
641 2075 714 2118 (me
740 2086 827 2108 eum

89 2122 237 2166 iubere)
271 2125 421 2171 χαίρειν
454 2124 521 2156 καὶ
545 2122 587 2155 εὐ
613 2119 825 2169 πράττειν.“

93 2169 226 2205 Celsus
259 2171 377 2216 igitur
411 2171 595 2205 salutarat
627 2170 827 2204 Horatium

93 2218 318 2262 (quomodo,
352 2218 605 2263 ignoramus);
649 2218 710 2251 hic
735 2217 827 2251 ami-

93 2275 177 2298 cum
195 2266 394 2309 iuniorem,
420 2266 494 2300 sibi
512 2276 643 2299 carum
660 2268 698 2299 et
715 2275 827 2309 quem

91 2313 218 2357 magni
242 2313 404 2355 faceret,
436 2313 639 2356 resalutat,
671 2311 828 2355 Musam,

91 2360 164 2394 hoc
189 2362 232 2394 ut
257 2360 422 2394 officium
447 2360 646 2404 suscipiat,
677 2370 828 2405 rogans.

93 2406 187 2440 Cum
213 2407 385 2442 Laudine
411 2408 477 2442 alii
504 2407 713 2451 explicant:
748 2415 829 2449 „ro-

93 2454 196 2497 aala]
213 2454 400 2497 aCels0;“
428 2465 559 2488 verum
584 2455 655 2488 hoc
681 2454 721 2487 in
739 2455 829 2497 poe-

92 2504 153 2536 tae
166 2501 291 2536 verbis
305 2513 382 2536 non
400 2502 511 2536 inest.
525 2521 571 2532 .-
584 2501 829 2545 Albinovano]

92 2549 179 2583 'Noli
205 2549 429 2583 Germanice
462 2551 609 2583 vertere
646 2559 732 2582 cum
757 2559 828 2582 nu-

92 2607 184 2641 pero
215 2596 428 2641 Interprete
460 2604 554 2629 von
586 2597 828 2638 Albinovano,

94 2643 196 2688 quod
233 2644 329 2678 nilu‘l
363 2646 438 2687 est;
481 2643 546 2677 sed
580 2643 748 2686 videtur,
786 2646 829 2676 ut

94 2692 236 2724 Tullius
253 2692 514 2732 Albinovanus,
540 2692 747 2724 Postumius
764 2691 828 2723 Al-

95 2740 295 2772 binovanus
328 2749 371 2773 ac
405 2738 544 2773 similia
575 2737 733 2781 (Antias,
765 2740 829 2773 So-

873 1041 1006 1075 mnus,
1043 1034 1218 1076 Sabinus,
1256 1035 1470 1077 Hirpinus),
1511 1035 1611 1079 quod

874 1080 1006 1113 dicunt
1033 1091 1231 1125 agnomen,
1257 1083 1300 1114 ut
1320 1082 1464 1125 pariter
1489 1086 1545 1116 est
1570 1082 1610 1115 in

874 1128 1026 1161 nomine
1044 1129 1197 1161 Pedonis
1211 1129 1445 1161 Albinovam‘.
1461 1147 1503 1152 -—
1521 1131 1612 1162 scri-

875 1175 1027 1218 baeque]
1052 1175 1122 1209 His
1148 1186 1205 1209 vv.
1232 1176 1267 1209 ei
1293 1176 1504 1220 gratulatur
1533 1187 1610 1209 mu-

875 1232 948 1256 nus
962 1223 1093 1266 utique
1107 1222 1368 1265 honorificum,
1384 1223 1484 1267 quod
1496 1224 1610 1267 paulo

875 1272 961 1303 ante
988 1269 1147 1313 adeptus
1172 1272 1266 1312 erat,
1291 1281 1417 1314 neque
1443 1281 1544 1311 vero,
1569 1273 1612 1304 ut

875 1317 962 1350 aliis
987 1317 1111 1350 visum
1136 1320 1204 1359 est,
1231 1327 1317 1350 eum
1343 1316 1502 1351 deridet.
1537 1316 1611 1356 Qui

875 1364 1091 1398 huiusmodi
1118 1364 1263 1398 cohorti
1295 1365 1501 1398 amicorum
1525 1375 1611 1409 pro-

876 1412 1044 1445 consulis
1063 1412 1123 1445 vel
1140 1411 1247 1446 ducis
1271 1412 1466 1457 aggregati
1493 1414 1611 1455 erant,

874 1459 1066 1493 interdum
1098 1459 1375 1493 adhibebantur
1401 1459 1447 1493 ad
1473 1459 1612 1503 episto-

875 1507 931 1541 las
965 1507 1149 1551 imprimis
1179 1516 1337 1540 arcanas
1363 1509 1401 1540 et
1425 1506 1610 1551 gravioris

876 1554 1087 1599 argumenti
1113 1565 1159 1588 ex
1183 1554 1289 1587 illius
1321 1553 1496 1588 mandato
1523 1565 1610 1588 con·

876 1601 1116 1643 scribendas,
1158 1601 1205 1635 ad
1243 1601 1484 1646 quotidianas
1521 1612 1609 1635 vero

876 1649 975 1683 servi
1001 1649 1060 1683 vel
1086 1649 1223 1682 liberti.
1337 1672 1352 1692 ,

923 1698 998 1730 3-6.
1030 1698 1069 1730 Si
1095 1698 1246 1736 quaeret
1272 1695 1357 1738 cet.]
1394 1694 1501 1729 Ovid.
1527 1694 1609 1728 Am.

878 1746 907 1785 1,
936 1746 992 1785 11,
1019 1745 1081 1776 13;
1118 1744 1157 1777 Si
1182 1745 1346 1784 quaeret,
1373 1743 1461 1783 quid
1485 1751 1607 1784 aqam,

874 1799 935 1831 spe
959 1791 1074 1823 noctis
1098 1791 1222 1822 vivere
1247 1791 1354 1823 dices.
1373 1807 1418 1813 —-
1436 1791 1496 1823 dic
1520 1790 1608 1832 cet.]

873 1837 994 1871 Multa
1017 1837 1090 1871 iam
1117 1847 1203 1870 cum
1220 1836 1475 1871 familiaritate
1493 1829 1530 1871 e‘t
1547 1837 1610 1871 be-

875 1884 1091 1918 nevolentia
1116 1883 1224 1918 Celso
1257 1886 1376 1918 totum
1407 1884 1523 1918 animi
1549 1885 1609 1918 sui

875 1933 1014 1966 statum
1039 1933 1178 1976 aperit:
1206 1942 1269 1973 „se
1295 1931 1368 1966 sibi
1393 1931 1608 1976 displicere,

875 1990 951 2013 non
969 1983 1123 2023 propter
1147 1989 1279 2013 causas
1296 1978 1470 2013 fortuitas
1495 1981 1608 2023 atque

875 2029 1068 2069 externas,
1094 2026 1160 2060 sed
1185 2029 1340 2071 propter
1364 2026 1609 2070 inexplicabi-

876 2075 950 2108 lem
965 2074 1155 2119 quandam
1167 2074 1305 2108 mentis
1322 2073 1610 2118 aegritudinem,

876 2132 952 2166 qua
976 2132 1016 2156 se
1042 2131 1146 2155 nunc
1172 2121 1324 2165 quidem
1355 2121 1518 2155 liberare
1543 2131 1611 2154 ne-

877 2168 1030 2213 queat;“
1065 2180 1088 2203 a
1113 2168 1252 2213 quibus
1286 2167 1439 2213 quidem
1471 2167 1610 2210 verbis,

877 2219 919 2250 ut
945 2216 1041 2250 solet
1065 2216 1147 2250 fieri
1173 2227 1196 2250 a
1221 2215 1506 2250 melancholicis
1532 2216 1609 2249 sive

876 2263 1230 2309 hypochondriacis,
1243 2273 1320 2297 non
1333 2273 1491 2307 prorsus
1504 2262 1612 2296 abest

877 2311 1116 2356 exaggeratio
1133 2310 1330 2345 nonnulla.
1362 2310 1453 2353 („Er
1476 2311 1611 2351 εμπ-Μ

875 2367 947 2392 von
964 2360 1064 2392 einer
1083 2358 1358 2400 Verstimmuna,
1381 2358 1439 2390 die
1456 2358 1513 2390 bei
1525 2365 1610 2390 san-

877 2407 1088 2448 quinischen
1111 2407 1281 2440 Naturen
1305 2406 1510 2446 uberhaupt
1533 2405 1611 2437 und

878 2455 935 2487 bei
969 2454 1117 2486 solchen
1153 2453 1393 2494 Geminum,
1433 2453 1501 2485 wie
1541 2453 1610 2484 wir

877 2503 943 2534 das
967 2501 1190 2533 Horazische
1217 2500 1374 2541 konnen,
1409 2507 1479 2540 aar
1509 2499 1610 2531 heim

876 2548 1170 2589 unqewohnh'che
1225 2547 1474 2587 Erschet'nuna
1527 2545 1607 2578 isef‘

876 2595 1032 2628 IACOBS.
1082 2593 1176 2628 Tota
1216 2595 1340 2627 autem
1382 2593 1452 2627 hac
1492 2592 1609 2626 veluti

878 2641 1118 2676 confessione
1171 2650 1309 2685 pravae
1358 2638 1609 2684 aegritudinis

877 2689 1075 2723 molestum
1094 2689 1196 2722 hunc
1213 2687 1330 2721 animi
1354 2690 1492 2721 statum
1517 2686 1611 2720 alle-

877 2747 966 2771 vare
988 2735 1173 2777 conatur.)
1191 2753 1237 2759 —
1253 2735 1370 2768 multa
1388 2737 1422 2768 et
1435 2733 1610 2776 pulchra]
