1786 2912
121 157 187 202 12'

623 161 830 197 HORATII
855 161 1139 197 SATIRARUM

240 261 419 319 Semper
449 277 529 319 ego
561 263 743 320 optarim
773 264 1070 319 pauperrimus
1103 278 1199 307 esse
1230 264 1451 308 bonorum.

176 328 180 332 ⁵
237 332 297 375 At
329 334 364 376 si
397 334 615 377 condoluit
645 338 855 377 tentatum
887 334 1046 390 frigore
1077 349 1250 392 corpus,

1517 338 1638 380 *80

236 403 327 446 Aut
357 405 467 447 alius
500 419 623 448 casus
654 405 766 447 lecto
799 409 842 447 te
873 405 1034 459 adfixit,
1066 406 1201 449 habes
1231 405 1306 463 qui

236 474 464 529 Adsideat,
497 476 686 518 fomenta
716 480 857 532 paret,
889 475 1101 519 medicum
1132 483 1274 533 roget,
1306 482 1355 520 ut
1385 482 1429 522 te

236 545 425 589 Suscitet
457 561 506 589 ao
537 547 676 602 gnatis
708 546 858 589 reddat
888 548 1083 604 carisque
1113 549 1396 605 propinquis?

234 616 332 659 Non
362 631 472 659 uxor
502 618 666 659 salvum
698 622 740 660 te
772 618 878 671 volt,
910 632 997 660 non
1028 619 1164 673 filius3
1197 634 1344 664 omnes
1404 661 1407 665 Α

234 687 377 730 Vicini
409 688 608 741 oderunt,
641 689 751 742 noti,
782 689 906 745 pueri
937 694 1065 746 atque
1096 691 1279 747 puellae.

1578 693 1636 734 85

234 757 426 812 Miraris,
460 773 554 801 cum
586 763 633 801 tu
659 756 843 815 'argento
873 764 972 816 post
1002 761 1145 803 omnia
1176 775 1328 818 ponas,

235 828 283 871 Si
315 844 439 872 nemo
471 835 660 887 praestet
693 845 819 886 quem
852 845 937 874 non
967 833 1171 874 merearis
1204 833 1425 875 amorem?

235 899 295 942 At
325 901 362 942 si
393 906 596 957 cognatos
630 902 747 944 nullo
778 906 932 945 natura
960 903 1106 945 labore

237 970 354 1019 Quos
387 972 465 1014 tibi
497 972 570 1015 dat
600 973 785 1016 retinere
817 973 924 1016 velis
956 988 1211 1030 servareque
1243 974 1419 1028 amicos,

234 1041 391 1085 Infelix
422 1057 595 1099 operam
626 1043 802 1100 perdaS,
835 1049 882 1086 ut
914 1045 951 1086 si
983 1045 1078 1101 quis
1111 1045 1290 1088 asellum

1579 1046 1637 1088 90

212 1138 270 1171 79.
311 1140 476 1179 optarem
501 1137 631 1183 BbScp
658 1138 751 1182 (non
777 1138 830 1181 d).
857 1157 899 1162 —
927 1140 982 1173 81.
1017 1140 1152 1181 afflixit
1178 1139 1368 1180 Bbcd‚LC.
1418 1139 1484 1183 (Ut
1508 1150 1589 1182 nos,

159 1183 213 1229 Sp
241 1186 278 1218 et
303 1188 480 1229 quattuor
516 1185 714 1228 Pottierii.)
752 1205 794 1209 —-
831 1187 886 1219 88.
922 1187 969 1219 At
992 1188 1024 1219 si
1050 1186 1158 1231 bcdp.
1185 1186 1343 1221 LCtMJ:
1382 1188 1439 1221 An
1461 1189 1494 1221 si
1518 1187 1588 1230 BS,

163 1230 324 1275 Cruquii
343 1232 428 1273 duo,
455 1233 657 1267 Pulmanni
677 1235 866 1278 quattuor,
893 1233 1083 1267 Torrentii
1102 1234 1248 1279 aliquot
1265 1239 1302 1268 et
1319 1245 1388 1279 pro
1406 1245 1481 1268 var.
1502 1234 1586 1270 leet.

161 1290 196 1323 y,
222 1278 311 1313 item
336 1279 553 1322 Bentleius,
579 1282 628 1314 Ac
652 1282 685 1314 si
712 1280 825 1315 Codd.
851 1280 962 1326 Regii
989 1283 1092 1316 7975.
1119 1285 1155 1316 et
1181 1284 1305 1325 8216.,
1328 1281 1586 1316 Heindorfius.

109 1360 307 1406 ,gnificavit
333 1362 494 1406 scriptor
523 1362 671 1397 Codicis
697 1362 771 1405 B:
782 1374 851 1407 pro

113 1410 292 1442 bonorum
319 1419 476 1443 exarans
507 1411 701 1443 malorum.
751 1410 852 1445 Illud

115 1455 171 1489 sic
190 1456 451 1500 explicandum
471 1462 545 1491 est:
575 1458 728 1500 „harum
749 1458 853 1492 solli-

113 1502 328 1536 citudinum
347 1514 390 1538 ac
409 1505 665 1539 molestiarum
693 1516 738 1539 ex
763 1505 851 1547 illis,

114 1561 213 1594 quae
255 1561 319 1584 vos
363 1551 460 1586 bona
501 1553 662 1595 vocatis,
704 1563 852 1598 semper

109 1596 352 1631 ·orientium.“

162 1646 282 1679 80-83.
301 1646 497 1689 condoluit]
523 1649 683 1687 „tactum
699 1645 764 1681 'est
787 1646 852 1682 do-

113 1691 228 1734 lore,“
257 1703 278 1726 a
303 1703 334 1726 v.
362 1695 629 1735 condolescere,
664 1705 742 1728 non
769 1703 852 1728 con-

112 1739 248 1781 dolere,
274 1743 315 1772 ut
341 1744 398 1774 est
423 1741 522 1785 apud
544 1741 701 1776 Forcell.
717 1761 759 1765 —
776 1745 852 1775 len-

112 1788 234 1818 tatum
258 1787 418 1831 sriqore]
455 1789 573 1828 „febri
601 1789 850 1833 correptum,“

117 1836 160 1866 ut
185 1843 296 1878 saepe
323 1845 354 1867 v.
382 1838 522 1869 lentare
555 1836 601 1870 de
634 1836 850 1870 morborum

111 1881 410 1915 accessionibus.
446 1902 486 1906 —-
522 1881 675 1927 adfixit]
721 1884 851 1925 „fecit‚

114 1930 157 1960 ut
182 1927 327 1962 diutius
363 1929 431 1962 tibi
467 1930 681 1965 cubandum
715 1933 849 1965 esset.“

113 1973 200 2008 Seu.
227 1975 293 2019 Ep.
322 1978 384 2009 67:
410 1979 484 2018 Αῃο
503 1981 642 2019 aralius
665 1980 851 2022 senectuti,

113 2022 212 2062 quod
251 2031 307 2055 me
353 2024 482 2056 lectulo
524 2027 654 2067 amerit.
721 2025 850 2060 Lectio

114 2070 251 2110 afflixit
266 2069 425 2113 notioni,
446 2082 539 2115 quae
555 2073 615 2106 hic
630 2073 849 2118 requiritur,

112 2119 200 2160 apta
234 2127 309 2150 non
343 2120 419 2159 est3
462 2119 691 2163 significaret
728 2121 847 2154 enim:

115 2173 223 2205 „cum
259 2164 292 2196 vi
327 2167 363 2197 te
399 2165 494 2199 lecto
530 2166 676 2200 illidit.“
706 2186 748 2191 —
779 2169 849 2202 Aa·

111 2210 252 2253 sidem]
290 2210 420 2246 Celsus
453 2215 491 2255 3,
527 2217 566 2247 4:
608 2216 724 2247 Unum
756 2216 850 2248 illud

113 2259 176 2297 est,
203 2259 299 2297 quod
323 2267 476 2301 semper,
502 2263 598 2301 quod
615 2264 747 2302 ubique
771 2271 848 2296 ser-

112 2306 276 2337 vandum
302 2308 361 2346 est,
387 2310 426 2338 ut
453 2310 556 2348 aeqri
580 2310 673 2341 vires
697 2311 848 2343 subinde

112 2352 330 2384 assidens
380 2355 536 2387 medicus
584 2356 763 2396 inspiciat.
804 2375 846 2380 ——

111 2398 284 2441 suscitet]
314 2399 491 2442 „efficiat,
526 2405 567 2434 ut
593 2413 724 2436 rursus
751 2415 770 2437 e
797 2403 849 2437 le-

113 2444 217 2478 ctulo
245 2455 399 2489 surgere
425 2448 582 2490 possis,“
612 2449 649 2482 id
669 2453 735 2490 est,
764 2451 849 2490 „bo-

112 2502 200 2526 nam
243 2492 494 2527 valetudinem
534 2495 602 2528 tibi
640 2497 846 2531 restituat.“

162 2540 283 2572 84-91.
323 2541 406 2572 Non
442 2550 537 2574 uror
575 2544 667 2585 cet]
713 2544 848 2579 ,Immo

114 2596 225 2619 nemo
252 2587 304 2619 tui
325 2597 451 2621 euram
471 2589 601 2632 gerit.“
630 2589 770 2625 Similis
798 2592 850 2625 lo·

113 2643 182 2666 cus
208 2636 266 2667 est
291 2634 389 2678 apud
416 2634 526 2668 Dion.
547 2635 676 2681 Chrys.
704 2637 764 2671 Or.
795 2641 849 2672 17.

111 2690 149 2725 p.
177 2683 257 2713 464.
291 2681 334 2713 R.
363 2681 437 2714 Cic.
471 2682 509 2715 in
538 2682 661 2716 Vntin.
693 2687 751 2725 16,
788 2687 850 2718 39:

108 2727 147 2759 si
173 2729 206 2760 le
230 2728 359 2770 vicini,
385 2730 417 2761 si
443 2730 589 2771 amnes,
625 2732 657 2763 si
683 2733 851 2765 tribules·

902 1365 1096 1405 oderunl,-
1110 1365 1170 1397 -εἱ
1194 1366 1340 1405 coenati
1364 1367 1538 1406 respuunt
1565 1367 1634 1399 eet.

903 1430 945 1434 —
964 1413 1072 1453 pueri
1087 1414 1198 1452 alque
1221 1412 1384 1455 puellae]
1411 1413 1488 1446 fere
1506 1415 1549 1445 ut
1565 1422 1635 1446 nos

901 1460 1023 1500 Junq
1048 1459 1125 1491 und
1149 1460 1246 1501 Act,
1284 1459 1387 1493 velut
1412 1470 1455 1493 ex
1480 1469 1636 1504 prover-

901 1505 953 1539 bii
980 1506 1161 1548 formula,
1187 1507 1317 1551 sicque
1342 1517 1476 1540 rursus
1502 1506 1576 1541 Sat.
1603 1509 1637 1549 2,

903 1555 943 1594 3,
971 1555 1049 1586 130.
1077 1572 1118 1576 —
1143 1557 1226 1594 post
1259 1555 1382 1587 omnia
1411 1553 1552 1596 ponas]
1579 1553 1637 1587 Si-

901 1600 1039 1634 militer
1065 1600 1247 1634 dividitur
1281 1603 1504 1642 anteponere
1528 1611 1550 1633 a
1575 1600 1637 1634 ci-

902 1657 1038 1680 cerone
1065 1646 1110 1681 de
1137 1647 1242 1681 Offlc.
1270 1649 1310 1689 3,
1339 1649 1400 1690 17,
1425 1649 1490 1681 712·
1526 1649 1636 1681 mall-

901 1696 1123 1728 lia--mala
1150 1696 1249 1727 bonis
1273 1696 1374 1736 ponit
1401 1698 1498 1729 ame.
1518 1714 1560 1719 --
1588 1697 1635 1729 Aa

899 1743 931 1774 si
955 1741 1048 1784 cet]
1088 1742 1158 1784 „At
1183 1741 1215 1775 si
1242 1742 1347 1776 nullo
1381 1742 1511 1776 labore
1541 1742 1636 1777 velis

901 1799 1050 1823 servare
1069 1789 1207 1822 amicos
1227 1792 1418 1834 cognatos,
1444 1800 1540 1834 quos
1567 1789 1635 1824 tibi

901 1840 1038 1870 natura
1062 1836 1135 1877 dat,
1162 1836 1293 1869 infelix
1319 1836 1421 1871 ludis
1447 1837 1633 1881 operam.“

902 1903 943 1907 --
959 1883 1220 1926 nullo-labore]
1247 1885 1378 1925 „ohne
1403 1887 1535 1917 etwas
1559 1886 1634 1926 [ihr

899 1933 962 1964 sie
987 1939 1037 1963 zu
1063 1932 1186 1973 litun,
1213 1930 1319 1964 nullo
1337 1935 1502 1976 sumptu,
1527 1931 1636 1965 nulla

890 1978 1133 2023 -largitione.“
1163 1997 1206 2002 —-
1232 1986 1453 2019 servareque
1478 1978 1634 2022 amicos]

901 2026 975 2059 Sat.
1006 2029 1043 2066 1,
1069 2027 1110 2066 3,
1136 2027 1200 2058 54:
1235 2026 1339 2058 Haec
1362 2034 1421 2058 res
1447 2027 1480 2059 el
1504 2027 1634 2067 iungit,

897 2074 1038 2106 iunctos
1057 2075 1090 2105 et
1113 2074 1236 2105 servat
1255 2073 1400 2106 amieos.
1417 2091 1459 2096 -
1476 2073 1632 2116 Infelix]

898 2119 947 2153 Ut
970 2119 1105 2162 μελεος
1131 2122 1187 2153 est
1212 2119 1399 2153 interdum
1415 2145 1424 2160 ,
1439 2120 1540 2164 ,qui
1565 2120 1635 2154 ali-

899 2166 989 2212 quid
1008 2167 1100 2201 facit
1123 2166 1359 2208 infeliciter‚“
1387 2166 1442 2200 sic
1461 2167 1531 2200 hoc
1550 2168 1633 2201 loco

898 2225 973 2248 non
993 2218 1050 2248 est
1073 2216 1195 2247 malus
1212 2224 1255 2248 ac
1281 2224 1398 2259 prope
1423 2215 1633 2256 sceleratus,

898 2272 969 2296 nec
994 2262 1206 2302 vocativus,
1233 2261 1316 2295 scd:
1344 2261 1459 2303 „adeo
1485 2264 1527 2294 ut
1551 2262 1634 2306 ipse

898 2309 1070 2343 dolenter
1112 2308 1272 2350 sentias,
1321 2318 1434 2353 quam
1476 2308 1634 2343 adversa

896 2357 1051 2390 fortuna
1071 2357 1189 2390 utaris
1208 2355 1384 2400 omnique
1402 2365 1531 2389 careas
1549 2365 1633 2389 suo-

898 2414 1007 2438 oessu
1026 2405 1064 2437 in
1084 2403 1306 2443 rationibus,
1331 2412 1428 2446 quae
1455 2401 1523 2436 tibi
1547 2412 1632 2437 cum

897 2451 1121 2496 propinquis
1131 2451 1204 2483 tuis
1215 2449 1489 2483 intercedunt.“
1501 2449 1634 2484 Exem-

897 2498 961 2542 pla
987 2498 1098 2531 huius
1129 2496 1414 2542 significationis
1441 2496 1632 2538 („st111tus‚

898 2555 1118 2590 perversus,
1151 2549 1190 2578 et
1221 2548 1421 2588 propterea
1447 2544 1492 2577 ad
1518 2544 1630 2577 finem

899 2604 1007 2626 suum
1042 2603 1116 2625 non
1151 2591 1415 2636 perveniens“)
1443 2591 1536 2625 adde
1573 2593 1631 2624 ter

899 2640 998 2683 apud
1026 2639 1247 2684 Sophoclem
1281 2636 1456 2679 ανολβος.
1507 2637 1630 2682 Antig.

903 2689 1003 2720 1026.
1034 2689 1134 2720 1255.
1159 2685 1254 2720 Aiax
1280 2687 1437 2719 1156.--
1459 2684 1630 2728 asellum]

902 2733 1031 2778 „qussi
1082 2736 1182 2768 esset
1221 2743 1340 2778 equus
1387 2734 1630 2777 generosus!
