1774 2930
638 154 731 190 Lm.
754 154 803 188 11.
850 152 1003 188 EPIST.
1027 153 1057 186 Ι.

1522 149 1609 192 415

214 257 341 307 Quod
369 271 535 300 mecum
565 256 751 311 ignorat,
784 254 900 296 solus
929 253 1018 295 volt
1048 253 1157 295 scire
1188 251 1343 305 videri,

214 328 404 384 Ingeniis
435 341 520 369 non
550 327 622 369 ille
654 326 769 368 favet
798 324 1045 381 plauditque
1077 322 1277 379 sepultis,

214 398 374 441 Nostra
402 397 479 440 sed
509 398 751 453 impugnat,
782 410 860 438 nos
891 398 1121 450 nostraque
1151 393 1308 435 lividus
1339 391 1441 434 odit.

218 468 343 517 Quod
373 469 410 510 si
439 472 527 511 tam
560 467 734 510 Graecis
765 466 932 509 novitas
961 465 1100 507 invisa
1130 463 1283 506 fuisset

1554 462 1611 503 90

218 539 357 588 Quam
386 539 528 592 nobis,
562 538 663 594 quid
683 551 795 579 nunc
816 540 931 579 esset
950 535 1106 578 vetus?
1136 539 1210 576 aut
1230 533 1334 590 quid
1354 533 1550 586 haberet,

219 610 343 659 Quod
371 610 535 666 legeret
565 612 804 664 tereretque
834 607 993 649 viritim
1023 605 1220 661 publicus
1251 605 1385 646 usus?

216 680 275 722 Ut
305 681 487 736 primum
519 680 669 735 positis
700 678 850 733 nugari
883 677 1065 719 Graecia
1093 676 1218 718 bellis

197 823 253 856 90.
288 822 435 855 Graecis
460 819 566 854 bSEc
591 823 628 854 et
652 829 781 853 omnes
806 817 978 852 Pottierii
1005 816 1283 860 Schmidiique,
1317 814 1565 860 probabiliter

149 869 262 902 etiam
287 868 395 910 Feae,
420 866 536 902 Lcts:
563 867 685 901 Graiis
709 865 906 900 Bentleius
932 865 1030 899 coni.
1056 867 1092 898 et
1116 863 1165 897 M.

103 979 199 1014 Cum
240 980 404 1014 carmine
444 979 599 1013 fratrum
641 977 830 1011 Arvalium

104 1027 177 1061 hoc
231 1026 373 1060 Saliare
422 1026 592 1060 versibus
647 1024 833 1058 Saturniis

93 1074 371 1118 compositum,
409 1072 509 1117 quod
545 1074 743 1106 mammea
781 1071 835 1104 di-

105 1122 206 1154 ctum
229 1119 348 1154 fuisse
372 1120 506 1154 Festus
536 1118 705 1160 tradidit,
740 1118 835 1152 anti-

102 1167 327 1212 quissimum
343 1167 426 1208 fuit,
450 1166 496 1200 de
515 1177 590 1210 quo
608 1165 834 1209 accepimus.

103 1213 215 1258 Apud
263 1214 471 1248 Varronem
521 1214 564 1247 L.
611 1213 653 1246 L.
696 1215 735 1253 7,
778 1213 834 1245 27.

106 1263 228 1295 exstat
250 1261 313 1294 hic
338 1261 419 1294 eius
445 1260 676 1294 versiculus:
706 1260 836 1292 Divom

108 1311 230 1349 empta
254 1307 317 1350 (al.
343 1307 443 1348 exta)
470 1310 592 1348 cante,
626 1308 745 1340 divom
770 1307 836 1338 deo

108 1354 174 1397 (al.
190 1355 308 1396 deam)
332 1355 560 1395 supplicante
586 1353 649 1395 (al.
674 1353 836 1394 supplice

108 1401 241 1443 cante.)
289 1400 393 1434 Idem
442 1401 531 1434 ibid.
573 1403 613 1439 7.
656 1402 696 1434 2:
746 1400 837 1432 Aelii

107 1447 283 1491 (Stilonis)
311 1449 462 1481 hominis
494 1449 534 1480 in
563 1449 682 1488 primo
714 1448 754 1479 in
780 1447 837 1479 lit-

107 1496 196 1528 teris
230 1495 370 1528 Latinis
411 1495 618 1535 exercitati,
659 1495 838 1534 interpre-

107 1543 283 1575 tationem
307 1543 510 1575 carminum
533 1542 719 1575 Saliorum
741 1541 839 1573 υιάε-

109 1589 163 1622 bis
200 1591 232 1622 et
270 1589 359 1622 exili·
401 1590 525 1622 littera
562 1589 768 1629 expeditam
807 1589 838 1620 et

105 1637 311 1677 praeterita
353 1636 507 1668 obscura
546 1636 675 1668 multa.
735 1633 838 1667 Idem

109 1684 149 1725 7,
176 1684 216 1716 3:
250 1690 406 1723 quorum
431 1682 649 1724 (verborum
673 1680 839 1725 poetico-

108 1730 209 1771 rum)
241 1730 274 1762 si
298 1730 456 1770 Pompili
491 1737 646 1770 reanum
682 1729 763 1769 sons
800 1729 840 1760 in

109 1777 335 1810 carminibus
358 1777 553 1817 Saliorum,
583 1784 699 1816 neque
725 1783 768 1808 ea
793 1776 840 1807 ab

103 1824 356 1864 superioribus
379 1826 537 1864 accepta,
563 1825 685 1855 tamen
708 1823 840 1855 habent

110 1870 209 1904 DCC.
242 1878 367 1903 annos.
414 1870 507 1904 Inde
545 1880 591 1903 ex
614 1869 713 1902 Aelii
750 1870 842 1902 tem-

109 1927 203 1960 pore
237 1917 411 1958 (circiter
445 1927 477 1950 a.
509 1928 547 1950 u.
580 1926 611 1950 c.
638 1916 741 1957 650.)
776 1915 840 1949 alii

113 1973 265 2007 quoque
284 1963 522 1997 Grammatici
544 1963 704 1996 multum
728 1962 768 1995 in
794 1962 841 1995 iis

115 2009 346 2052 explicandis
363 2009 535 2042 videntur
561 2009 774 2049 desudasse,
801 2012 843 2042 ut

71 2090 74 2092 ,
112 2066 161 2088 ea
191 2057 284 2088 scire
322 2055 578 2099 (intelligere)
616 2056 843 2096 viderentur,

115 2111 214 2145 quae
233 2101 427 2147 Virgilius,
453 2101 643 2141 Horatius,
669 2101 844 2134 Tibullus

109 2158 208 2182 sane
242 2158 312 2182 nec
344 2148 608 2193 intelligebant
639 2158 763 2191 neque
789 2147 846 2180 in·

116 2194 288 2239 telligere
313 2194 505 2229 curabant.
532 2194 711 2228 Similiter
729 2194 846 2233 Quin-

115 2241 174 2275 til.
201 2244 240 2283 1,
278 2244 318 2284 6,
355 2243 419 2275 40:
458 2243 645 2276 Saliorum
682 2242 846 2278 carmina

106 2290 180 2323 -viae
214 2290 457 2322 sacerdotibus
497 2290 572 2322 suis
611 2289 699 2321 satis
739 2289 847 2321 intel-

112 2336 226 2368 lecta.
252 2354 295 2359 —
321 2344 395 2368 non
426 2336 489 2368 illc
523 2335 642 2377 favet]
679 2345 776 2375 „non
802 2345 849 2369 ex

116 2382 234 2416 animi
271 2381 331 2416 sui
365 2382 552 2416 sententia
583 2381 719 2425 probat
750 2381 846 2415 anti-

120 2439 195 2473 qua
219 2429 403 2471 carmina,
440 2439 535 2474 quae
561 2429 607 2462 ab
633 2428 714 2472 ipso
747 2428 847 2462 haud

119 2475 312 2509 intellecta
337 2486 421 2509 eum
447 2486 534 2510 vere
568 2475 756 2509 delectare
781 2475 849 2508 mi-

119 2522 220 2556 nime
245 2523 439 2566 possunt.“
466 2542 511 2547 ——
534 2522 697 2564 sepultis]
733 2522 848 2564 „scri-

106 2569 292 2613 :ptoribus
305 2572 391 2603 ante
404 2570 541 2603 multos
558 2580 677 2603 annos
690 2569 849 2602 mortuis

122 2617 160 2649 et
183 2615 271 2649 iam'
287 2615 467 2650 oblivioni
498 2615 679 2650 traditis.“
705 2634 753 2640 —
776 2617 849 2649 Νο-

121 2663 201 2694 stra
222 2662 297 2705 sed]
320 2663 542 2707 Aptissima,
567 2666 610 2696 ut
633 2664 762 2707 poeta,
789 2673 851 2696 vo-

122 2707 311 2752 cabulum,
335 2710 376 2743 in
402 2720 476 2755 quo
503 2711 711 2744 sententiae
738 2709 849 2743 cardo

882 976 1060 1017 vertitur,
1110 985 1344 1019 praeponere
1386 974 1526 1018 potuit,
1576 973 1614 1007 id

883 1022 984 1066 quod
1014 1022 1054 1055 in
1086 1021 1251 1066 pedestri
1286 1021 1457 1055 oratione
1490 1021 1614 1054 facere

881 1069 982 1103 haud
1008 1069 1157 1103 licebat.
1196 1069 1271 1102 Cfr.
1290 1067 1357 1101 Od.
1375 1071 1407 1109 4,
1436 1070 1468 1110 4,
1496 1069 1552 1101 33.
1570 1087 1615 1092 -—

884 1117 1040 1159 lividus]
1080 1115 1293 1158 „malitiose
1326 1115 1496 1157 invidus,
1535 1114 1616 1158 ipse

883 1174 968 1197 cum
1011 1163 1107 1196 nihil
1147 1166 1363 1198 nostrorum
1410 1162 1615 1196 carminum

883 1211 1007 1244 simile
1034 1210 1226 1243 elaborare
1244 1210 1397 1253 possit-⁴⁶
1437 1208 1544 1243 Ovid.
1572 1219 1618 1243 ex

884 1258 1003 1291 Ponto
1040 1259 1079 1299 3,
1112 1260 1153 1299 4,
1188 1259 1251 1291 73:
1292 1257 1436 1298 Scripta
1471 1257 1617 1297 placent

885 1313 908 1337 a
933 1307 1047 1337 morte
1081 1306 1176 1345 sere,
1215 1305 1303 1344 quia
1339 1304 1484 1336 laedere
1516 1304 1618 1336 vivos

885 1353 992 1384 Livor
1017 1354 1050 1384 et
1075 1353 1190 1384 inviso
1208 1359 1362 1392 carpere
1385 1351 1491 1383 dente
1515 1351 1618 1383 solet.

933 1399 1085 1432 90—92.
1113 1397 1283 1440 Graecis]
1314 1397 1392 1430 Iam
1418 1397 1618 1430 admirabi-

887 1446 958 1479 lem
991 1446 1031 1478 in
1064 1444 1214 1478 modum
1249 1444 1479 1478 Graecorum
1512 1443 1619 1478 indo-

886 1492 959 1526 lem
984 1492 1170 1536 poeticam
1204 1491 1379 1535 exprimit
1409 1501 1452 1524 ac
1477 1490 1618 1525 descri-

886 1539 958 1579 bit,
992 1539 1273 1580 demonstrans,
1299 1541 1534 1582 quantopere
1560 1538 1619 1571 in-

888 1587 959 1619 sito
996 1585 1148 1629 pulchri
1187 1596 1300 1619 sensu
1332 1585 1520 1618 Romanos
1559 1595 1621 1618 su·

886 1633 1056 1677 perat-int
1095 1632 1423 1676 promptioresque
1474 1642 1620 1675 semper

887 1680 1031 1713 fuerint
1055 1679 1102 1712 ad
1123 1681 1324 1723 poctarum
1358 1689 1512 1712 suorum
1546 1689 1621 1712 me-

887 1727 962 1760 rita
994 1727 1094 1760 ultro
1128 1725 1377 1770 agnoscenda.
1404 1744 1447 1750 -—
1473 1726 1621 1768 tereret]

888 1774 935 1807 de
972 1773 1124 1807 assidua
1162 1773 1341 1814 lectione,
1383 1775 1426 1806 ut
1459 1772 1537 1806 Cic.
1575 1772 1621 1806 ad

887 1820 990 1854 Fam.
1016 1823 1048 1862 9,
1074 1822 1130 1862 25,
1158 1822 1197 1854 1:
1230 1819 1412 1852 Παιδείαν
1437 1816 1621 1865 Κύρου--

890 1869 1131 1901 contriveram
1181 1868 1341 1908 leaenae.
1384 1886 1430 1891 —-
1468 1866 1621 1909 viritim]

891 1915 1056 1958 „singuli
1080 1914 1180 1948 cives
1196 1913 1358 1948 Romani
1377 1917 1413 1947 et
1431 1914 1498 1958 qui
1515 1923 1623 1958 prae·

890 1965 947 1995 ter
980 1963 1049 1995 hos
1082 1962 1215 1995 Latine
1251 1961 1408 1995 sciunt.“
1460 1960 1539 1993 Liv.
1566 1963 1624 2002 41,

892 2010 932 2041 8:
989 2009 1134 2042 Genera
1189 2011 1311 2041 autem
1359 2009 1503 2049 fraudis
1552 2009 1623 2040 duo

891 2055 1090 2087 mutandae
1122 2056 1259 2087 viritim
1289 2055 1443 2087 civitatis
1474 2055 1624 2087 inducta

895 2104 1010 2134 erant.
1046 2120 1090 2124 —
1120 2102 1288 2141 publicus
1321 2101 1429 2143 usus]
1468 2111 1560 2134 usus
1595 2111 1624 2134 s.

894 2158 986 2180 usus
1011 2147 1156 2180 fructus
1183 2158 1330 2188 rerum,
1357 2157 1451 2191 quas
1477 2147 1624 2191 antiqui

894 2194 1065 2237 publicas
1103 2194 1163 2227 vel
1201 2204 1416 2227 communes
1458 2194 1625 2238 appella-

897 2240 998 2282 bant,
1023 2251 1182 2285 quarum
1207 2240 1427 2283 dominium,
1452 2244 1494 2274 ut
1518 2241 1628 2274 aiunt

895 2287 988 2330 leti,
1021 2298 1131 2321 nemo
1164 2288 1217 2321 ita
1247 2290 1396 2331 poterat
1429 2298 1625 2332 occupare,

895 2337 938 2368 ut
973 2335 1189 2368 excluderet
1229 2335 1335 2368 alios.
1386 2334 1495 2369 Tales
1538 2338 1627 2368 sunt

896 2383 972 2423 aer,
997 2392 1096 2426 aqua
1111 2381 1314 2426 profluens,
1339 2393 1440 2415 mare
1466 2382 1625 2426 eiusque

896 2428 1018 2462 litora.
1068 2428 1185 2462 Gaius
1219 2430 1259 2471 2,
1296 2431 1357 2461 11:
1395 2438 1488 2469 quac
1519 2430 1625 2471 (res)

892 2476 1116 2516 publicae
1148 2478 1250 2517 sunt,
1284 2476 1422 2508 nullius
1456 2477 1495 2508 in
1527 2477 1626 2508 bonis

898 2531 971 2555 csse
996 2524 1212 2562 creduntum·
1235 2524 1348 2564 ipsius
1367 2524 1462 2555 enim
1482 2523 1626 2555 univer-

896 2570 1013 2602 sitatis
1038 2578 1112 2603 cssc
1137 2570 1345 2603 creduntur.
1394 2569 1451 2602 Ita
1476 2572 1513 2602 et
1538 2570 1627 2612 poe-

896 2618 995 2650 mata
1010 2616 1164 2660 publico
1182 2617 1269 2650 usui
1286 2616 1509 2657 inserviunt,
1535 2626 1627 2659 quo-

898 2663 998 2696 niam
1023 2663 1195 2697 omnibus
1228 2673 1348 2706 aeque
1374 2662 1420 2695 iis
1446 2661 1626 2696 delectari

898 2709 998 2743 licet.
