1774 2930
142 135 226 176 176

256 235 420 278 Verum
452 250 547 291 ego,
580 240 627 278 ut
658 236 887 279 haerentes
922 235 1118 279 adverso³
1134 237 1259 280 litore
1289 252 1422 281 naves

643 134 850 186 nonATn
875 134 1159 170 summum

1579 235 1666 279 205

257 306 506 363 Eriperem,
539 307 729 363 prudens
761 307 928 363 placavi
961 308 1170 363 sanguine
1202 308 1338 351 divos.

257 377 425 434 Nempe
457 382 546 431 tuo,
579 378 755 420 furiose.
797 378 910 432 Meo,
942 379 1019 421 sed
1048 393 1135 421 non
1166 380 1367 422 furiosus.

258 448 343 497 Qui
374 449 540 505 species
573 450 679 492 alias
711 450 826 492 veris
858 449 1119 506 scelerisque
1150 451 1338 493 tumultu

256 519 502 562 Permixtas
536 521 690 576 capiet,
724 525 961 563 commotus
992 521 1235 576 habebitur,
1267 525 1411 578 atque,

257 590 505 634 Stultitiane
536 595 668 645 erret,
700 592 883 634 nihilum
914 591 1111 646 distabit,
1143 606 1199 635 an
1230 594 1307 635 ira.

1578 594 1666 635 210

255 662 371 704 Aiax
401 663 638 705 immeritos
670 677 766 705 cum
799 662 971 717 occidit,
1004 663 1184 720 desipit,
1217 678 1379 720 agnos:

258 733 368 800 Cum
399 733 589 790 prudens
622 735 762 777 scelus
795 734 850 776 ob
880 735 1028 776 titulos
1062 735 1252 776 admittis
1284 735 1455 789 inanes,

258 802 357 847 Stas'
378 806 520 847 animo
543 810 586 848 et
608 819 765 861 purum
784 809 851 848 est
867 805 972 847 vitio
994 806 1087 860 tibi,
1111 820 1207 848 cum
1228 805 1440 848 tumidum
1460 809 1540 860 est,
1563 805 1666 848 cor?

234 912 313 944 208.
351 914 447 945 veris
482 911 571 946 Cod.
597 911 774 946 Blandin.
809 911 1031 956 antiquiss.
1069 912 1159 947 Cod.
1191 910 1343 947 Buslid.
1378 913 1562 958 (uterque
1596 923 1616 946 e

185 959 466 1002 correctione),

184 1004 413 1040 Lambinus:
438 1008 516 1040 veri
540 1006 660 1051 bScp,

187 1063 232 1086 ex
258 1053 363 1087 varia
388 1048 552 1088 lectione
580 1053 729 1088 Codicis
754 1053 837 1087 Div.

499 959 674 993 Pottierii
707 959 803 1002 duo,
836 959 1110 1004 Porphyrionis
1134 960 1204 994 Ed.
1233 961 1406 1005 princeps
1431 962 1616 1002 a.1481.‚

692 1006 868 1040 Pottierii
895 1007 1090 1051 plerique,
1116 1010 1150 1050 t,
1175 1007 1392 1051 Bentleius‚
1417 1007 1504 1051 ΕΜ,
1527 1016 1615 1041 vero

866 1054 904 1087 C.
926 1073 968 1077 —
988 1056 1069 1088 211.
1094 1056 1294 1089 immeritos
1321 1064 1402 1088 cum
1427 1054 1524 1100 Sep:

1548 1056 1615 1088 im-

186 1102 335 1134 meritos
368 1102 455 1135 dum
487 1101 593 1144 b‚Lt‚
632 1110 713 1135 cum
745 1103 943 1136 immeritos
978 1101 1025 1144 C,
1058 1102 1202 1143 Bentl.‚
1234 1101 1338 1136 FMJ.
1363 1122 1409 1127 —
1440 1104 1520 1136 212.
1562 1104 1616 1136 Tu

179 1149 345 1189 prudens
363 1167 378 1173 -
396 1167 411 1173 -

430 1150 554 1182 titulos
589 1158 670 1182 cum
703 1150 865 1182 admittis
895 1149 1093 1183 Bentleius
1128 1150 1227 1183 coni.
1254 1169 1297 1173 —
1325 1151 1405 1183 213.
1435 1150 1521 1192 tibi]
1557 1150 1616 1183 vel

185 1195 275 1229 Cod.
301 1196 384 1230 Div.
412 1196 511 1241 apud
539 1196 760 1241 Oruquium.
801 1196 1020 1239 (Bentleius
1046 1197 1240 1231 distinxit:
1263 1205 1401 1238 purum
1427 1200 1495 1240 est,
1526 1198 1615 1230 vitio

185 1244 250 1275 tibi
275 1252 357 1277 cum
382 1245 563 1277 tumidum
589 1247 638 1277 est
665 1243 775 1286 οσνῖ)

134 1337 258 1382 ipsum
284 1337 444 1380 Ulixem,
480 1341 556 1372 tam
583 1338 656 1372 sibi
682 1338 872 1372 exosum.“

136 1404 179 1408 -—
225 1387 357 1419 Verum
401 1395 465 1428 eqo
514 1386 606 1429 cet.]
655 1385 875 1431 Respondet

133 1432 376 1478 Agamemno.
402 1452 449 1457 -
475 1435 628 1467 adverso
656 1433 775 1476 litore]
808 1444 875 1476 „ex

133 1479 335 1514 Aulidensi
384 1480 515 1523 litore,
574 1481 676 1525 quod
727 1481 874 1523 Troiae,

135 1537 209 1571 quo
237 1530 329 1561 tunc
354 1528 602 1562 tendebamus
630 1531 666 1562 et
686 1528 752 1562 ubi
771 1539 874 1562 nunc

135 1585 264 1609 sumus
298 1574 495 1620 (dialogus
522 1576 622 1610 enim
649 1576 784 1610 Troiae
809 1577 874 1610 ha-

133 1621 237 1656 bitus
264 1621 430 1668 fingitur.
471 1623 547 1657 Cfr.
573 1634 606 1656 v.
636 1623 743 1665 191.),
770 1633 789 1657 e
815 1634 874 1657 re-

133 1669 246 1714 gione
273 1671 489 1715 oppositum
515 1673 583 1704 est.
630 1670 738 1704 Conf.
764 1670 873 1704 Ovid.

132 1716 282 1751 Metam.
311 1719 365 1761 14,
389 1719 430 1751 5:
455 1719 618 1751 Zanclen
643 1720 873 1759 adversaque

132 1766 279 1798 ‘moenia
310 1766 438 1807 Rheqi.
466 1785 509 1789 —
535 1766 752 1808 Eriperem]
792 1765 874 1799 Hoc

132 1812 290 1845 verbum
315 1813 409 1855 vim,
443 1823 520 1858 qua
553 1812 600 1846 ad
634 1813 873 1847 deducendas

127 1858 222 1905 ‘inde
240 1870 354 1893 naves
373 1871 468 1904 opus
485 1860 614 1903 fuerit,
634 1871 770 1905 magna
788 1871 873 1894 cum

133 1906 300 1940 efficacia
326 1907 511 1951 exprimit.
531 1927 574 1930 —
597 1916 672 1941 non
696 1908 873 1950 furiosus]

132 1953 204 1987 Hic
245 1953 378 1987 finitur
416 1954 588 2000 dialogus
625 1954 735 1988 fictus
774 1955 873 1988 inter

132 2000 452 2046 Agamemnonem
479 2004 515 2036 et
541 2002 721 2036 Stoicum.

182 2098 351 2130 208-209.
368 2098 503 2138 species
521 2098 617 2130 alias
633 2097 746 2140 veris]
766 2107 871 2141 „spe-

134 2143 229 2186 cies,
256 2145 496 2186 φαντασίας,
521 2144 720 2188 opiniones
746 2145 871 2178 animo

133 2194 354 2236 conceptas,
384 2193 747 2235 Vorstellunqen‚
778 2192 872 2226 alias

133 2249 155 2272 a
179 2239 278 2272 veris
304 2250 348 2273 ac
374 2239 488 2273 rectis
520 2239 748 2282 (contrarias
773 2240 871 2274 veri-

131 2286 228 2328 tati),
255 2286 370 2321 falsas
398 2290 435 2321 et
460 2287 637 2320 confusas
665 2297 710 2320 ea
734 2286 871 2321 mentis

132 2332 338 2378 agitatione
364 2337 402 2368 et
427 2334 739 2377 conturbatione,
774 2345 871 2378 quae

132 2379 310 2414 facillime
329 2381 390 2414 vel
406 2381 453 2414 ad
473 2381 619 2415 scelera
637 2382 871 2415 committen-

132 2427 181 2462 da
205 2438 276 2461 nos
303 2428 476 2472 abripit.“
522 2428 623 2470 (Hoc
650 2429 752 2462 enim
778 2429 872 2463 scita

133 2474 377 2520 brachylogia
411 2475 598 2520 significat
629 2477 778 2510 sceleris
814 2479 871 2509 tu-

132 2523 296 2565 multas.)
323 2521 384 2556 Sic
409 2521 504 2567 Epp.
533 2526 564 2565 1,
591 2525 645 2565 16,
665 2526 729 2557 20:
756 2524 872 2557 alium

131 2571 295 2611 sapiente
321 2571 496 2610 bonoque.
543 2569 637 2614 Epp.
665 2572 697 2613 2,
725 2573 757 2613 1,
783 2572 871 2604 240:

134 2619 231 2652 alius
256 2618 423 2659 Lysippo.
471 2616 530 2650 Ad
557 2628 590 2651 v.
617 2619 778 2651 tumultu
804 2618 871 2651 cfr.

134 2665 203 2699 Od.
239 2666 473 2707 2,16,10:
510 2666 661 2698 miseros
696 2667 872 2698 tumultus

134 2713 277 2748 Mentis.
317 2731 360 2736 —-
400 2712 616 2754 commotus]
669 2713 872 2755 „cerritus,

922 1341 1051 1373 mente
1076 1340 1207 1383 captus
1220 1339 1251 1381 ⁴⁴,
1274 1340 1512 1373 verroeckt.
1555 1338 1663 1373 Conf.

923 1397 956 1420 V.
983 1387 1063 1420 278.

972 1435 1171 1468 211-219.
1214 1443 1296 1467 mam
1332 1435 1480 1476 occidit,
1520 1434 1661 1476 desipit,

924 1481 1053 1524 agnos]
1072 1481 1234 1526 Supple:
1258 1484 1323 1524 „nt
1338 1483 1380 1516 tu
1398 1481 1525 1515 dicere
1541 1480 1665 1524 soles;

922 1532 963 1562 tu
990 1531 1123 1563 contra
1140 1539 1227 1562 cum
1244 1529 1337 1564 oet.“
1374 1528 1431 1563 De
1456 1529 1664 1574 hyperbato

925 1576 1021 1610 conf.
1050 1576 1125 1610 Sat.
1152 1578 1190 1618 2,
1219 1579 1256 1618 1,
1282 1578 1359 1618 60„
1384 1576 1430 1610 de
1457 1576 1598 1617 omissa
1619 1576 1661 1610 in

922 1623 1042 1658 altero
1061 1624 1228 1657 membro
1246 1633 1431 1668 personae
1458 1623 1529 1665 (tu)
1555 1624 1662 1656 nota-

922 1670 1026 1704 tione
1053 1671 1120 1704 cfr.
1145 1681 1180 1704 v,
1206 1672 1287 1704 234.
1312 1689 1358 1694 —-
1385 1669 1526 1713 titulos]
1561 1669 1661 1712 „tibi

922 1717 1120 1762 ponendos
1146 1718 1281 1762 plenos
1311 1717 1468 1751 laudum
1498 1719 1662 1758 tuarum,

923 1765 989 1810 qui
1006 1776 1144 1799 nomen
1161 1768 1270 1799 tuum
1286 1764 1388 1809 apud
1411 1767 1584 1809 posteros
1601 1774 1664 1798 ae-

922 1813 1109 1856 ternent“‚
1133 1813 1158 1846 i.
1185 1823 1235 1856 e.,
1265 1812 1336 1856 „ob
1361 1823 1495 1847 vanam
1519 1811 1664 1857 gloriae

923 1860 1180 1915 cupiditatem.
1185 1860 1203 1877 ⁴¹·
1231 1879 1274 1883 —
1299 1861 1382 1894 stas
1416 1859 1561 1902 animo]
1602 1869 1662 1892 te-

924 1910 1004 1950 cto;
1032 1908 1125 1950 „tibi
1150 1907 1232 1951 ipse
1250 1909 1402 1941 constas
1427 1916 1594 1950 sanaque
1619 1916 1663 1940 es

922 1955 1103 1988 mente?“
1129 1954 1340 1999 Philempn.
1393 1955 1502 1988 ..417
1526 1952 1661 1987 Mein:

919 1998 1035 2034 Ἑπὰν
1072 1999 1096 2035 6
1133 2001 1224 2043 νοῦς
1251 2001 1286 2056 ᾑ
1319 2013 1376 2056 μη
1410 1996 1663 2055 καθεστηκώς

921 2059 1006 2088 τινι,
1032 2046 1111 2081 Οὐκ
1135 2045 1213 2082 ’ἔστ’
1236 2045 1394 2082 ἀκούειν
1411 2046 1524 2082 οὐδὲν
1540 2044 1663 2082 αὐτὸν

921 2094 1002 2129 οὐδ’
1027 2093 1208 2142 ὁρᾷν.
1233 2098 1446 2130 tumidum-
1463 2095 1548 2139 cor]
1581 2095 1663 2129 vio·

921 2144 1061 2178 lentam
1075 2144 1191 2178 animi
1204 2143 1528 2188 perturbationem
1542 2143 1663 2188 signi-

920 2191 1018 2234 ficat,
1044 2194 1087 2225 ut
1109 2194 1230 2225 tumor
1253 2192 1370 2224 anivni
1389 2191 1530 2224 dicitur
1548 2190 1661 2224 etiam

920 2238 961 2272 in
995 2249 1109 2283 prosa
1141 2237 1312 2273 oratione
1351 2238 1454 2282 (Cic.
1487 2238 1600 2272 Tusc.
1626 2239 1662 2279 3,

923 2287 987 2329 12,
1014 2287 1087 2329 26.)
1121 2286 1166 2320 de
1194 2286 1296 2320 fastu
1321 2288 1360 2319 et
1382 2286 1586 2330 praecipue
1611 2283 1661 2317 de

920 2333 996 2376 ira,
1034 2344 1131 2378 quae
1164 2333 1356 2367 hominem
1387 2332 1436 2367 ad
1471 2331 1659 2367 insaniam

921 2391 1033 2425 saepe
1058 2390 1102 2415 ac
1127 2380 1273 2414 scelera
1297 2379 1470 2424 impellit.
1515 2378 1663 2412 Seneca

921 2428 966 2462 de
991 2428 1054 2462 Ira
1080 2429 1207 2469 1,16;
1241 2429 1310 2460 Ira
1344 2428 1450 2460 habet
1476 2435 1550 2460 mm
1572 2426 1662 2461 soli—

920 2478 1008 2509 dum
1040 2477 1165 2518 robur,
1202 2476 1266 2508 sed
1297 2483 1436 2508 vanum
1468 2477 1659 2507 tumorem

921 2522 988 2556 Est
1020 2524 1146 2556 autem
1179 2522 1302 2566 imago
1336 2521 1412 2555 iam
1443 2520 1659 2562 Homerica,

918 2570 1027 2604 Iliad.
1053 2581 1086 2610 ι,
1111 2570 1199 2603 553:
1236 2568 1388 2612 Μελέαγ
1365 2579 1458 2615 γρον
1491 2564 1554 2601 ’c‘ov
1587 2565 1659 2607 χό-

921 2616 1006 2659 λος,
1039 2612 1085 2659 ὅς
1117 2627 1155 2650 τε
1189 2617 1254 2650 καὶ
1286 2612 1410 2670 ᾅλλων
1434 2610 1588 2649 omnim
1616 2614 1661 2647 ἐν

922 2661 1112 2708 στήθεσσι
1135 2659 1230 2697 vo'ov
1256 2672 1360 2696 πυκα-
1383 2672 1452 2717 περ
1468 2658 1660 2717 φρονεόν-
1708 2697 1719 2703 “

921 2723 1008 2745 των.
1047 2711 1142 2746 Ibid.
1169 2713 1260 2745 646:
1283 2706 1391 2744 Ἀλλά
1413 2721 1485 2753 μοι
1509 2706 1661 2743 οἰδάνε-
