1774 2930
675 129 771 165 un.
794 129 844 163 11.
891 127 996 162 SAT.
1018 126 1086 162 m

1553 123 1635 166 161

246 234 312 278 Te
333 233 565 291 quidquam
584 231 831 287 indignum3
863 228 1015 286 pudor,
1035 227 1189 283 inquit,
1210 231 1255 269 te
1275 225 1413 268 malus
1434 225 1568 281 angit,

243 306 423 348 Insanos
453 304 527 361 qui
556 304 670 347 inter
698 315 875 344 vereare
903 300 1080 342 insanus
1110 298 1275 341 haberi.

1580 296 1639 336 40

242 377 439 422 Primum
455 388 558 418 nam
575 373 804 430 inquiram,
820 371 924 428 quid
943 372 1001 413 sit
1020 370 1184 412 furere:
1206 368 1289 410 hoc
1309 368 1347 410 si
1367 360 1452 410 erit
1469 367 1515 409 in
1535 371 1579 409 te

245 447 361 502 Solo,
390 446 453 488 nil
482 445 618 498 verbi,
646 457 799 501 pereas
830 443 934 499 quin
964 442 1145 494 fortiter,
1175 439 1342 482 addam.

247 517 385 566 Quem
414 517 529 559 mala
558 516 743 558 stultitia
772 519 816 558 et
845 526 1141 570 quemcunque
1170 511 1342 553 inscitia
1370 510 1463 552 veri

245 588 432 632 Caecum
463 588 567 643 agit,
597 587 796 629 insanum
826 584 1058 640 Chrysippi
1086 582 1277 639 porticus
1307 585 1351 624 et
1380 595 1488 637 grex

244 659 467 702 Autumat.
497 658 620 700 Haec
639 657 835 714 populos,
856 656 964 699 haec
983 668 1162 710 magnos
1183 653 1367 695 formula
1385 666 1511 708 reges
1582 651 1641 691 45

243 730 441 787 Excepto
470 729 667 785 sapiente
694 732 826 770 tenet.
862 726 991 768 -Nunc
1021 725 1182 781 accipe,
1214 738 1348 780 quare

245 801 474 858 Desipiant
505 810 653 843 omnes
685 812 821 854 aeque
850 812 901 840 ac
930 801 992 850 tu,
1025 796 1099 852 qui
1126 796 1207 838 tibi
1237 809 1394 838 nomen

247 873 404 914 Insano
433 884 630 928 posuere.
670 869 803 912 Velut
833 869 966 921 silvis,
998 868 1072 909 ubi
1104 867 1266 923 passim

246 942 450 986 Palantes
481 955 599 984 error
628 945 744 983 certo
775 940 828 982 de
858 939 1029 981 tramite
1059 938 1226 1005 pellit,¹

244 1011 324 1056 Ille
345 1013 650 1066 sinistrorsum,
670 1011 743 1054 hic
762 1011 1033 1054 dextrorsum
1054 1009 1167 1053 abit:
1188 1022 1300 1051 unus
1321 1008 1493 1063 utrique

1588 1005 1646 1047 50

245 1083 392 1138 Error,
424 1083 500 1126 sed
530 1084 660 1126 variis
691 1082 831 1124 illudit
861 1081 1076 1138 partibus3
1107 1079 1190 1122 hoc
1220 1084 1264 1121 te

176 1212 180 1214 ‚
249 1154 389 1214 Crede
417 1154 543 1196 modo
572 1155 783 1206 insanum,
814 1153 949 1194 nihilo
979 1156 1028 1193 ut
1059 1151 1294 1208 sapientior
1323 1150 1409 1203 ille,

248 1225 335 1274 Qui
364 1230 408 1268 te
439 1225 619 1278 deridet,
652 1224 830 1267 caudam
861 1220 1016 1266 trahat.
1057 1221 1140 1264 Est
1169 1235 1305 1277 genus
1337 1234 1470 1262 unum

228 1355 285 1388 39.
322 1354 440 1398 ancil]
464 1357 572 1396 iarael
595 1365 641 1398 p,
665 1353 839 1387 Pottierii
864 1353 1037 1396 plerique
1064 1355 1102 1386 et
1128 1361 1225 1385 corr.
1251 1350 1295 1391 S,
1326 1350 1415 1383 item
1439 1348 1530 1382 Lct.
1555 1366 1603 1372 —-

182 1402 239 1438 50,-
264 1402 429 1442 utrisque
451 1411 509 1447 pr.
537 1411 556 1434 c
583 1404 620 1434 et
644 1410 739 1434 corr.
764 1399 801 1442 b,
826 1399 892 1434 alii
919 1398 1045 1441 Codd.,
1071 1397 1219 1432 'Veneta
1245 1399 1349 1430 1481.

136 1511 378 1558 „Notandum
405 1514 465 1546 VB
487 1512 670 1558 syllabam
707 1512 870 1554 brevem,

136 1569 223 1594 cum
258 1559 447 1594 secundae
484 1563 543 1595 est
576 1559 867 1604 coniugationis,

135 1609 180 1640 ut
200 1604 357 1650 Persius
380 1607 446 1650 (1,
472 1607 575 1650 108.)
608 1608 691 1641 vide
715 1607 867 1640 brevem

134 1653 295 1698 posuit-*⁴
331 1653 428 1688 Aen.
469 1653 576 1688 Cous.
593 1665 626 1688 v.
646 1656 726 1689 177.
750 1653 867 1699 Epod.

135 1700 171 1742 6,
196 1702 254 1735 11.
302 1700 377 1735 Sat.
402 1702 436 1744 2,
461 1703 495 1744 5,
520 1703 578 1736 75.
626 1701 720 1746 Epp.
747 1704 785 1743 1,
812 1703 868 1744 13,

137 1748 194 1781 19.
211 1766 255 1772 -
270 1749 559 1792 pudor-malus]
576 1749 753 1791 „falsus“,
777 1748 869 1782 δυσ-

135 1795 247 1828 ωπία.
273 1814 317 1825 Ἶ-
342 1796 468 1839 auoit]
513 1807 560 1831 ex
595 1796 705 1830 bonis
751 1796 868 1830 Codd.

136 1842 283 1887 recepit
304 1842 502 1877 Bentleius
525 1854 595 1888 pro
618 1846 737 1886 iarael,
768 1843 870 1888 quod

137 1888 242 1923 verbi
265 1889 371 1923 illius
396 1893 454 1924 est
476 1890 674 1935 glossema.
700 1910 743 1914 —
769 1892 871 1924 insa-

136 1935 222 1979 nus]
246 1935 323 1971 cfr.
347 1947 383 1970 v.
406 1940 463 1971 48.

185 1984 308 2018 41-50.
331 1985 499 2018 Primam
521 1985 624 2028 nam]
653 1984 728 2018 Cfr.
753 1995 787 2018 v.
814 1987 871 2019 20.

141 2047 183 2052 -
202 2031 257 2063 nil
271 2031 578 2073 verbi-madum]
604 2032 732 2073 „nullo
756 2032 871 2065 verbo

139 2075 391 2120 impediam“,
423 2080 513 2118 quin
542 2081 614 2111 cet.
663 2078 770 2112 Conf.
796 2078 872 2112 Sat.

141 2124 175 2165 2,
192 2125 226 2166 2,
243 2125 301 2157 23.
317 2143 364 2148 —
379 2126 484 2157 mala
498 2124 671 2167 stultitia]
695 2125 752 2158 De
767 2125 873 2158 brevi

140 2170 264 2205 vocali
299 2174 387 2205 ante
423 2171 572 2205 litteras
607 2174 641 2204 st
676 2182 753 2205 non
789 2182 875 2215 pro-

142 2215 257 2252 ducta
281 2218 378 2253 conf.
404 2217 480 2252 Sat.
506 2221 544 2259 1,
570 2219 604 2260 2,
628 2219 685 2251 30.
702 2237 748 2242 -
766 2220 875 2259 Cluv-

139 2265 236 2307 n'ppt'
255 2265 435 2308 porticus]
459 2262 558 2299 στοὰ
582 2264 736 2308 ποικίλη
761 2265 876 2299 Athe-

141 2311 222 2355 nis,
245 2312 287 2346 in
312 2323 387 2357 qua
411 2312 512 2346 Zeno
538 2311 699 2356 eiusque
725 2322 876 2346 succes—

141 2368 248 2393 sores
272 2359 495 2394 docuerunt.
543 2359 650 2394 Conf.
676 2359 751 2393 Sat.
779 2362 815 2401 1,
842 2360 876 2401 3,

142 2406 223 2440 127.
250 2426 293 2430 -
320 2408 426 2450 orem]
452 2406 557 2440 Conf.
578 2406 672 2450 Epp.
702 2409 734 2447 1,
758 2408 793 2447 4,
820 2408 876 2439 16.

144 2471 188 2476 —-
213 2454 407 2496 autumat]
438 2457 481 2488 ut
512 2455 553 2487 in
577 2453 733 2487 Pacuvii
758 2453 876 2486 Dulo-

142 2503 242 2535 reste
268 2501 343 2543 (ed.
367 2501 505 2543 Bothe)
529 2500 590 2534 Fr.
617 2503 685 2534 32:
722 2502 797 2533 Aut
821 2501 878 2533 hic

145 2550 196 2580 est
220 2551 285 2581 aut
309 2550 366 2581 hic
390 2551 505 2590 affore
529 2551 692 2581 actutum
709 2550 878 2581 autumo.-

146 2595 344 2638 „affirmat,
369 2595 513 2638 dicit“;
538 2605 639 2629 non:
666 2594 878 2638 „opinatur,

146 2643 326 2684 comest,
358 2646 402 2676 ut
432 2641 622 2685 interdum
646 2641 741 2675 falso
769 2651 878 2674 usur-

145 2692 238 2733 pant
261 2690 507 2724 recentiores.
539 2688 615 2722 Cfr.
642 2688 739 2722 Gell.
764 2687 809 2720 N.
833 2687 879 2721 A.

217 2758 319 2784 norat.
331 2759 396 2783 Vol.
409 2758 447 2784 11.
474 2759 528 2783 Ed.
546 2759 642 2783 minor
653 2759 687 2783 V.

920 1513 977 1553 15,
1001 1513 1036 1554 3,
1060 1512 1134 1544 4-6.
1150 1528 1199 1534 -
1213 1508 1392 1551 formula]
1417 1519 1475 1552 pr.
1500 1517 1651 1542 carmen

915 1558 1022 1603 legis,
1046 1557 1084 1591 h.
1100 1557 1126 1591 l.
1143 1556 1326 1597 definitio,
1346 1553 1487 1589 κανών.
1510 1555 1653 1589 Huius-

915 1605 1017 1639 modi
1042 1607 1166 1639 autem
1200 1603 1441 1638 definitiones
1473 1613 1543 1647 per
1568 1612 1654 1636 suc-

916 1662 1109 1687 cessorum
1134 1651 1281 1687 scholas
1311 1650 1520 1684 identidem
1545 1659 1654 1693 repe-

916 1700 1004 1734 titas
1029 1699 1230 1744 paradoxis
1255 1698 1336 1732 suis
1362 1697 1478 1731 Stoici
1503 1707 1653 1741 semper

915 1747 1158 1791 praemittere
1172 1745 1356 1780 solebant.
1368 1763 1417 1768 —-
1428 1743 1540 1786 tenet]
1560 1755 1654 1786 „na-

918 1796 1037 1834 τείχει,
1062 1793 1333 1837 amplectitur-'⁶
1354 1812 1395 1816 —
1417 1791 1568 1834 mano]
1606 1790 1656 1824 Ut

918 1842 1009 1876 olim
1041 1841 1307 1875 nominabatur
1339 1840 1566 1881 Men-marius,
1598 1838 1655 1872 sic

919 1899 1023 1922 nunc
1046 1889 1158 1932 inops
1183 1888 1306 1922 factus
1330 1889 1494 1920 manus.
1526 1885 1601 1919 Cfr.
1619 1895 1654 1919 v.

919 1938 1001 1970 298.
1017 1955 1065 1959 -
1078 1935 1230 1978 passim]
1258 1935 1353 1974 „huc
1379 1938 1415 1967 et
1438 1933 1546 1975 illuc,
1570 1933 1654 1967 sine

920 1986 1023 2017 certo
1049 1982 1252 2016 consilio.“
1305 1981 1412 2015 ovid.
1442 1980 1590 2014 Metam.
1624 1982 1656 2021 1,

920 2032 990 2064 57:
1020 2031 1090 2062 His
1117 2029 1284 2073 (ventis)
1310 2038 1452 2069 quoque
1477 2036 1551 2060 mm
1572 2035 1658 2068 pas-

920 2078 989 2109 sim
1028 2077 1156 2109 mundi
1203 2077 1406 2116 fabricator
1449 2075 1658 2107 habendam

921 2124 1023 2156 Aera
1034 2124 1212 2164 penui-sic.
1228 2142 1271 2146 —
1285 2121 1476 2163 Palantes]
1496 2120 1574 2154 Nec
1591 2120 1659 2154 bo-

922 2181 988 2211 yes
1014 2180 1140 2213 neque
1166 2179 1266 2210 oves,
1291 2169 1358 2203 sed
1375 2168 1574 2202 manifesto
1591 2168 1659 2201 ho-

922 2217 1044 2250 mines
1067 2227 1136 2260 per
1162 2217 1278 2250 silves
1306 2216 1379 2249 iter
1404 2215 1587 2249 facientes
1611 2224 1657 2248 ac

923 2267 1028 2298 recta
1051 2265 1113 2297 via
1136 2263 1355 2297 deci-rantes
1382 2262 1659 2307 significantur,

924 2314 967 2344 ut
991 2311 1252 2344 demonstrant
1275 2321 1333 2343 vv.
1358 2311 1557 2343 Ille-duic.

971 2359 1094 2392 51-56.
1116 2357 1440 2400 vanis-partibus]
1468 2355 1658 2400 „Uterque

922 2406 1064 2450 pariter
1090 2409 1209 2447 errat,
1241 2404 1308 2438 sed
1330 2405 1372 2438 in
1397 2414 1441 2438 eo
1468 2403 1660 2437 dumtaxat

924 2452 1158 2496 discrepant,
1189 2451 1291 2496 quod
1315 2451 1486 2485 diversas
1510 2451 1550 2483 in
1575 2461 1661 2494 par-

925 2502 982 2533 tes
1005 2511 1029 2533 a
1052 2502 1156 2534 recto
1180 2499 1330 2533 tramite
1355 2498 1543 2539 abeunt;“
1576 2497 1660 2530 sine

925 2546 1112 2591 imagine:
1139 2546 1317 2588 „diverso
1350 2545 1504 2589 quidem
1537 2543 1660 2584 modo,

926 2593 993 2627 sed
1018 2604 1139 2637 aeque
1163 2597 1293 2627 errant
1309 2593 1416 2626 stulti
1435 2592 1599 2625 omnes-‘⁶
1615 2609 1659 2613 —

926 2642 991 2674 hoc
1016 2640 1188 2684 te-nodo]
1219 2640 1323 2673 Haec
1347 2637 1579 2682 respondent
1603 2636 1661 2670 illi

930 2688 1033 2722 Velut
1059 2688 1117 2730 (v.
1141 2689 1199 2720 48.
1210 2687 1237 2729 ).
1263 2705 1307 2710 -
1334 2687 1493 2718 caudam
1521 2683 1662 2726 trahat]

1413 2756 1443 2779 11
