1786 2912
1 2668 6 2675 ¹
0 2350 13 2659 ‘WQHWWv--otr'
0 2338 2 2342 '

692 140 786 176 LIB.
809 141 840 175 Ι.
888 139 991 175 ΒΔΤ.
1013 139 1079 174 tx.

1555 137 1634 180 101

249 243 375 287 Noris
406 237 504 297 nos,
534 243 695 299 inquit,
728 241 840 285 docti
870 253 1032 283 sumus.
1092 239 1179 283 Hic
1208 253 1308 296 ego,
1338 238 1482 281 Pluris

248 315 362 368 Hoc,
392 315 585 371 inquam,
617 313 721 355 mihi
752 313 851 356 eris.

896 311 1056 354 Misere
1085 310 1305 354 discedere
1336 322 1544 366 quaerens
1553 341 1564 363 ,

249 385 317 428 Ire
346 385 470 428 modo
501 385 638 438 ocius,
669 383 884 426 interdum
912 383 1166 434 consistere,
1195 381 1241 423 in
1271 393 1419 423 aurem

249 455 405 502 Dicere
434 456 579 499 nescio
609 454 712 512 quid
742 467 894 510 puero,
926 466 1023 496 cum
1054 445 1182 495 sudcff
1211 451 1267 494 ad
1295 452 1403 494 imos
1585 450 1639 491 10

250 525 444 569 Manaret
471 527 594 568 talos.

656 524 694 568 Ο
724 529 788 577 te,
818 524 1002 576 Bolane,
1034 522 1198 566 cerebri

249 596 461 640 Felicem!
493 597 660 639 aiebam
689 595 871 648 tacitus3
903 607 1000 636 cum
1031 593 1239 649 quidlibet
1268 592 1341 635 ille

253 667 463 721 Garriret,
494 668 630 720 vicos,
661 666 811 708 urbem
840 663 1048 707 laudaret.

1108 663 1167 706 Ut
1195 663 1258 705 illi

250 738 322 780 Nil
350 737 680 795 respondebam:
712 735 870 778 Misere
899 735 1040 791 cupis,
1072 734 1229 790 inquit,
1262 733 1404 787 abire3

231 870 285 901 10.
306 875 432 909 puero.
481 867 751 901 cum--tatou
776 867 806 898 0
832 867 865 898 te
889 863 1066 899 distinxit
1089 864 1294 899 Bentleius.

128 965 328 1012 gnifica-at
359 966 501 1000 nullam
534 976 689 1011 prorsus
722 975 761 999 se
794 965 860 998 ha-

132 1013 222 1048 bere
246 1025 331 1048 cum
356 1024 400 1048 eo
425 1012 666 1058 colloquendi
697 1023 860 1053 causam,

131 1060 198 1095 ille
214 1063 337 1095 tamen
350 1060 505 1095 Horatio
523 1061 621 1095 latus
638 1060 741 1105 tegit,
759 1058 859 1092 unde

130 1108 306 1142 molestia
330 1118 370 1142 se
394 1108 557 1142 liberare
581 1106 738 1151 cupiens
765 1107 860 1140 comi

130 1155 364 1189 valedicendi
411 1154 573 1189 formula
621 1154 750 1187 utitur.
801 1152 861 1186 Sic

130 1200 285 1236 Terent.
301 1202 398 1236 Eun.
424 1204 458 1243 2,
484 1204 517 1243 3,
542 1203 606 1235 50:
631 1209 731 1242 rouo,
757 1209 861 1233 num·

133 1250 222 1290 quid
249 1250 349 1283 velit.
397 1251 504 1282 Recte
541 1249 694 1291 („Schon
729 1248 861 1290 φαμι),

127 1297 262 1338 inquil.
310 1297 418 1330 Abeo.
465 1295 588 1329 Plaut.
626 1294 803 1329 Bacchid.
828 1305 861 1327 v.

132 1343 222 1376 5⁷2:
246 1343 389 1376 Pms.
406 1343 681 1383 Numquiavis?
705 1342 862 1374 P1s‘r01..

133 1389 249 1423 Abeas
281 1391 455 1422 celeriter.
484 1408 526 1412 -—
551 1388 699 1431 occupo]
734 1398 864 1432 „prae-

79 1476 83 1480 ,
135 1436 246 1470 venio
270 1436 458 1469 hominem
482 1445 638 1480 rogans,
663 1437 863 1479 antequam

133 1482 201 1516 ille
217 1483 423 1528 quidquam
446 1485 532 1527 post
555 1482 710 1527 primam
728 1483 865 1516 saluta-

132 1528 274 1563 tionem
321 1530 497 1564 dixerat.“
541 1548 584 1553 —
626 1530 735 1562 Nor-is
784 1529 863 1572 nos]

133 1576 232 1618 „Vix
254 1577 366 1611 aliter
397 1576 479 1610 fieri
510 1578 652 1620 potest,
686 1587 796 1619 quam
821 1579 863 1609 ut

127 1622 203 1657 *tibi
239 1624 313 1658 iam
349 1623 588 1668 aliquatenus
629 1626 741 1656 notus
778 1622 860 1656 sim.

129 1669 224 1711 (Du
269 1671 460 1704 ποιησει
501 1671 617 1703 mich
652 1671 706 1708 ja
744 1670 862 1702 wohl

134 1717 343 1761 konnen.)
368 1717 460 1751 Nam
484 1717 604 1751 doctis
622 1727 692 1762 ego
711 1727 861 1761 quoque

129 1763 390 1799 adnumeror.“
410 1783 453 1788 —
479 1765 551 1797 Hic
575 1764 861 1806 eam-inquam]

133 1810 211 1845 cic.
235 1811 281 1845 de
306 1811 416 1845 Finn.
443 1814 481 1853 5,
507 1813 546 1853 2,
571 1814 612 1844 4:
638 1812 709 1843 Hic
734 1810 860 1852 (Tum)

132 1867 217 1900 eoo,
252 1859 467 1900 Pomponius
500 1859 663 1899 quidem,
698 1859 862 1900 inquam,

132 1908 254 1938 noster
291 1907 409 1939 iocari
455 1906 607 1938 indetur.
651 1923 694 1928 —
739 1905 861 1937 Pluris

131 1952 227 1995 Hoc]
250 1951 335 1986 vid.
361 1952 434 1988 Sat.
461 1954 493 1994 1,
520 1955 551 1993 1,
577 1954 633 1985 46.
680 1951 779 1985 Dum
803 1962 862 1985 re-

133 1998 310 2043 spondet:
346 2002 520 2044 „propter
546 1998 585 2032 id
610 1999 735 2043 ipsum
760 1999 862 2043 quod

133 2045 265 2079 doctus
289 2057 347 2087 es,
378 2049 420 2080 ut
456 2046 571 2088 dicis,
603 2045 724 2090 pluris
750 2049 786 2079 te
810 2046 863 2079 fa-

133 2091 263 2134 ciam“,
287 2093 390 2127 vafre
415 2093 600 2138 significat
617 2103 656 2126 se
675 2103 758 2125 eum
784 2103 861 2126 non

131 2139 207 2172 nisi
241 2140 392 2173 nomine
426 2150 548 2173 nosse.
583 2158 617 2161 ⁴—
644 2139 790 2181 Misere]
816 2149 862 2172 ex

133 2196 206 2219 usu
232 2186 452 2230 quotidiano
486 2186 525 2218 in
559 2186 749 2229 plerisque
775 2185 862 2219 affe-

133 2232 258 2266 ctibus
289 2244 359 2277 pro
394 2233 672 2274 „vehementer,
704 2233 862 2266 nimium

134 2283 349 2324 quantum„
366 2279 427 2313 Sic
436 2279 575 2314 dicitur
583 2280 713 2312 misere
722 2287 859 2321 amare,

134 2326 201 2371 qui
249 2327 487 2360 vehementer
543 2329 651 2360 amat.
711 2325 860 2359 Terent.

132 2373 250 2407 Andr.
288 2376 328 2415 3,
366 2376 406 2415 2,
442 2375 506 2407 40:
555 2375 711 2414 scimus,
753 2382 862 2413 quam

128 2421 259 2453 misere
283 2422 375 2454 hanc
401 2421 548 2454 amarit.
596 2420 730 2453 Heaut.
755 2423 796 2460 4,
830 2423 860 2461 1,

134 2469 198 2500 36:
222 2469 351 2500 mere
367 2476 488 2501 omnes
496 2472 627 2500 §umus
643 2467 860 2508 Reliqiosae.

132 2512 220 2547 101
242 2525 276 2547 v.
303 2516 365 2547 14:
404 2515 536 2549 Misere
561 2514 790 2555 cupis-abire.
817 2533 859 2537 —-

133 2561 452 2604 modo-interdum]
494 2560 673 2594 Similiter
716 2559 790 2594 Sat.
829 2563 860 2602 1,

137 2609 192 2649 10,
218 2610 258 2641 11
285 2618 366 2652 sqq.
392 2608 464 2642 sibi
489 2607 718 2652 respondent
741 2609 862 2641 modo-

131 2662 251 2695 ωερε,
267 2656 584 2688 modo-interdum.
603 2674 646 2678 —
663 2656 703 2686 in
720 2654 861 2697 aurem]
900 2671 905 2676 ¹

136 2702 265 2746 „quasi
297 2701 424 2736 nescio
457 2702 546 2745 quid
584 2704 726 2735 secreto
760 2712 862 2735 man-

908 964 1035 999 darem
1060 963 1291 1009 pedisequo,
1316 973 1395 1008 quw
1415 962 1552 997 astutia
1578 962 1642 995 ho-

908 1011 1047 1045 minem
1071 1011 1260 1045 insulsum
1284 1010 1492 1055 abigerem,
1527 1009 1641 1043 simu-

910 1058 992 1093 lans
1017 1058 1173 1103 aliquod
1205 1058 1297 1092 mihi
1324 1068 1406 1092 esse
1439 1067 1550 1102 grave
1576 1067 1641 1090 ne-

910 1105 1085 1150 gotium.“
1115 1124 1156 1128 —
1186 1106 1216 1138 0
1242 1108 1294 1146 te,
1328 1104 1548 1147 Bolanel„
1562 1103 1642 1137 Uti·

910 1163 1015 1194 nam,
1054 1163 1180 1186 secum
1214 1153 1285 1193 ait,
1323 1155 1396 1186 tam
1428 1153 1581 1184 {manus
1606 1153 1642 1184 et

910 1201 1118 1233 cerebrosus
1156 1200 1203 1244 (q
1205 1209 1274 1233 uae
1311 1209 1368 1232 vv.
1407 1198 1530 1232 iunxit
1567 1198 1640 1231 iam

911 1246 1112 1288 Lucilius),
1153 1242 1334 1288 ιιαιικός,
1377 1246 1642 1286 Tollkops,

911 1304 1051 1333 essem,
1085 1303 1197 1337 quam
1230 1293 1304 1326 fuit
1334 1292 1524 1326 Bolanus!
1562 1292 1642 1336 (qui

911 1337 1101 1382 ὀξύχολος
1125 1340 1268 1373 nullius
1300 1339 1462 1383 ineptias
1486 1338 1642 1380 ferebat,

912 1387 977 1420 sed
1003 1388 1125 1421 statim
1150 1387 1209 1420 vel
1234 1387 1274 1420 in
1304 1386 1437 1420 faciem
1471 1385 1642 1430 quemvis

910 1434 1208 1478 reprehendebat
1224 1435 1282 1468 vel
1308 1433 1354 1467 de
1381 1444 1425 1467 eo
1444 1433 1533 1477 quid
1560 1443 1643 1467 sen·

911 1480 1084 1523 tn'etnon
1096 1481 1328 1515 dissimulate
1339 1480 1500 1514 dicebat.
1514 1479 1642 1516 Comt.

912 1527 1002 1569 CR)
1040 1527 1107 1572 qui
1140 1527 1354 1562 iamdudum
1388 1528 1641 1568 exclamasset,

910 1571 1019 1614 βαλλ’
1044 1575 1084 1616 ἐς
1114 1571 1302 1629 κόρακας,
1340 1574 1399 1608 abi
1434 1574 1474 1607 in
1508 1574 1642 1608 malam

910 1622 1009 1655 rem!
1042 1621 1140 1655 Male
1173 1622 1273 1656 enim
1305 1621 1534 1666 accepissem
1559 1632 1642 1655 ver-

910 1668 969 1703 bis
993 1671 1107 1713 atque
1132 1670 1322 1714 fugassem
1347 1669 1568 1703 hominemf‘
1595 1668 1642 1702 M.

910 1715 1113 1757 Bolanum,
1155 1719 1318 1750 veterem
1359 1716 1539 1756 amicum,
1581 1715 1642 1748 Oi-

910 1774 998 1797 cero
1024 1763 1257 1797 commendat
1274 1763 1441 1808 Sulpicio
1469 1763 1515 1796 ad
1541 1763 1641 1796 Fam.

913 1811 974 1851 13,
1012 1812 1070 1844 77.
1118 1810 1191 1844 Pro
1229 1810 1380 1844 nomine
1417 1809 1502 1844 ficto
1541 1812 1641 1844 certe

910 1857 1040 1891 haberi
1065 1868 1142 1891 non
1168 1857 1296 1899 debet,
1332 1857 1397 1891 sed
1423 1856 1464 1890 ἐν
1490 1854 1642 1902 παρόδῳ

910 1903 1107 1938 Luciliano
1132 1915 1235 1938 more
1269 1904 1421 1949 stringit
1453 1905 1642 1938 hominem

911 1951 1125 1985 ridiculum.
1164 1951 1338 1985 Ceterum
1356 1955 1413 1985 est
1429 1950 1640 1984 Vettiorum

911 2008 1118 2043 cognomen
1144 2009 1166 2031 a
1189 1998 1302 2039 Bola,
1332 1998 1550 2043 Aequorum
1576 2009 1640 2054 op-

910 2045 1010 2088 pido.
1028 2065 1074 2069 —
1091 2047 1230 2078 cerebri
1254 2045 1420 2088 Felicem]
1444 2047 1641 2089 μακαοίζω

911 2102 955 2124 σε
993 2094 1060 2135 τῆς
1097 2090 1323 2139 παρὁησιας.
1371 2092 1477 2136 Virg.
1516 2092 1583 2125 Ge.
1610 2095 1640 2135 1,

911 2140 1163 2180 2772re1wes
1187 2148 1337 2180 operum
1370 2138 1506 2180 (dies).
1544 2139 1641 2173 ΡΙίιι.

910 2185 1046 2230 Paneg.
1075 2187 1137 2227 58,
1171 2187 1210 2219 5:
1247 2187 1400 2219 Miseros
1424 2187 1640 2219 ambitionis.

911 2232 1016 2266 Plato
1046 2232 1236 2266 Phaedon.
1269 2243 1304 2277 p.
1338 2234 1395 2266 58.
1428 2232 1477 2266 E:
1515 2232 1642 2265 εὐδαί-

908 2281 1134 2321 μων--καὶ
1174 2280 1243 2312 τοῦ
1282 2276 1427 2325 τοόπου
1466 2281 1527 2312 καὶ
1568 2279 1642 2313 τῶν

908 2312 1045 2370 ’λόγων-
1070 2346 1117 2350 -
1141 2311 1339 2367 quidlibet·
1349 2327 1535 2370 Gan-iret]
1563 2327 1643 2361 Cic.

909 2373 956 2406 ad
981 2373 1504 2415 Att.12‚1,2:0ammus,
1538 2376 1641 2414 quid-

911 2421 998 2460 quid
1031 2421 1071 2452 in
1108 2422 1254 2454 buccam
1290 2421 1436 2463 (venit).
1464 2440 1506 2444 -—
1531 2422 1640 2464 vicos]

910 2466 1087 2501 domuum
1119 2467 1271 2501 ordines
1297 2478 1342 2501 ex
1373 2471 1533 2512 utraque
1559 2468 1640 2502 viae

909 2518 1027 2558 parte.
1069 2514 1130 2548 Sic
1156 2514 1402 2559 Theophrasti
1428 2512 1641 2556 ἀδόλεσχος

911 2560 1020 2595 Char.
1047 2562 1080 2595 3.
1105 2565 1246 2603 narrat,
1275 2559 1390 2595 πόσοι
1417 2563 1489 2594 εἰσὶ
1515 2562 1641 2602 κίονες

911 2607 978 2641 τοῦ
999 2605 1173 2642 Ὠιδείου.

959 2702 1078 2736 14-21.
1126 2703 1258 2737 Misere
1283 2701 1398 2744 capis]
1424 2700 1507 2735 vid.
1534 2701 1578 2735 ad
1605 2712 1638 2736 v.
