1774 2930
138 147 226 188 322

257 247 329 290 Sic
359 262 439 304 ego
470 248 645 290 maioris
676 247 846 303 fugiens
879 249 1108 304 opprobria
1139 249 1289 306 culpae

612 146 819 189 HORATH
843 147 1190 183 EPISTOLARUM

255 318 428 361 Frontis
461 318 516 361 ad
544 318 735 361 urbanae
766 318 968 362 descendi
999 320 1202 375 praemia.
1256 320 1419 369 Quodsi
1472 334 1476 337 ’

253 389 510 446 Depositum
541 389 690 431 laudas
722 390 776 431 ob
808 390 933 432 amici
963 390 1083 433 iussa
1111 390 1336 447 pudorem,

256 460 405 503 Scribe
436 461 497 502 tui
530 461 674 516 gregis
704 460 819 502 hunc
850 464 894 503 et
923 460 1078 503 fortem
1108 461 1233 505 crede
1263 462 1520 519 bonumque.

683 661 1021 705 EPISTOLA
1048 662 1114 705 X.

252 743 382 786 Urbis
414 747 648 787 amatorem
677 742 866 785 Fuscum
897 744 1062 787 salvere
1095 745 1291 787 iubemus

254 814 383 856 Ruris
415 820 645 868 amatores,
676 814 757 857 hac
787 815 832 856 in
863 829 909 857 re
941 815 1104 857 scilicet
1134 830 1220 858 una

134 977 218 1002 vere
244 970 374 1010 dianas
399 970 482 1002 Νοπ
514 970 610 1010 opis
637 970 686 1001 est
714 971 872 1009 nostrae,

135 1017 243 1049 Dido.
278 1015 354 1049 Cfr.
381 1015 456 1050 Sat.
485 1017 516 1057 1,
543 1018 575 1058 2,
602 1018 659 1049 74.
688 1035 729 1039 —
756 1017 872 1048 maio-

134 1064 187 1095 ris
201 1082 215 1087 -
230 1063 376 1106 culpae]
405 1063 577 1105 „Astutia
593 1065 632 1097 et
657 1062 872 1096 dissimula-

136 1110 188 1143 tio
227 1110 406 1144 adversus
445 1110 608 1144 amicum
647 1110 764 1144 maior
799 1110 872 1144 erit

136 1157 267 1201 culpa,
302 1168 415 1202 quam
449 1158 481 1191 si
511 1158 607 1191 forte
633 1158 871 1201 importunus

137 1205 208 1239 tibi
234 1205 377 1239 fuero.“

185 1301 319 1333 11-13.
354 1301 500 1332 Frontis
533 1300 582 1332 ad
614 1301 778 1332 urbanae
811 1300 872 1332 de·

134 1348 258 1380 scendi
296 1347 488 1389 praemia]
525 1348 643 1380 Frons
681 1346 869 1380 interdum

135 1405 205 1438 pro
230 1394 485 1438 impudentia,
511 1393 728 1436 insolentia,
752 1393 872 1437 fastu3

138 1441 240 1474 unde
278 1443 437 1483 frontem
471 1442 682 1483 perfricare
721 1441 873 1485 „impu-

138 1488 272 1522 denter
321 1499 360 1522 se
403 1489 572 1533 gerere“,
620 1489 728 1530 firma
768 1490 872 1530 frons

137 1535 303 1570 Senecae
338 1536 384 1569 de
419 1535 630 1580 Tranquill.
665 1547 725 1570 an.
759 1538 792 1576 4,
828 1537 872 1577 2.,

138 1586 174 1616 et
207 1583 246 1615 in
282 1583 503 1627 plebeculae
529 1583 735 1617 Latinitate
767 1584 871 1624 frons

137 1631 380 1671 expudoraca.
423 1630 596 1672 (Petron.
636 1630 715 1672 39.)
754 1631 871 1663 Frons

135 1679 282 1710 urbana
307 1689 363 1722 pr.
391 1680 447 1711 est
471 1677 574 1719 eius,
600 1678 687 1722 qui,
706 1677 805 1722 'quia
830 1677 870 1710 in

135 1724 236 1758 Urbe
263 1725 365 1766 vivit,
390 1726 516 1758 minus
542 1725 697 1759 timidus
723 1735 767 1758 ac
792 1735 870 1757 mo-

135 1771 264 1806 destus
299 1774 356 1806 est
388 1772 532 1806 rustico
559 1772 662 1814 (Cic.
696 1771 743 1805 ad
768 1771 869 1805 Fam.

136 1820 178 1860 5,
206 1821 268 1861 12,
297 1822 336 1852 1:
371 1820 548 1852 deterruit
572 1821 694 1860 pudor
719 1820 871 1859 quidam

132 1875 252 1907 paene
299 1866 613 1908 subrusticus.)
661 1875 705 1899 ac
751 1875 870 1909 prope

135 1913 282 1947 accedit
305 1913 353 1946 ad
378 1923 501 1947 mores
528 1923 746 1946 scurrarum
772 1912 872 1956 (qni-

135 1960 295 1994 buscum
321 1960 533 2005 iunguntur
558 1961 693 1993 urbam·
716 1959 810 2004 Epp.
839 1962 871 2001 1,

138 2009 192 2050 15,
219 2009 275 2041 27.
302 2010 340 2041 et
364 2007 485 2041 Plaut.
511 2007 618 2040 Trin.
638 2010 669 2049 1,
696 2009 728 2049 2,
756 2007 868 2049 165.);

136 2055 315 2100 quocirca
346 2054 537 2088 interdum
574 2054 633 2088 vel
666 2053 871 2098 potentiori

135 2102 256 2136 amico
282 2102 463 2136 molestus
489 2102 570 2135 fieri
596 2112 672 2135 non
699 2101 872 2135 reformi-

136 2149 199 2184 dat
224 2152 262 2183 et
279 2150 350 2183 hoc
369 2149 478 2193 quasi
496 2150 556 2183 ius
581 2149 652 2183 sibi
679 2148 806 2190 sumit,
831 2151 873 2182 ut

136 2196 387 2230 confidentius
421 2207 461 2230 se
494 2199 602 2241 gerat
635 2206 718 2230 cum
753 2196 872 2230 omni-

136 2244 230 2277 bus:
268 2244 359 2277 hinc
392 2244 513 2278 facete
545 2245 734 2286 praemia,
772 2243 870 2284 iura,

139 2292 407 2324 Vorrechte.
438 2290 479 2324 V.
513 2291 730 2324 descendere
760 2300 872 2324 usur-

136 2343 248 2382 patur
274 2338 320 2372 de
347 2349 401 2380 re,
427 2349 538 2382 quam
564 2337 691 2372 minus
717 2337 870 2382 dignam

135 2385 245 2419 nobis
265 2388 464 2419 censentes
484 2396 603 2429 prope
621 2385 731 2418 inviti
750 2384 870 2418 susci-

136 2432 279 2476 pimus,
314 2432 379 2466 sed
414 2435 537 2466 tamen
568 2435 722 2476 propter
748 2434 870 2466 certas

137 2489 271 2513 causas
319 2479 482 2513 abiicere
530 2490 607 2513 non
656 2490 871 2524 possumus.

138 2526 214 2560 Cic.
239 2526 365 2561 Divin.
392 2526 432 2559 in
460 2526 598 2560 Caecil.
619 2529 650 2568 1,
678 2529 720 2560 1:
746 2527 795 2559 ad
811 2535 872 2559 ac-

137 2575 340 2607 cusandum
352 2574 578 2607 descendere.
593 2573 788 2607 Sententia
799 2573 869 2619 igi-

137 2625 199 2654 tur
217 2623 291 2654 est:
320 2620 468 2664 „Ausus
486 2631 569 2655 sum
592 2620 736 2664 pudore
755 2620 870 2664 depo-

137 2668 210 2702 sito
236 2668 344 2701 amici
373 2678 486 2702 causa
510 2667 571 2700 vel
588 2667 869 2702 inverecundus

136 2715 253 2748 fieri.“
274 2734 316 2738 —
334 2716 456 2749 Scribe
481 2715 631 2758 (unum)
657 2717 712 2748 tui
735 2714 868 2757 areais]

922 979 978 1012 pr.
1016 969 1128 1010 „eius
1163 979 1299 1004 nomen
1332 970 1372 1004 in
1406 970 1532 1004 album
1566 971 1656 1005 ami-

922 1025 1052 1049 corum
1077 1019 1230 1050 tuorum
1252 1017 1388 1051 referri
1414 1017 1544 1061 iube;“
1574 1029 1655 1060 „re-

922 1062 1004 1106 cipe
1043 1074 1128 1096 eum
1167 1063 1207 1096 in
1246 1065 1439 1099 cohortem
1477 1066 1655 1099 comitum

921 1111 1107 1144 tuorum-‘⁸
1161 1109 1246 1152 „Sic
1279 1111 1379 1155 apud
1415 1111 1491 1146 Cic.
1517 1111 1565 1146 de
1591 1112 1655 1146 Or.

922 1159 955 1199 2,
989 1159 1045 1190 62.
1080 1160 1117 1191 et
1150 1158 1197 1191 ad
1222 1157 1323 1192 Fam.
1350 1160 1390 1199 7,
1416 1161 1473 1192 33.
1507 1159 1655 1194 sodales

921 1208 959 1238 et
983 1205 1162 1248 aequales
1188 1205 1370 1240 dicuntur
1395 1207 1653 1247 areaales.“

920 1251 1116 1285 Donnme.
1133 1252 1190 1286 De
1207 1252 1372 1297 genitivo
1390 1253 1568 1297 partitive
1587 1254 1655 1288 cfr.

922 1297 990 1332 Od.
1017 1300 1058 1340 3,
1087 1300 1147 1339 13,
1176 1301 1229 1333 13.
1257 1319 1301 1323 —
1326 1301 1490 1341 sortem·
1508 1302 1656 1334 bonum·

923 1345 1013 1389 que]
1040 1346 1106 1380 Est
1132 1347 1240 1390 quasi
1270 1346 1451 1389 formula,
1484 1349 1527 1381 ut
1549 1348 1655 1390 sortis

922 1402 965 1426 ac
989 1396 1170 1427 strenuus.
1196 1393 1282 1427 Vid.
1308 1393 1356 1428 ad
1383 1393 1452 1428 Od.
1478 1396 1512 1438 4,
1537 1396 1571 1437 4,
1598 1397 1655 1430 29.

922 1444 959 1474 et
984 1440 1083 1474 conf.
1108 1440 1203 1485 Epp.
1232 1443 1262 1483 1,
1288 1442 1321 1483 7,
1347 1443 1405 1475 46.

968 1487 1015 1521 X.
1035 1488 1129 1521 Cum
1147 1488 1274 1533 lepida
1290 1487 1416 1522 ironia
1428 1488 1570 1523 Aristio
1584 1489 1656 1523 Fu-

921 1546 1005 1577 sco,
1043 1535 1176 1569 intimo
1211 1546 1279 1569 suo
1317 1535 1437 1570 amico
1475 1535 1546 1579 (de
1580 1547 1655 1581 quo

920 1593 954 1616 v.
980 1581 1050 1616 od.
1080 1585 1116 1624 1,
1151 1584 1207 1616 22.
1258 1582 1334 1616 Sat.
1363 1585 1402 1624 1,
1435 1585 1477 1625 9,
1510 1585 1566 1617 61.
1602 1587 1655 1625 10,

921 1630 1014 1672 83.),
1041 1629 1126 1674 qui,
1152 1632 1195 1663 ut
1218 1629 1457 1675 philologus,
1487 1630 1528 1664 in
1552 1629 1656 1665 Urbe

919 1687 1072 1711 manere
1090 1676 1262 1719 malebat,
1278 1677 1537 1712 rusticationis
1554 1687 1654 1711 com·

920 1724 1032 1758 moda
1056 1727 1094 1757 et
1117 1723 1255 1768 gaudia
1287 1726 1457 1766 enarrat,
1491 1734 1654 1769 eumque

921 1770 1058 1804 Stoicis
1097 1770 1295 1804 sententiis
1332 1771 1574 1813 exhortatur,
1612 1774 1655 1806 ut

921 1820 1021 1851 sorte
1047 1828 1116 1851 sua
1141 1819 1340 1851 contentus
1366 1817 1486 1860 vivat,
1518 1827 1654 1862 neque,

919 1864 1078 1898 forsitan
1117 1874 1201 1898 cum
1240 1864 1381 1898 maiore
1415 1865 1652 1900 incommodo

920 1922 1033 1956 quam
1066 1911 1195 1954 lucro,
1231 1912 1465 1956 potentiores
1502 1912 1653 1946 ambiat.

921 1958 1081 1998 Quando
1118 1960 1212 1993 haec
1249 1958 1411 2003 epistola
1448 1959 1655 2004 composita

921 2006 981 2048 sit,
1007 2016 1084 2040 non
1102 2007 1260 2047 constat,
1287 2007 1388 2040 certe
1410 2009 1498 2040 ante
1514 2017 1548 2041 a.
1566 2017 1604 2040 u.
1621 2016 1653 2041 c.

970 2102 1043 2134 1-3.
1067 2101 1209 2134 salvere
1232 2099 1412 2144 iubemus]
1435 2098 1556 2135 Solita
1577 2099 1654 2134 for-

921 2148 1034 2182 mula.
1061 2147 1167 2182 Conf.
1194 2147 1288 2192 Epp.
1318 2150 1349 2190 1,
1375 2148 1408 2190 7,
1433 2149 1490 2181 66.
1530 2147 1654 2182 Plaut.

919 2195 1026 2230 Asin.
1052 2197 1093 2237 2,
1120 2197 1161 2236 2,
1188 2197 1256 2229 30:
1295 2196 1408 2229 Iubeo
1442 2196 1476 2228 le
1508 2196 1654 2229 salvere

919 2251 1003 2276 voce
1035 2251 1199 2284 summa,
1237 2243 1360 2283 quoad
1389 2242 1486 2276 vires
1516 2243 1652 2276 valens.

920 2290 1085 2324 Pluralis
1111 2300 1156 2323 ex
1172 2288 1300 2323 indole
1326 2289 1479 2334 linguae
1495 2288 1653 2323 Latinae

919 2337 1126 2371 modestiae
1149 2336 1276 2380 potius
1302 2338 1360 2370 est
1385 2346 1497 2381 quam
1513 2336 1654 2370 iactan-

918 2385 1007 2418 tiae.
1056 2383 1207 2417 Servius
1241 2382 1289 2417 ad
1317 2383 1412 2418 Aen.
1446 2385 1488 2426 2,
1520 2384 1585 2417 89:
1619 2385 1653 2417 et

919 2440 983 2465 nos
1033 2431 1186 2471 aliquod
1231 2439 1434 2471 nomenque
1474 2430 1652 2471 decusque

921 2479 1122 2512 Gessimus:
1156 2477 1336 2522 „pluralis
1367 2477 1416 2511 ad
1441 2476 1652 2512 evitandam

920 2525 1158 2560 iactantiam“
1193 2527 1264 2558 cet.
1290 2543 1334 2548 -—
1365 2525 1480 2558 Ruris
1510 2526 1652 2558 amalo-

916 2572 990 2616 res]
1009 2571 1069 2605 Sic
1087 2571 1288 2616 Epicurus,
1314 2571 1423 2606 cuius
1448 2572 1588 2605 sectam
1610 2570 1651 2604 in

917 2620 989 2653 hoc
1021 2618 1175 2664 propria
1200 2621 1336 2652 natura
1369 2618 1506 2652 ductus
1530 2617 1652 2652 liben-

917 2666 1062 2701 tissime
1095 2665 1342 2710 sequebatur,
1374 2664 1559 2699 docuerat
1583 2661 1652 2698 τὸν

919 2711 1048 2754 σοφὸν
1074 2709 1340 2759 φιλαγρήσειν.
1389 2711 1498 2757 Diog.
1523 2711 1651 2746 Laert-

1604 253 1713 292 10·
