1774 2930
163 166 248 206 242

667 165 875 200 HORATII
899 166 1184 202 SATIRARUM

281 267 504 322 Ingustata
534 267 641 308 mihi
671 272 922 322 porrexerat
951 268 1026 310 ilia
1055 269 1236 312 rhombi.

283 338 388 379 Post
418 338 498 380 hoc
529 352 598 380 me
630 338 773 380 docuit
802 339 1018 381 melimela
1048 340 1202 383 rubere
1232 341 1440 384 minorem
1487 339 1492 341 ’

282 409 352 450 Ad
381 410 527 451 lunam
559 409 736 451 delecta.
799 409 913 457 Quid
943 410 1024 452 hoc
1054 411 1242 465 intersit,
1276 412 1329 454 ab
1360 413 1454 469 ipso

286 480 485 522 Audieris
516 480 684 522 melius.
748 480 859 522 Tum
890 481 1089 523 Vibidius
1121 482 1364 525 Balatroni:

281 551 371 593 Nos
403 552 487 592 nisi
519 552 722 593 damnose
753 551 958 612 bibimus,
991 553 1222 595 moriemur
1253 554 1400 596 inulti:

281 622 340 664 Et
371 623 524 665 calices
556 624 693 678 poscit
724 624 921 665 maiores.
983 623 1163 666 Vertere
1194 625 1330 681 pallor

284 693 397 735 Tum
426 694 602 750 parochi
633 694 786 737 faciem
816 694 877 735 nil
908 695 969 736 sic
999 696 1230 738 metuentis
1261 700 1310 738 ut
1341 711 1459 739 acres

282 765 483 819 PotoreS,
516 766 585 807 vel
617 765 730 821 quod
759 766 871 807 male
903 765 1048 808 dicunt
1078 767 1255 809 liberius
1286 768 1357 810 vel

282 835 469 878 Fervida
500 836 613 892 quod
644 837 800 878 subtile
833 836 1064 879 exsurdant
1094 838 1194 880 vina
1222 839 1426 895 palatum.

282 907 506 950 Invertunt
534 907 734 950 Allifanis
766 908 930 950 vinaria
958 912 1049 951 tota

1625 273 1681 314 30

1626 627 1681 668 35

282 978 482 1021 Vibidius
514 978 792 1035 Balatroque,
827 980 984 1021 secutis
1018 981 1236 1034 omnibus3
1269 981 1343 1022 imi
1404 1021 1420 1026 ,

166 1132 282 1167 ctoris
309 1143 446 1167 munus
465 1133 558 1167 scite
585 1133 749 1167 scilicet!
777 1135 814 1167 et
830 1143 899 1178 pro

167 1180 360 1214 commodo
392 1183 527 1214 nostro,
555 1181 772 1224 impositum
798 1191 900 1223 esse3

165 1239 252 1261 nam
278 1228 311 1261 is
336 1227 412 1262 nisi
438 1228 617 1270 affuisset,
643 1228 710 1262 ilia
734 1228 900 1272 passeris

165 1275 302 1309 marini
320 1285 396 1309 non
415 1286 624 1320 agnossem,
648 1275 808 1309 fortasse
830 1285 901 1309 nec

165 1323 409 1367 tetigissem.“
461 1322 598 1356 Omnia
623 1323 715 1356 haec
741 1323 823 1355 κατ’
849 1324 902 1355 εἰ·

167 1371 339 1417 ρωνειῗαν.
367 1389 410 1393 -
434 1369 617 1412 passeris]
655 1369 723 1404 Est
751 1370 902 1414 pleuro-

166 1419 308 1460 nectes,
321 1414 432 1451 hodie
444 1418 612 1462 platesca
623 1417 750 1460 flesus,
767 1419 853 1450 Flu
862 1427 901 1450 n-

166 1466 266 1507 der,
300 1464 446 1498 Gallice
473 1466 562 1506 flet
588 1475 616 1498 s.
640 1466 829 1506 picaud.
858 1484 900 1488 --

166 1512 292 1555 atque]
318 1512 448 1546 Lectio
477 1514 550 1545 assi
577 1515 609 1545 et
634 1512 805 1556 profecto
825 1523 901 1546 non

166 1563 223 1593 est
248 1559 323 1593 nisi
348 1560 524 1604 petulans
554 1560 684 1593 nescio
711 1560 819 1593 cuius
846 1559 902 1592 in-

166 1607 367 1651 terpolatio
401 1607 514 1640 ducta
540 1618 585 1640 ex
611 1607 685 1641 Sat.
712 1609 751 1648 2,
779 1609 819 1649 4,
846 1609 902 1640 38.

165 1673 213 1678 —
238 1654 455 1697 Inqustata]
508 1654 641 1697 „Quae
681 1655 771 1699 quia
812 1654 903 1687 alibi

166 1702 306 1746 apponi
333 1712 410 1735 non
426 1702 579 1743 solent,
614 1712 681 1747 ego
708 1712 904 1746 nunquam

167 1760 188 1783 a
218 1752 254 1783 te
279 1749 504 1794 gustaram.“
524 1769 570 1772 —
585 1749 668 1791 ilia]
689 1749 903 1790 „intestina,

165 1760 271 1830 idbur
297 1796 581 1841 potissimum;“
618 1795 715 1830 Voss
750 1795 903 1828 ridiculi

167 1854 300 1877 causa:
333 1841 405 1887 dise
436 1845 645 1876 Kuttetn.
674 1862 716 1866 -
742 1843 899 1885 rhombi]

168 1893 323 1924 Butte.

215 1940 334 1971 31-34.
360 1937 556 1980 melimela]
590 1934 901 1979 Honijqc'tpsel.

167 1985 288 2019 Varro
322 1985 367 2018 R.
393 1985 437 2019 R.
470 1987 508 2026 1,
542 1986 607 2018 59:
660 1986 760 2026 Quae
793 1987 904 2017 antea

166 2035 339 2066 mustea
355 2034 547 2075 vocabant,
565 2040 663 2064 nunc
679 2032 903 2065 melimela

169 2081 369 2122 appellant.
390 2099 432 2103 —
450 2079 643 2122 minorem]
664 2079 906 2121 „decrescen-

168 2127 276 2161 tem.“
305 2147 350 2152 -
377 2129 422 2160 ab
446 2129 525 2169 ipso
552 2127 638 2169 cet]
678 2126 792 2169 „Tam
818 2126 904 2160 sub-

169 2175 253 2208 tilia
279 2175 425 2208 scilicet
452 2178 559 2208 erant
585 2175 666 2208 eius
685 2176 906 2219 argumenta

169 2222 342 2266 physica,
380 2225 422 2255 ut
456 2233 500 2256 ea
534 2222 701 2255 retinere
736 2232 814 2255 non
838 2232 905 2266 po-

170 2270 344 2303 tuerim‚‘·'
374 2289 417 2292 —
444 2269 630 2312 damnose]
664 2268 826 2302 Videtur
853 2269 906 2302 lo-

171 2318 273 2350 cutio
294 2317 478 2350 sermonis
502 2316 727 2350 convivalis:
756 2316 905 2358 „immo-

171 2363 274 2404 dice,
308 2364 362 2397 ita
387 2366 428 2397 ut
453 2364 630 2397 damnum
657 2363 812 2404 sentiat,
838 2363 905 2407 qui

171 2411 383 2444 convivium
422 2411 611 2455 praebet.“
662 2410 755 2444 Nos:
792 2412 905 2443 mb'r-

171 2459 358 2491 derisch
403 2459 579 2491 zechen.
623 2477 665 2481 —
707 2459 906 2491 moriemur

171 2504 301 2547 inulti]
339 2505 457 2549 Epica
490 2505 635 2551 φράσις
667 2504 786 2550 (Virg.
812 2505 905 2538 Aen.

173 2554 204 2594 2,
233 2554 319 2586 670:
347 2554 544 2592 Nunquam
570 2562 693 2586 omnes
710 2554 813 2586 hodie
830 2560 906 2584 mo-

172 2601 311 2633 riemur
344 2600 465 2632 inulti.
517 2599 591 2632 Ofr.
619 2603 658 2641 4,
698 2600 793 2642 659.)
845 2599 906 2632 Sic

173 2650 298 2680 autem
324 2646 418 2680 ultio
445 2646 625 2680 sumenda
644 2649 724 2680 erat
741 2646 786 2680 de
813 2656 906 2680 cena

171 2694 304 2738 putida
329 2696 441 2738 atque
468 2693 610 2737 alioqui
641 2692 755 2727 taetfii
780 2694 905 2738 plena.

221 2743 342 2774 35-41.
369 2741 686 2783 calices-maiores]
721 2741 777 2774 Ex
802 2751 905 2774 more

1625 982 1683 1023 40

950 1134 1093 1166 acrium
1111 1136 1295 1177 potorum.
1323 1134 1428 1168 Conf.
1443 1134 1560 1178 Epod.
1575 1137 1608 1176 9,
1628 1136 1685 1168 33.

951 1179 1027 1213 Cic.
1042 1180 1150 1215 Verr.
1164 1180 1302 1215 Aecus.
1318 1183 1349 1224 1,
1364 1183 1420 1223 26,
1440 1184 1503 1216 66:
1529 1183 1684 1215 discum-

950 1229 1066 1260 bitur.-
1090 1229 1129 1270 fit
1153 1236 1272 1262 sermo
1295 1230 1391 1262 inter
1409 1237 1467 1262 eos
1493 1231 1526 1262 et
1551 1229 1684 1262 invita-

950 1276 1011 1316 tio,
1037 1277 1076 1308 ut
1096 1276 1237 1312 Graeco
1255 1284 1357 1309 more
1383 1277 1575 1318 biberetur,
1601 1277 1685 1309 hor-

951 1324 1054 1355 tatur
1093 1324 1240 1364 hospes:
1285 1325 1438 1365 poscunt
1484 1324 1686 1357 maioribus

947 1371 1101 1411 poculis.
1129 1389 1172 1394 -
1196 1370 1364 1414 parochi]
1387 1370 1464 1404 Gfr.
1490 1369 1566 1404 Sat.
1594 1373 1626 1413 1,
1652 1371 1686 1417 5,

952 1420 1008 1450 46.
1058 1417 1129 1450 Hic
1166 1418 1299 1451 festive
1336 1418 1392 1452 ita
1425 1420 1533 1451 vocat
1571 1427 1686 1452 cenae

952 1465 1216 1509 praebitorem.
1227 1484 1271 1499 7-
1280 1466 1436 1499 Fervida
1450 1465 1534 1508 cet]
1552 1464 1687 1507 „Acria

952 1511 1040 1545 vina
1049 1512 1227 1546 hebetant
1241 1512 1478 1546 subtiliorem
1490 1512 1606 1557 palati
1619 1523 1686 1557 gu-

953 1562 1071 1601 stum,
1102 1560 1231 1604 itaque
1257 1560 1434 1594 convivae
1459 1559 1546 1594 talis
1571 1569 1685 1594 cenae

953 1607 1110 1641 delicias
1143 1608 1268 1641 minus
1300 1607 1613 1651 persentiscent.“
1636 1626 1685 1635 ⁴—

956 1655 1172 1697 eoesurdam]
1189 1654 1338 1688 tralatio
1353 1654 1398 1688 ab
1412 1654 1546 1687 auditu
1559 1653 1606 1687 ad
1620 1664 1686 1698 gu·
1753 1678 1755 1681 .

953 1703 1101 1735 statum.
1142 1700 1323 1735 Neutram
1347 1703 1472 1735 autem
1498 1700 1686 1734 rationem

952 1748 1123 1792 proferre
1157 1750 1304 1792 poterat
1335 1748 1417 1792 ipse
1445 1747 1686 1790 Nasidienus,

954 1794 1020 1828 sed
1057 1795 1297 1829 manifestum
1336 1797 1393 1829 est
1430 1798 1630 1840 utramque
1665 1806 1687 1829 a

950 1842 1149 1876 Fundanio
1167 1842 1353 1880 malitiose
1371 1843 1525 1887 suggeri
1542 1842 1687 1876 homini

952 1889 1076 1923 subito
1103 1889 1373 1933 expallescenti
1399 1892 1514 1934 atque
1545 1890 1686 1923 silenti.

951 1936 1053 1970 Vera
1070 1937 1249 1970 videlicet
1265 1936 1361 1971 ratio
1388 1937 1428 1970 in
1455 1937 1538 1971 eius
1564 1937 1687 1970 inerat

951 1984 1200 2028 parcimonia:
1229 1984 1366 2018 etenim
1391 1984 1486 2018 tales
1510 1984 1685 2018 homines
1719 1998 1722 1999 ⁷

952 2032 1058 2065 tenui
1084 2032 1168 2065 loco
1195 2031 1287 2074 orti,
1321 2030 1388 2065 sed
1413 2042 1503 2066 casu
1528 2033 1685 2076 repente

954 2079 1088 2113 divites
1113 2079 1203 2113 facti
1230 2078 1453 2122 (paremus),
1477 2078 1574 2112 mira
1596 2081 1687 2112 tem-

954 2126 1150 2171 peratione
1183 2127 1408 2170 plerumque
1441 2137 1578 2171 magna
1603 2135 1687 2160 cum

953 2173 1173 2218 profusione
1208 2173 1336 2207 sordes
1367 2174 1615 2218 coniungunt.
1642 2192 1686 2196 —

954 2221 1159 2264 Invertunt]
1173 2218 1273 2254 κατὰ
1288 2219 1463 2264 κεφαλῆς
1474 2221 1687 2268 τρέπονται.

955 2268 1083 2302 Comi.
1099 2268 1231 2310 CRUQ„
1257 2271 1299 2302 ut
1324 2278 1393 2302 nos
1417 2269 1686 2301 umstttrzen.

956 2315 1169 2358 „Inclinant
1189 2316 1340 2348 vinaria
1365 2314 1552 2360 (lagenam
1579 2313 1687 2348 Glos-

955 2373 1037 2397 sae:
1062 2364 1249 2396 vinarium
1275 2362 1548 2408 οἰνοφορεῖον.)
1566 2360 1612 2395 ad
1629 2361 1688 2394 in-

954 2409 1187 2444 fundendum
1206 2420 1352 2443 merum
1368 2409 1408 2442 in
1426 2408 1599 2442 calices-‘⁴
1618 2407 1687 2443 od.

955 2459 988 2499 3,
1015 2459 1070 2499 29,
1097 2458 1129 2490 2.
1167 2456 1358 2490 Lucilius:
1396 2457 1554 2490 Vertitur
1579 2464 1687 2489 oeno-

951 2505 1074 2546 phoris
1091 2505 1237 2546 fundus,
1255 2504 1432 2537 sementia
1450 2504 1562 2537 nobis.
1583 2502 1686 2547 Virg.

954 2552 1047 2585 Aen.
1074 2553 1115 2593 9,
1144 2553 1230 2584 165:
1262 2553 1410 2594 eertum
1435 2552 1600 2584 crateras
1625 2551 1687 2582 ae-

954 2608 1030 2632 nos.
1050 2617 1092 2621 -
1111 2598 1300 2641 Allifanis]
1319 2598 1485 2632 dativus:
1514 2596 1687 2640 „maiori-

954 2646 1025 2680 bus
1059 2646 1252 2690 scyphis;“
1293 2645 1338 2679 ab
1364 2644 1507 2686 Allifis,
1545 2643 1687 2678 Samnii

955 2693 1102 2737 oppido,
1131 2693 1219 2735 „ubi
1245 2692 1378 2726 fictiles
1397 2694 1434 2725 et
1454 2691 1610 2725 latiores
1627 2701 1687 2725 ca-

953 2741 1045 2774 lices
1071 2739 1244 2774 fiebant.“
1272 2739 1400 2773 Comi.
1419 2738 1538 2777 GRUQ.
1557 2757 1601 2763 —
1618 2739 1687 2771 imi
