1786 2912
225 143 281 185 86

726 143 934 179 HORATII
959 144 1244 180 SATmARUM

342 243 512 288 Deinde
544 260 595 288 eo
628 245 878 299 dormitum,
910 260 997 288 non
1019 247 1244 301 sollicitus,
1277 248 1383 291 mihi
1414 249 1528 305 quod
1558 264 1650 292 cras

344 315 614 372 Surgendum
645 317 701 358 sit
731 331 877 366 mane,
909 316 1129 359 obeundus
1158 318 1350 375 Marsya,
1383 320 1456 376 qui
1488 334 1536 363 se

1660 322 1746 364 120

344 387 518 429 Voltum
549 387 661 430 ferre
692 391 823 444 negat
852 387 1087 430 Noviorum
1116 403 1244 445 posse
1274 390 1467 433 minoris.

342 457 413 501 Ad
443 462 637 515 quartam
666 459 809 512 iace03
841 463 940 515 post
969 459 1079 501 hanc
1108 475 1265 516 vagor3
1299 465 1373 503 aut
1404 476 1486 518 ego
1514 462 1626 505 lecto

343 529 432 571 Aut
463 530 642 586 scripto,
674 530 787 586 quod
817 544 886 573 me
917 531 1094 572 tacitum
1125 531 1262 585 iuvet,
1294 546 1433 588 ungor
1465 533 1596 587 olivo,

340 600 439 643 Non
469 615 553 656 quo
586 601 793 643 fraudatis
825 602 1069 643 immundus
1099 601 1232 644 Natta
1260 603 1460 646 lucernis.

344 671 426 714 Ast
455 672 530 714 ubi
563 687 631 715 me
663 672 825 715 fessum
856 673 919 714 sol
951 674 1087 715 acrior
1116 674 1180 715 ire
1211 674 1400 716 lavatum

1662 676 1745 717 125

300 793 301 798 Ἰ
342 742 595 798 Admonuit,
628 743 746 799 fugio
780 743 989 800 Campum
1019 744 1246 800 lusumque
1277 745 1504 801 trigonem.

223 899 411 931 sumebant
459 899 682 939 minutatim,
722 907 745 930 a
786 900 959 932 sumendo

223 946 263 978 .ςί
271 953 306 977 m
312 946 473 986 putum
513 947 763 978 nominarunt.
813 948 858 978 In
895 947 958 978 hu-

223 993 321 1026 iusce
353 993 470 1026 locum
493 993 534 1025 in
558 994 731 1026 conviviis
757 1002 775 1026 e
802 994 960 1026 Gra-ecta

223 1041 390 1073 successit
424 1041 659 1081 epichysis
686 1042 719 1073 et
743 1041 959 1081 cyathus,-

222 1088 263 1120 in
293 1088 480 1129 sacrificiis
518 1089 692 1120 remansit
734 1091 893 1129 auttus
927 1091 959 1120 et

222 1135 486 1176 simpulum.
535 1134 657 1168 Varro
683 1134 725 1168 L.
751 1134 793 1168 L.
820 1136 852 1177 5,
881 1136 959 1169 124.

273 1207 351 1238 120.
378 1207 455 1239 121.
481 1206 649 1248 Marsya]
677 1205 869 1250 „Marsyae
887 1209 960 1240 sta-

223 1255 289 1286 tua
314 1256 395 1287 erat
419 1264 488 1297 pro
514 1253 675 1295 Rostris,
701 1252 747 1286 ad
766 1264 878 1298 quam
902 1264 961 1287 so·-

223 1300 352 1334 lebant
377 1301 580 1334 convenire
599 1300 794 1343 causidici,
821 1301 887 1344 qui
914 1301 959 1333 li-

223 1350 281 1381 tes
307 1351 345 1381 et
377 1348 527 1393 negotia
561 1348 773 1381 tractabant
798 1351 836 1381 et
860 1358 959 1381 com-

223 1395 424 1439 ponebant.
474 1395 597 1429 Locus
632 1397 756 1429 autem
782 1405 804 1428 a
838 1398 961 1429 statua

151 1459 158 1464 -
223 1452 359 1476 nomen
399 1442 563 1486 accepit,
602 1442 705 1486 quod
738 1443 791 1477 ibi
825 1452 960 1477 causae

223 1490 283 1534 agi
322 1490 493 1523 solebant
526 1493 562 1523 et
593 1490 806 1523 vadimonia
842 1490 957 1524 sisti.“

224 1536 353 1570 COMM.
397 1537 463 1570 CR.
507 1535 607 1570 Serv,
634 1537 680 1570 ad
706 1536 799 1570 Aen.
826 1539 866 1579 4,
894 1539 958 1571 58:

225 1584 450 1627 „(Bacchus)
477 1587 560 1628 apte
588 1585 626 1616 in
653 1584 811 1617 urbibus
846 1585 959 1618 liber-

222 1632 310 1665 tatis
344 1634 401 1665 est
433 1631 546 1674 deus3
583 1631 684 1665 unde
719 1631 829 1665 etiam
861 1631 959 1665 Mar-

223 1689 310 1724 syas
335 1679 507 1712 minister
525 1678 607 1712 eius
633 1689 700 1722 per
722 1678 893 1712 civitates
918 1680 957 1712 in

223 1725 305 1760 foro
322 1727 467 1770 positus
484 1725 670 1759 libertatis
687 1726 870 1759 indicium
885 1729 958 1759 est:

224 1774 289 1818 qui
309 1777 432 1807 erecta
448 1784 562 1806 manu
580 1775 739 1807 testatur
757 1773 853 1806 nihil
871 1773 957 1807 urbi

224 1821 389 1855 deesse.“
416 1820 600 1865 Apuleius
626 1820 766 1854 Florid.
795 1823 826 1862 1,
845 1822 877 1862 3,
898 1824 957 1854 11:

222 1870 277 1901 Eo
320 1867 562 1913 (Hyagnide)
605 1869 746 1909 venitus
787 1869 958 1909 Marsyas

223 1924 305 1948 cum
335 1917 374 1948 in
406 1916 562 1957 artificio
590 1916 809 1956 patrissaret
843 1916 958 1948 tibici-

204 1962 287 2005 ¹nii,
312 1964 438 2004 Phryoe
455 1965 572 1996 cetera
591 1966 623 1995 et
642 1964 832 2004 barbaruS,
855 1964 959 1996 voltu

222 2012 344 2052 serino
370 2014 477 2052 truoe,
510 2011 687 2051 hispidus,
714 2010 957 2052 illutibarbus,

222 2059 336 2099 spinis
363 2060 395 2090 et
418 2059 506 2099 pitis
531 2058 665 2091 obsitus
698 2059 818 2098 fertur
853 2057 959 2099 (proh

223 2105 361 2148 nefast)
411 2114 494 2138 cum
529 2106 699 2146 Apolline
748 2105 960 2138 certavisse.-

224 2155 313 2186 teter
331 2161 412 2186 cum
436 2153 578 2194 decoro,
604 2153 759 2193 agrestis
776 2160 858 2185 cum
875 2161 959 2185 eru-

223 2201 316 2241 dito,
360 2201 469 2234 belua
506 2208 588 2233 cum
624 2201 701 2233 deo.
738 2219 779 2222 —
819 2200 957 2233 Voltum

223 2249 322 2288 serre
341 2250 451 2288 neqat
470 2247 555 2290 cet]
583 2247 727 2288 „Minor
754 2246 853 2280 enim
873 2246 959 2289 (No-

223 2294 387 2337 viorum)
417 2295 464 2329 ad
498 2296 594 2327 hanc
628 2298 788 2328 statuam
821 2295 958 2338 turpis-

224 2342 317 2375 sime
361 2342 602 2375 fenerabatur
645 2352 788 2375 summo
830 2352 957 2382 mane,

225 2398 342 2432 quare
375 2390 521 2423 iocatur
555 2389 735 2422 Horatius
768 2389 957 2433 inquiens,

223 2435 409 2480 Marsyam
442 2438 596 2470 alteram
635 2436 773 2470 habere
807 2446 958 2469 manum

226 2486 390 2517 erectam
424 2484 469 2517 ad
507 2483 774 2527 depellendum
808 2482 958 2525 Novios,

226 2530 326 2574 quod
341 2541 470 2564 eorum
489 2530 743 2564 feneratorum
761 2530 976 2575 impudens

224 2578 313 2611 tiam
339 2588 414 2612 non
440 2580 568 2622 posset
593 2579 812 2611 susfineref‘
830 2577 958 2611 Coun.

226 2624 347 2663 CRUQ.
389 2624 438 2659 Ut
462 2628 586 2659 tamen
613 2625 719 2659 iocus
744 2636 874 2658 verum
900 2635 959 2659 sa-

225 2673 299 2705 lem
336 2673 491 2715 habeat,
528 2672 713 2717 fingamus
751 2672 861 2707 nobis
895 2682 960 2706 ne-

226 2729 330 2753 cesse
361 2723 419 2754 est
450 2719 676 2754 feneratoris
702 2720 840 2753 voltum
866 2719 958 2754 adeo

1007 898 1115 932 foede
1141 898 1361 940 distortum,
1394 902 1436 932 ut
1466 899 1642 944 Satyrus,
1675 900 1745 934 etsi

1007 946 1089 990 ipse
1122 957 1274 991 quoque
1307 946 1514 980 deformem
1547 947 1659 980 habet
1691 947 1746 980 fa-

1009 993 1116 1035 ciem,
1141 993 1188 1027 ab
1213 994 1281 1027 illo
1300 993 1514 1028 contuendo
1533 993 1743 1028 abhorreat.

1059 1065 1243 1098 122-124.
1291 1064 1349 1098 Ad
1385 1064 1571 1108 quartam]
1612 1064 1744 1098 horam

1008 1114 1175 1145 nostram
1224 1111 1304 1145 fere
1341 1111 1533 1146 decimam.
1585 1111 1744 1157 „Usque

1008 1158 1055 1191 ad
1081 1158 1177 1192 hanc
1203 1158 1243 1192 in
1270 1159 1410 1193 lectulo
1437 1159 1561 1203 sum;“
1596 1159 1679 1202 ubi,
1711 1159 1744 1193 si

1008 1205 1174 1248 lubebat,
1192 1207 1317 1251 legere
1337 1207 1395 1240 vel
1414 1206 1582 1241 scrihere
1599 1206 1744 1251 aliquid

1008 1255 1164 1296 poterat.
1214 1255 1342 1287 Iacere
1365 1255 1489 1287 autem
1516 1254 1676 1296 „cubare
1702 1254 1743 1287 in

1009 1300 1184 1343 lectulo“,
1211 1303 1253 1334 ut
1278 1300 1414 1334 Catull.
1440 1303 1504 1343 32,
1545 1303 1607 1334 10:
1650 1302 1746 1335 Nam

1005 1356 1167 1389 pransus
1214 1349 1327 1381 iaceo.
1377 1347 1575 1382 Bentleius
1620 1350 1743 1382 recte:
1783 1391 1786 1394 Δ

1010 1394 1130 1437 „Cave
1148 1395 1311 1440 accipias
1337 1406 1405 1439 pro
1429 1395 1581 1437 dormio,
1607 1399 1649 1428 ut
1665 1395 1743 1429 vol-

1008 1453 1055 1486 go
1096 1442 1243 1476 faciunt
1281 1442 1546 1487 Interpretes.“
1586 1461 1629 1466 —-—
1664 1445 1745 1484 post

1009 1490 1102 1523 hanc
1127 1489 1218 1532 cet]
1255 1492 1370 1534 „post
1394 1492 1567 1534 quartam
1592 1492 1658 1524 aut
1680 1490 1744 1523 va-

1009 1545 1085 1578 σον,
1113 1537 1194 1571 sine
1221 1540 1322 1571 certo
1359 1537 1519 1571 consilio
1553 1537 1656 1571 solus
1687 1537 1744 1570 in-

1009 1584 1136 1625 cedo“‚
1164 1585 1221 1626 (ut
1246 1595 1278 1616 v.
1308 1586 1404 1625 112.,
1431 1584 1496 1617 sed
1521 1585 1557 1617 h.
1584 1585 1608 1617 1.
1634 1595 1743 1618 mane
1779 1582 1782 1585 '

1008 1634 1094 1664 ante
1111 1631 1347 1675 prandium3)
1383 1625 1544 1672 „aut‚'si
1569 1631 1642 1664 hoc
1667 1641 1743 1664 non

1006 1678 1141 1720 placet,
1167 1688 1289 1722 ungor
1315 1679 1410 1720 oleo,
1434 1677 1513 1722 pila
1538 1677 1577 1711 in
1605 1677 1744 1722 Campo

1007 1724 1140 1758 Martio
1166 1726 1342 1767 lusurus,
1368 1724 1504 1759 deinde
1530 1725 1654 1767 lavor,
1678 1736 1745 1770 po-

1008 1775 1087 1806 stea
1123 1772 1273 1806 domum
1311 1771 1425 1806 redeo
1459 1772 1505 1806 ad
1543 1772 1744 1817 prandium

1008 1819 1251 1861 sumendum,
1285 1822 1473 1864 postremo
1504 1830 1572 1864 per
1598 1819 1746 1864 aliquot

1008 1867 1120 1900 horas
1147 1867 1244 1900 otior
1270 1867 1405 1900 domi.“
1450 1867 1546 1900 Tum
1572 1867 1743 1912 sequitur

1007 1914 1158 1958 reliqua
1181 1924 1270 1958 pars
1295 1913 1371 1948 diei
1393 1925 1426 1947 v.
1445 1916 1524 1948 112.
1542 1914 1743 1958 descripta.

1008 1981 1053 1986 —
1089 1962 1366 2005 tecto-scripto]
1415 1960 1510 1996 Mire
1550 1963 1644 1995 haec
1686 1972 1742 1994 vv.

1007 2009 1069 2042 alii
1114 2013 1371 2053 exposuerunt
1421 2010 1539 2042 lectito
1579 2011 1618 2042 et
1652 2010 1743 2042 scri-

1004 2058 1121 2098 ptito,
1156 2067 1239 2090 cum
1273 2057 1349 2090 sint
1380 2055 1537 2090 ablativi
1568 2056 1743 2098 absoluti,

1008 2106 1050 2136 ut
1091 2114 1202 2148 saepe
1243 2102 1343 2148 apud
1391 2102 1563 2137 Tacitum
1605 2104 1743 2146 audito,

1008 2154 1189 2192 comperto
1223 2153 1292 2185 cet.
1343 2149 1428 2184 Vid.
1454 2150 1500 2184 ad
1527 2149 1601 2184 Sat.
1635 2152 1675 2193 1,
1712 2152 1742 2192 1,

1009 2200 1065 2231 94.
1093 2217 1135 2221 —
1162 2198 1336 2241 tacitum]
1379 2197 1653 2240 „meditantem
1685 2207 1742 2238 ea,

1009 2257 1105 2289 quae
1133 2245 1228 2291 legi,
1261 2246 1319 2279 vel
1345 2245 1390 2278 de
1416 2245 1612 2287 limandis,
1645 2254 1742 2289 quae

1010 2293 1158 2338 scripsi,
1186 2292 1444 2338 cogitantem-‘⁴
1473 2311 1516 2315 -—
1541 2291 1741 2334 fraudatis]

1007 2340 1101 2375 Oleo
1133 2343 1208 2374 tam
1241 2340 1306 2372 vili
1332 2342 1370 2372 et
1401 2338 1576 2380 rancido,
1610 2340 1653 2372 ut
1683 2339 1742 2373 lu-

1009 2387 1133 2421 cernis
1171 2386 1373 2431 implendis
1406 2386 1518 2419 unice
1556 2385 1742 2420 inservire

1008 2437 1155 2479 posset,
1188 2435 1249 2467 hic
1275 2444 1314 2467 se
1339 2433 1514 2478 ungebat.
1541 2452 1584 2456 —
1611 2432 1741 2476 Natta]

1010 2481 1142 2524 „Notat
1172 2481 1320 2522 Nattam
1353 2481 1542 2525 quendam
1579 2480 1741 2514 tenacis-

1007 2529 1143 2562 simum
1169 2531 1208 2563 et
1232 2527 1564 2564 sordidissimum.“
1612 2526 1740 2561 Con.

1009 2576 1074 2609 CR.
1095 2576 1285 2619 (Ceterum
1313 2575 1458 2608 Pinarii
1484 2573 1615 2609 Nattae
1632 2577 1742 2608 erant

1006 2623 1155 2668 patricii
1180 2633 1224 2657 ac
1250 2622 1406 2656 nobiles.
1439 2621 1517 2656 Cic.
1543 2621 1589 2655 de
1614 2621 1740 2655 Divin.

1008 2673 1041 2712 2,
1067 2673 1124 2714 21,
1148 2670 1222 2713 47.)
1263 2669 1363 2704 Hinc
1387 2669 1487 2703 idem
1513 2678 1650 2703 nomen
1675 2668 1739 2702 de-

1008 2729 1203 2763 sumpsere
1226 2716 1331 2751 Pers.
1350 2718 1383 2758 3,
1401 2718 1457 2750 31.
1482 2715 1611 2750 Iuven.
1630 2717 1664 2758 8,
1681 2717 1738 2749 95.
