1774 2930
657 166 752 202 Ans
774 164 998 202 PonncA.

1500 163 1587 209 515

193 272 282 314 Aut
312 285 467 328 operae
497 269 649 312 celeris
679 268 861 310 nimium
891 279 1076 322 curaque
1107 265 1291 309 carentis

193 341 284 384 Aut
312 342 533 398 ignoratae
563 339 719 396 premit
750 338 854 381 artis
886 337 1063 381 crimine
1093 336 1223 392 turpi.

193 412 291 455 Non
322 412 460 469 quivis
491 410 608 454 videt
638 408 914 452 immodulata
942 410 1142 465 poamata
1170 406 1320 460 iudex,

194 482 254 526 Et
283 482 383 525 data
411 482 617 524 Romanis
647 480 776 524 venia
805 483 871 522 est
900 478 1077 534 indigna
1105 477 1259 534 poetis.

194 554 411 596 Idcircone
441 566 572 608 vager
603 551 869 606 scribamque
899 549 1109 593 licenter?
1139 562 1195 591 an
1225 561 1372 591 omnes

1502 547 1588 589 265

194 624 374 667 Visuros
404 627 580 679 peccata
609 626 757 678 putem
786 635 903 670 mea,
934 624 1051 662 tutus
1083 623 1126 662 et
1155 619 1268 661 intra

198 694 329 752 Spem
358 694 509 737 veniae
541 693 720 735 cautus?
750 691 895 734 Vitavi
925 690 1109 747 denique
1140 690 1327 746 culpam,

174 831 257 863 265.
289 837 339 862 an
370 828 555 873 BbS'rdp,
588 826 760 862 Pottierii
791 825 983 870 plerique,
1015 824 1228 859 Hochederi
1261 834 1408 858 omnes:
1443 826 1482 858 al
1511 834 1544 867 o,

125 879 167 911 ul
191 876 362 910 Pottierii
388 875 502 909 Codd.
534 877 567 908 4.
598 877 636 908 et
669 875 740 915 18.‚
772 873 967 907 Bentleius
999 875 1038 906 et
1068 871 1124 914 M,
1158 871 1256 906 011³.
1282 889 1326 896 --
1353 872 1434 905 267.
1460 880 1546 905 σαψ

128 925 210 958 lus?
254 924 371 958 Vitam·
404 922 558 956 distinxi
584 932 668 956 cum
693 920 790 962 LCt,
822 919 1015 960 Bentleio,
1049 919 1143 953 Fea:
1175 921 1328 952 cautus:
1359 919 1472 952 vitavi
1496 918 1545 961 M,

128 972 236 1004 mea?
273 971 383 1003 Tictus
408 973 441 1003 el
465 971 594 1002 intra·
610 970 767 1002 -cautus
800 968 912 1000 vitavi
935 966 1135 1011 distinguit
1158 965 1388 1000 Doederlein
1411 967 1544 1007 synon.

128 1017 194 1051 111.
219 1029 256 1062 p.
284 1018 362 1051 121.

81 1136 164 1162 cum
199 1135 333 1169 manno
368 1128 549 1169 pondere5
589 1136 687 1171 quae
725 1125 813 1159 dum

80 1174 252 1220 profers,
294 1174 418 1219 ipsum
458 1173 554 1207 illud
590 1173 739 1217 pondus
777 1175 814 1207 et

81 1222 183 1256 lente
224 1221 457 1255 ambulantes
500 1220 685 1264 spondeos
723 1230 813 1254 voce

82 1271 122 1303 et
163 1268 299 1312 spiritu
338 1267 617 1312 persentiscis.“
668 1267 813 1300 BENTL.

83 1314 128 1359 In
152 1314 315 1348 Marcilii
348 1317 386 1348 et
409 1314 571 1348 Bentleii
606 1314 703 1348 coni.
731 1315 814 1347 mis-

80 1371 144 1396 sus
163 1380 178 1386 -
195 1370 320 1395 versus
358 1362 512 1395 verbum
547 1362 679 1403 premit
713 1364 815 1395 caret

86 1409 253 1451 obiecto,
296 1408 396 1453 quod
433 1408 582 1451 dicunt;
619 1408 815 1442 Bentleius

84 1455 239 1500 quidem
276 1465 344 1489 suo
378 1455 561 1489 arbitratu
594 1454 692 1488 dixit
729 1465 815 1499 sup·

83 1502 266 1548 plendum
299 1512 380 1549 esse
412 1503 636 1543 scriptorem.
663 1521 706 1525 —
731 1511 815 1543 pre-

83 1549 364 1592 mit-crimine]
398 1548 460 1582 Sic
491 1548 570 1582 Liv.
606 1551 646 1590 3,
682 1551 745 1590 13,
774 1551 814 1582 1:

86 1597 323 1630 Premebat
346 1604 451 1630 reum
465 1598 616 1637 praeter
631 1596 817 1637 volgatam

84 1644 264 1676 invidiam
299 1644 476 1676 crimen
516 1653 644 1676 unum.
696 1642 816 1685 „Iam-

87 1690 159 1724 bus
184 1701 230 1724 ex
262 1689 413 1724 sedibus
445 1690 523 1723 suis
550 1690 729 1733 expulsus
754 1700 816 1724 ve-

86 1737 146 1771 lut
169 1740 365 1772 accusator
390 1737 580 1771 convincit
596 1736 710 1770 Ennii
736 1747 816 1770 ver-

86 1783 175 1818 sus“
202 1786 272 1818 oet.
320 1784 390 1818 His
421 1786 547 1818 autem
580 1783 693 1817 tacite
723 1794 816 1828 quo-

86 1830 284 1865 dammodo
339 1834 582 1875 opponuntur
630 1830 816 1876 Augustei

88 1878 267 1922 temporis
315 1877 543 1923 tragicorum
593 1888 722 1911 versus
770 1878 816 1911 ad

90 1924 320 1958 Graecorum
377 1935 545 1958 normam
602 1925 816 1959 accuratius

88 1971 225 2004 directi
251 1973 288 2004 et
311 1971 429 2015 magis
454 1972 573 2015 politi.

138 2019 218 2051 263.
246 2019 326 2050 264.
351 2019 432 2050 Non
458 2019 573 2058 quivis
599 2018 682 2060 cet.]
712 2017 818 2060 „Non

85 2064 214 2108 ‚quivis
248 2063 396 2098 auditor
428 2066 501 2097 tam
534 2066 709 2098 accurate
739 2064 819 2097 ani-

90 2111 289 2145 madvertit
320 2110 482 2155 rhythmi
516 2111 626 2152 vitia,
663 2113 821 2154 ut‘pro-

90 2161 175 2202 pter
200 2158 292 2192 haec
309 2159 423 2191 totam
440 2157 606 2191 fabulam
630 2157 820 2201 explodat3

91 2204 254 2249 ideoque
295 2204 433 2238 factum
475 2207 550 2246 est,
591 2207 634 2237 ut
673 2203 820 2238 Latinis

92 2252 214 2295 poetis
244 2250 514 2285 concederetur
539 2250 597 2293 id,
631 2250 733 2295 quod
757 2252 822 2284 At-

92 2298 180 2332 ticis
205 2308 399 2342 nunquam
417 2298 666 2332 condonatum
690 2298 820 2332 foret.“

93 2343 171 2378 Cfr.
204 2345 421 2379 Ciceronem
455 2344 500 2379 de
534 2344 635 2379 Orat.
670 2347 710 2387 3,
744 2346 821 2388 50.;

93 2393 134 2424 et
165 2391 206 2424 in
233 2391 389 2425 Oratore
417 2393 481 2433 51,
508 2393 594 2425 173:
637 2394 683 2425 In
713 2401 822 2425 versu

95 2439 239 2478 quidem
264 2439 406 2472 theatra
431 2441 506 2472 tola
532 2440 757 2481 exclamant,
790 2440 822 2472 si

92 2485 166 2525 suit
198 2493 275 2518 una
306 2486 449 2526 syllaba
480 2488 545 2519 aut
579 2487 722 2519 brevior
756 2488 820 2519 aul

97 2531 262 2572 lorwim-‚-
291 2540 357 2565 nec
385 2541 469 2566 vero
501 2534 692 2566 multitudo
714 2533 821 2574 pedes

94 2579 194 2611 πουίι
220 2588 282 2612 nec
306 2580 401 2612 ullos
424 2587 594 2613 numeros
619 2582 713 2613 tenet
739 2582 820 2622 cet.,

93 2623 135 2656 id
159 2628 233 2668 est,
266 2624 427 2671 singulis
458 2627 497 2660 iu
530 2626 684 2660 vocibus
709 2627 819 2671 sylla-

97 2669 227 2705 barum
253 2673 440 2717 quantitas
470 2676 512 2707 ut
536 2676 725 2715 servetur,
751 2673 818 2706 im-

97 2717 244 2759 periose
268 2720 433 2763 postulat
449 2720 557 2754 etiam
575 2720 701 2765 plebs;
728 2731 818 2754 neu-

863 1124 1005 1169 tiquam
1038 1135 1127 1158 vero
1163 1127 1367 1158 metrorum
1401 1124 1503 1170 leges
1532 1134 1594 1159 ac-

862 1175 990 1206 curate
1024 1172 1140 1205 novit.
1188 1171 1368 1206 Horatius
1394 1182 1482 1206 vero
1508 1182 1594 1216 pro·

862 1222 945 1263 pter
971 1219 1068 1252 hanc
1100 1219 1218 1263 ipsam
1252 1222 1459 1252 metrorum
1487 1219 1593 1264 igno-

862 1266 1044 1300 rationem
1076 1276 1098 1299 a
1130 1266 1238 1311 volgo
1269 1265 1440 1300 Romano
1474 1266 1594 1310 poetis

863 1314 974 1347 etiam
1015 1313 1213 1347 manifesta
1253 1313 1346 1347 vitia
1386 1313 1593 1348 condonari

862 1359 1095 1405 indignatur.
1112 1380 1156 1385 —
1174 1360 1341 1403 indiam]
1367 1371 1502 1405 „quam
1519 1371 1595 1395 me-

863 1407 926 1441 riti
952 1418 1029 1441 non
1055 1408 1195 1442 erant-⁴*

910 1501 1108 1534 265—269.
1141 1501 1329 1535 Idcirconc
1361 1510 1475 1543 vaacr
1507 1501 1596 1546 cet]

866 1547 966 1590 „Hac
1002 1548 1113 1582 venia
1145 1549 1225 1592 ipse
1259 1559 1413 1593 quoque
1451 1549 1594 1584 abusus

865 1595 1075 1629 scribamne
1102 1594 1184 1629 sine
1207 1595 1287 1629 ullo
1305 1598 1408 1630 certo
1435 1596 1595 1631 consilio

864 1652 996 1675 versus
1023 1642 1158 1686 spretis
1183 1643 1482 1678 accuratioribus
1506 1643 1597 1689 legi-

864 1689 935 1723 bus
982 1689 1173 1723 metricis?
1223 1700 1380 1733 sperans
1421 1690 1597 1725 videlicet

865 1746 940 1769 non
968 1736 1136 1780 quemvis
1160 1736 1349 1778 lectorem,
1375 1737 1487 1772 immo
1505 1748 1597 1782 pau-

865 1783 1047 1825 cissimos,
1072 1783 1111 1817 id
1136 1794 1218 1817 esse
1244 1784 1596 1819 animadversuros?

865 1830 924 1863 An
941 1830 1112 1871 fortasse,
1130 1831 1319 1864 contrario
1334 1842 1462 1865 errore
1477 1835 1595 1875 actus,

864 1879 994 1921 putem
1019 1887 1148 1911 omnes
1167 1877 1318 1922 quidem
1344 1878 1493 1913 visuros
1512 1889 1594 1914 esse

865 1934 947 1958 mea
971 1926 1144 1968 peccata,
1178 1924 1244 1958 sed
1278 1925 1397 1960 nihilo
1423 1926 1549 1960 minus
1575 1937 1597 1960 a

866 1972 1160 2014 reprehensione
1191 1975 1314 2006 tutum
1338 1983 1397 2006 me
1422 1973 1596 2017 arbitrer,

867 2017 1066 2052 dummodo
1101 2028 1268 2060 caveam,
1302 2030 1350 2052 110
1381 2030 1513 2054 versus
1539 2021 1596 2054 ni-

867 2064 937 2098 mis
987 2064 1109 2098 scabri
1166 2066 1225 2098 vel
1281 2065 1393 2099 etiam
1441 2077 1597 2110 prorsus

866 2107 1025 2157 ἅμετροι
1070 2111 1162 2144 mihi
1207 2113 1347 2156 passim
1396 2113 1598 2148 excidant?

868 2157 1007 2191 Verum
1044 2158 1219 2202 equidem
1253 2161 1378 2193 tantae
1403 2161 1598 2206 negligen-

868 2204 941 2238 tiae
967 2215 1161 2249 nunquam
1186 2216 1273 2239 reus
1298 2206 1403 2250 fiam3
1428 2218 1515 2241 nam
1539 2209 1598 2242 de-

868 2253 978 2292 nique
1011 2252 1100 2294 (am
1130 2253 1251 2286 Ende
1284 2264 1317 2286 v.
1350 2253 1459 2288 Hand
1486 2255 1596 2289 Turs.

868 2297 915 2331 11.
938 2310 974 2343 p.
994 2298 1087 2340 267.)
1114 2299 1268 2333 vitarem
1294 2300 1445 2344 quidem
1470 2312 1598 2347 repre-

868 2345 1109 2388 hensionem,
1150 2346 1299 2381 laudern
1335 2358 1444 2390 vero,
1485 2360 1598 2394 quam

870 2403 1028 2436 quaero,
1058 2392 1158 2438 apud
1181 2394 1325 2438 peritos
1350 2394 1493 2430 iudices
1520 2407 1598 2430 non

868 2440 1087 2474 invenirem.
1147 2440 1255 2475 Hanc
1304 2442 1423 2486 ipsam
1473 2446 1597 2477 autem

869 2486 1017 2521 laudem
1042 2487 1153 2521 unice
1179 2489 1443 2532 appetiverunt
1464 2491 1598 2523 summi

870 2532 1096 2568 Graecorum
1114 2536 1259 2578 poetae,
1285 2536 1385 2569 omni
1403 2537 1596 2581 negligen-

868 2579 921 2614 tia
946 2591 1074 2614 severe
1100 2581 1172 2615 sibi
1190 2582 1480 2624 interdicentes;
1507 2594 1600 2627 quo-

868 2627 968 2661 circa
1003 2638 1088 2670 vos,
1125 2628 1301 2670 Pisones,
1343 2630 1412 2663 hos
1451 2640 1598 2664 mecum

868 2674 1102 2718 sequimini.“
1124 2693 1166 2698 ——
1184 2675 1296 2718 lutus]
1323 2675 1396 2709 Cfr.
1423 2686 1455 2709 v.
1474 2678 1531 2710 28.
1552 2696 1594 2701 ——

866 2722 966 2754 intra
989 2730 1087 2762 spem
1105 2723 1232 2755 veniae
1257 2722 1399 2765 cautus]
1428 2733 1598 2765 „omnem
