1774 2930
149 131 234 173 156

646 130 853 166 HORATII
878 131 1165 167 SATIRARUM

722 262 976 306 SATIRA
1003 263 1098 305 m.

268 343 339 386 Sic
369 358 464 386 raro
497 345 666 398 scribis,
699 328 749 386 ut
776 347 867 387 toto
897 359 983 387 non
1014 349 1165 402 quater
1196 360 1305 388 anno

266 415 561 457 Membranam
592 429 763 471 poscas,
796 415 1050 471 scriptorum
1081 431 1275 473 quaeque
1305 422 1526 472 retexens,

266 486 405 528 Iratus
437 486 537 540 tibi,
571 486 685 542 quod
713 487 803 528 vini
835 487 1058 543 somnique
1088 488 1300 544 benignus
1369 542 1374 547 .

265 557 338 599 Nil
368 557 545 614 dignum
576 572 772 600 sermone
804 572 946 601 canas.
1011 557 1123 607 Quid
1153 559 1258 602 fiet?
1289 559 1348 602 At
1378 560 1484 617 ipsis

268 628 565 671 Saturnalibus
596 628 680 671 huc
712 629 876 685 fugisti.

939 628 1117 672 Sobrius
1149 644 1252 687 ergo
1638 633 1664 674 5

246 757 349 791 SAT.
374 758 441 791 ΠΙ.
470 761 501 792 1.
525 760 584 792 Sic
606 767 697 792 raro
721 760 846 792 scribis
873 758 944 803 Sep
971 762 1009 793 et
1034 770 1130 793 corr.
1157 760 1198 802 b,
1231 760 1322 794 item
1345 759 1442 795 LtF:
1466 762 1505 795 Si
1528 769 1619 795 raro

196 807 320 839 scribis
347 805 463 839 Oodd.
489 805 665 840 Blandin.
691 809 728 840 et
751 818 807 851 pr.
833 806 868 849 b,
892 808 931 841 Si
955 815 1044 840 raro
1069 809 1347 848 scribes--quid
1371 809 1457 850 flet?
1482 817 1502 843 e
1526 808 1621 843 duo-

197 853 268 887 bus
293 853 494 887 Pulmanni
519 853 715 888 Bentleius
742 856 778 887 et
801 853 850 887 M.
877 873 920 877 ——
947 856 981 888 4.
1006 855 1058 887 Ab
1083 854 1202 899 bScp,
1227 854 1401 890 Pottierii
1434 856 1619 900 plerique,

197 900 343 934 LCtFJ.
380 901 442 943 (At
460 911 479 934 e
499 900 614 935 Codd.
639 900 814 935 Blandin.
840 901 1052 946 antiquiss„
1077 901 1182 936 Leid.
1208 905 1245 936 et
1269 914 1326 947 pr.
1350 902 1484 948 Regin.
1507 903 1620 937 Bent-

198 948 296 982 leius
323 951 359 982 et
382 947 431 981 M.
463 947 662 982 Accedunt
693 951 770 982 tres
795 948 996 991 Pottierii.)
1024 967 1067 972 —
1094 951 1128 983 5.
1161 951 1289 991 suaisca·
1319 951 1469 984 sobrius.
1519 952 1619 992 Erqo

197 995 438 1050 distinguunt
462 995 670 1039 Bentleius,
695 995 743 1029 Μ.

196 1101 263 1135 111.
290 1101 393 1136 Haec
413 1102 529 1136 satira
546 1103 778 1147 colloquium
797 1112 885 1136 con-

150 1149 247 1184 tinet
271 1151 405 1193 poetae
425 1160 511 1183 cum
528 1150 768 1194 Damasippo,
795 1149 885 1183 ridi—

150 1198 236 1231 culo
262 1197 425 1239 homine,
451 1198 517 1241 qui
543 1208 627 1231 cum
651 1208 719 1241 per
744 1207 887 1231 merca-

150 1246 274 1278 turam
291 1255 371 1277 rem
387 1245 612 1279 familiarem
631 1245 886 1288 consumpsis-

151 1294 220 1334 set,
246 1291 343 1325 nihil
368 1292 443 1326 iam
468 1292 571 1326 aliud
596 1292 747 1337 agebat,
774 1303 886 1336 quam

151 1342 195 1373 ut
219 1338 346 1373 Stoica
379 1339 496 1373 barba
529 1342 566 1373 et
598 1339 723 1373 abolla
756 1350 887 1383 super-

150 1386 261 1420 biens
288 1387 612 1421 circumforaneus
637 1387 885 1431 philosophus

151 1434 294 1478 ubique
338 1437 460 1468 sectae
504 1445 594 1468 suae
644 1434 827 1468 formulas
865 1445 887 1468 a

150 1480 344 1524 Stertinio,
362 1482 576 1526 importuno
592 1482 795 1527 aretalogo,
813 1481 885 1515 sibi

150 1528 310 1563 traditas
344 1528 573 1563 decantaret.
623 1529 735 1562 Hunc
769 1529 885 1573 igitur

149 1574 420 1620 Damasippum
458 1576 606 1610 inducit
642 1579 754 1620 poeta
791 1576 885 1620 ipsis

149 1622 415 1658 Saturnalibus
432 1624 472 1657 in
489 1624 616 1657 villam
635 1623 812 1657 Sabinam
834 1623 885 1656 ir-

150 1673 324 1704 ruentem
361 1674 399 1704 et
435 1671 679 1705 acerbissima
720 1681 788 1704 sua
825 1670 886 1703 vel

150 1718 277 1762 potius
305 1718 476 1752 Stertinii
509 1718 679 1763 magistri
714 1717 885 1752 oratione

150 1768 272 1799 totum
290 1777 410 1810 genus
428 1767 645 1807 humanum,
672 1765 809 1798 Stoicis
827 1775 885 1798 sa-

149 1813 344 1857 pientibus
375 1813 562 1858 exceptis,
597 1812 796 1854 stultitiae,
831 1814 884 1845 at-

150 1870 226 1904 que
252 1860 344 1894 adeo
371 1871 417 1893 ex
443 1860 588 1894 Stoicae
622 1859 883 1904 philosophiae

150 1907 364 1941 rationibus
422 1908 593 1941 insaniae
649 1908 884 1952 arguentem.

150 1954 254 1988 ΖΕΗ.
272 1966 318 1989 ex
333 1955 598 1988 Hnmnomvm.
620 1954 785 1998 (Scripta
803 1964 884 1988 esse

150 2002 300 2036 videtur
341 2002 382 2035 in
423 2003 514 2036 villa
559 2001 705 2036 Horatii
747 2001 886 2035 Sabina

151 2060 278 2084 mense
304 2049 505 2083 Decembri
531 2061 562 2083 a.
589 2061 626 2083 u.
653 2048 749 2091 721.)

201 2100 232 2131 1.
270 2098 327 2131 Sic
358 2106 449 2131 raro
480 2097 629 2140 scribis]
662 2095 886 2130 Bentleiana

150 2145 265 2178 lectio
291 2146 329 2178 Si
353 2153 442 2178 raro
467 2146 609 2187 scribes,
628 2162 671 2168 —-
690 2144 778 2184 quid
801 2144 885 2185 fiet?

149 2192 222 2225 hoc
256 2192 441 2226 commodi
477 2192 608 2233 habet,
646 2190 747 2236 quod
785 2201 885 2225 amo-

150 2242 260 2272 vetur
294 2240 448 2273 licentia
482 2239 566 2284 syll.
593 2240 644 2272 bis
669 2249 738 2283 pro
772 2238 887 2283 longa

150 2289 354 2330 usurpata,
394 2286 459 2320 sed
498 2286 807 2331 languidissimus
845 2286 887 2319 fit

151 2343 293 2375 sermo,
329 2336 366 2367 et
392 2333 575 2367 correctio
609 2335 742 2366 scribes
768 2333 814 2366 ab
841 2343 884 2366 eo

150 2380 320 2424 profecta
345 2380 511 2421 videtur,
545 2381 610 2424 qui
636 2383 754 2414 metro
780 2380 886 2413 time-

148 2430 219 2461 ret.
238 2427 507 2472 („Plerumque
522 2427 675 2471 quidem
692 2429 784 2461 haec
801 2438 886 2471 pro-

149 2474 280 2508 ductio
307 2475 347 2507 in
373 2478 507 2518 quarto
541 2474 747 2509 hexametri
779 2475 885 2519 pede,

150 2521 342 2556 interdum
372 2524 496 2555 tamen
522 2523 635 2555 etiam
660 2522 700 2555 in
726 2522 885 2566 reliquis

151 2569 351 2603 occurrit.“
400 2569 513 2602 IAHN.
564 2569 649 2602 Vid.
684 2569 759 2602 Sat.
785 2571 826 2611 2,
852 2571 885 2611 2,

151 2617 225 2659 47.)
265 2616 403 2650 Contra
428 2616 468 2649 in
495 2618 625 2650 nostra
649 2617 794 2650 ratione
812 2616 886 2650 Da-

147 2664 343 2708 masippus
379 2663 541 2708 primum
574 2664 775 2708 exprobrat
808 2663 884 2697 Ho-

150 2711 246 2745 ratio
285 2711 562 2745 intolerabilem
596 2711 883 2756 negligentiam3

935 1102 1071 1136 deinde
1096 1103 1220 1145 brevi,
1255 1103 1321 1137 sed
1346 1104 1423 1137 acri
1457 1104 1666 1149 interroga-

933 1149 1038 1184 tione
1062 1150 1136 1194 ipsi
1162 1150 1454 1195 expendendum
1478 1152 1667 1196 proponit,

935 1197 1027 1241 quid
1053 1197 1143 1231 mali
1161 1208 1206 1232 ex
1231 1198 1298 1232 tali
1315 1197 1464 1232 desidia
1481 1199 1667 1232 oriturum

934 1244 995 1278 sit.
1022 1244 1224 1279 Praeterea
1248 1245 1387 1289 optime
1413 1246 1485 1280 sibi
1509 1256 1666 1290 respon-

934 1291 1026 1325 dent
1047 1294 1105 1326 Sic
1128 1295 1319 1335 raro-ut,
1357 1304 1441 1327 cum
1472 1293 1513 1326 in
1545 1293 1669 1328 media

935 1339 1108 1373 clausula
1130 1350 1314 1384 perquam
1331 1339 1427 1374 dura
1449 1340 1499 1374 sit
1515 1341 1666 1375 omissio

934 1386 1143 1431 particulae
1169 1388 1271 1420 adeo.

983 1435 1072 1467 2-4.
1097 1434 1367 1477 Membranam]
1394 1434 1458 1477 „in
1484 1445 1596 1480 quam
1621 1446 1668 1470 ex

934 1481 1086 1515 tabellis
1123 1482 1242 1516 cereis
1279 1482 1340 1515 vel
1381 1482 1493 1516 etiam
1534 1483 1667 1532 palipi-

935 1531 1060 1572 psesto
1079 1529 1328 1563 transscribas
1347 1529 1487 1573 scripta
1504 1530 1602 1564 tua.“
1623 1549 1667 1554 —

933 1576 1116 1618 relexens]
1142 1587 1198 1619 pr.
1225 1577 1358 1618 „telam
1375 1577 1603 1619 resolvens“,
1627 1577 1668 1611 id

935 1625 1003 1663 est,
1030 1633 1149 1666 „quae
1175 1623 1302 1657 minus
1333 1626 1435 1658 recte
1467 1623 1667 1668 scripsisse

935 1669 1003 1703 tibi
1028 1669 1188 1712 videris,
1222 1669 1352 1704 delens
1378 1681 1422 1705 ac
1447 1670 1573 1705 denuo
1600 1671 1668 1706 eli-

933 1717 1073 1750 mans.“
1102 1736 1145 1740 —-
1172 1719 1298 1751 Iratus
1330 1719 1395 1751 tibi
1425 1718 1517 1760 cet.]
1553 1717 1668 1761 „tibi-

934 1767 1010 1798 met
1033 1764 1106 1808 ipsi
1133 1774 1383 1807 succensens,
1422 1765 1523 1810 quod
1554 1766 1667 1800 nimis

933 1811 1045 1856 genio
1071 1811 1295 1857 indulgens,
1328 1815 1462 1856 potans
1487 1815 1601 1858 atque
1626 1813 1667 1846 in

933 1859 1034 1892 diem
1060 1859 1270 1902 dormiens,
1296 1859 1392 1893 nihil
1417 1860 1490 1894 iam
1517 1871 1665 1905 compo-

934 1917 1002 1940 nas
1028 1906 1205 1951 dignum,
1239 1906 1285 1940 de
1311 1917 1386 1950 quo
1416 1908 1588 1942 homines
1613 1907 1667 1942 lo-

935 1956 1097 1998 quantur
1130 1951 1254 1996 (οὑδὲν
1287 1951 1405 1997 λόγου
1436 1950 1594 1997 ἅξιον).“
1621 1973 1667 1979 --

933 2002 1008 2034 vini
1031 2002 1219 2041 somnique
1245 2001 1442 2044 bemanus]
1479 2001 1535 2035 De
1561 2002 1667 2046 geni-

933 2048 1009 2082 tivo
1028 2059 1203 2092 compara
1222 2047 1358 2082 similis
1381 2048 1547 2083 notionis
1565 2049 1667 2083 adie-

934 2096 1074 2129 ctivum
1097 2097 1273 2137 prodique
1298 2095 1417 2140 Epist.
1445 2098 1477 2138 1,
1495 2098 1528 2138 7,
1546 2098 1602 2130 42.
1622 2115 1665 2120 -—
1708 2132 1711 2134 ,

933 2143 981 2176 At
1005 2142 1105 2185 ipsis]
1133 2143 1214 2185 „At,
1240 2145 1281 2176 ut
1297 2145 1339 2176 tu
1357 2143 1463 2186 dicis,
1489 2143 1667 2178 Saturna-

935 2191 1036 2224 libus
1069 2190 1162 2234 ipsis
1197 2191 1272 2224 huc
1304 2190 1456 2235 fugisti,
1489 2193 1531 2224 ut
1563 2201 1666 2224 nunc

935 2238 1067 2272 saltem
1093 2237 1221 2272 nescio
1241 2238 1333 2282 quid
1356 2237 1515 2282 perfecti
1541 2237 1664 2272 elabo-

934 2296 1007 2319 res.
1059 2283 1214 2329 Utique,
1247 2284 1313 2319 sed
1339 2285 1434 2318 nihil
1461 2285 1560 2329 quod
1586 2285 1665 2319 lau-

934 2332 1019 2366 dem
1036 2335 1235 2374 mereatur,
1260 2332 1382 2366 adhuc
1407 2331 1663 2376 praestitisti.“

933 2379 1064 2413 Altera
1102 2379 1231 2421 lectio,
1268 2379 1316 2413 ab
1349 2378 1498 2423 optimis
1535 2378 1665 2412 itidem

936 2426 1050 2461 Codd.
1087 2426 1250 2468 firmata,
1291 2427 1343 2459 Ab
1382 2427 1470 2467 ipsis
1511 2426 1664 2460 minime

935 2473 1138 2519 significat,
1172 2476 1213 2506 ut
1245 2473 1421 2507 nonnulli
1447 2473 1664 2507 calumniati

936 2524 1040 2555 sunt:
1066 2520 1175 2564 „inde
1193 2521 1239 2554 ab
1258 2520 1350 2565 ipsis
1366 2519 1664 2562 Saturnalibus“,

935 2569 1000 2603 sed
1025 2568 1231 2609 diceretur,
1263 2570 1305 2601 ut
1328 2569 1456 2609 fuvere
1481 2576 1505 2600 a
1526 2569 1663 2609 patria,

934 2618 979 2649 ab
1006 2617 1102 2649 hoste
1127 2626 1195 2659 pro
1222 2615 1300 2648 his:
1334 2616 1461 2656 suffere
1489 2615 1661 2657 patriam,

933 2665 1080 2696 hostem.

980 2713 1013 2744 5.
1030 2709 1304 2752 Saturnalibus]
1319 2708 1544 2750 Saturnalia,
1562 2704 1664 2755 Κρό-
