1786 2912
702 132 795 166 Lm.
819 131 849 166 Ι.
898 130 1000 166 SA'r.
1024 129 1089 165 Vl.

1592 128 1647 169 8⁷

255 235 445 278 Pramus
475 248 563 277 ιιοιι
593 232 738 285 avide,
771 235 975 288 quantum
1006 230 1252 286 interpellet
1281 229 1399 272 inani

258 305 419 349 Ventre
449 305 562 347 diem
592 303 764 356 durare,
797 301 1054 345 domesticus
1086 301 1209 344 otior.
1253 299 1377 344 Haec
1407 304 1473 342 est

257 376 361 419 Vita
390 376 624 418 solutorum
654 374 812 416 misera
842 372 1074 415 ambitione
1105 372 1333 428 gravique:

257 447 340 489 His
370 461 439 490 me
471 445 666 489 consolor
695 445 907 486 victurum
937 444 1130 496 suavius,
1163 457 1212 484 ae
1244 443 1281 483 si

1569 441 1650 481 130

260 517 471 567 Quaestor
502 531 626 570 avus,
657 520 779 572 pater
810 518 937 570 atque
967 528 1088 556 meus
1119 517 1382 590 patruusque
1413 511 1579 553 fuisset.

238 631 317 664 126.
349 631 451 672 raaia
483 629 621 662 rabiosi
653 631 818 669 tempora
847 627 943 668 sioni
975 625 1100 670 bScdp
1133 628 1247 670 atque
1281 634 1410 659 omnes
1435 624 1532 658 Fene
1566 627 1604 657 et

189 676 381 718 Pottierii,
414 677 503 710 item
527 675 653 710 Acron
687 677 724 708 et
746 673 993 718 Porphyrion.
1028 674 1257 715 (nudumque
1288 673 1467 714 trifonem
1490 670 1603 705 Bent-

191 724 255 758 leii
281 702 475 769 suspicio.)
502 742 543 747 —
573 724 651 756 130.
675 723 840 754 victurus
864 720 938 754 duo
962 719 1148 762 Pottierii,
1173 719 1247 753 Lo.
1282 718 1354 761 (Ut
1377 729 1460 760 nos,
1484 718 1604 752 nostri

192 774 230 804 et
260 771 377 805 ceteri
410 769 596 804 Pottierii.
646 768 818 803 Correxit
849 768 922 801 ιιιιιι
953 767 1074 801 Aldus
1108 773 1145 800 et
1177 766 1428 808 Torrentius.)
1453 785 1498 790 —
1527 768 1606 799 131.

191 819 345 859 luissent
378 817 472 862 bcdp
505 819 542 851 et
574 815 784 860 complures
809 814 1002 857 Pottierii‚
1035 813 1125 848 Lot.
1175 813 1249 855 (Ut
1281 824 1370 855 nos,
1404 813 1428 847 S
1462 816 1501 847 et
1524 816 1606 846 oeto

193 864 392 907 Pottierii.)

194 954 273 987 126.
319 954 424 994 [⁹05⁰
469 953 644 994 Campum
686 952 874 991 lusumque

143 998 743 1044 anamn1pro„trigonalem.“
795 998 875 1031 Tri-

107 1050 110 1051 ’
145 1055 218 1100 aaa
242 1047 288 1089 (α
310 1057 345 1080 v.
371 1046 595 1093 τρίγωνος),
629 1055 750 1091 genus
774 1045 874 1090 pilae

144 1093 338 1136 minimae,
362 1093 479 1128 durae
506 1096 543 1127 et
566 1092 673 1127 firmo
698 1092 776 1137 pilo
801 1092 875 1126 far-

145 1143 226 1184 tee3
258 1151 396 1175 nomen
421 1140 510 1175 inde
535 1140 701 1181 ductum,
726 1139 828 1184 quod
853 1150 877 1173 a

146 1187 269 1222 tribus
285 1187 505 1223 ludentibus
522 1187 730 1222 iactabatur
744 1189 781 1220 et
793 1186 876 1231 qui-

145 1234 231 1269 dem
246 1235 302 1269 ita
317 1235 522 1280 dispositis,
546 1238 589 1268 ut
604 1234 783 1279 trianguli
801 1234 875 1267 for-

146 1292 243 1316 mam
268 1281 472 1316 efficerent.
508 1282 667 1315 Martial.
693 1283 727 1322 7,
753 1282 808 1322 72,
834 1284 874 1315 9.

146 1330 204 1362 Sic
235 1330 402 1371 palmam
435 1331 499 1362 libi
531 1331 574 1362 de
606 1330 745 1369 iriqone
777 1329 876 1361 nudo

153 1377 288 1409 Unctae
319 1377 378 1409 det
409 1377 517 1417 favor
548 1377 684 1408 arbiter
709 1383 877 1416 coronae,

150 1421 251 1455 unde
291 1425 376 1457 orta
415 1426 471 1456 est
506 1422 669 1456 Bentleii
711 1421 876 1465 suspicio

152 1470 361 1509 nudumque
378 1480 401 1503 a
417 1469 554 1503 Vossio
571 1469 758 1513 adoptata.
784 1468 877 1502 Cum

150 1515 360 1550 miro'cesu
385 1517 477 1550 haec
501 1527 589 1550 vera
619 1516 730 1550 lectio
756 1515 878 1549 adhue

149 1565 301 1607 repertu.
335 1562 387 1598 sit
422 1563 462 1596 in
504 1562 650 1597 duobus
687 1562 879 1596 dumtaxat

150 1608 372 1652 Codicibus,
413 1609 574 1655 Cruquii
610 1609 743 1644 Bland.
781 1609 878 1643 anti-

149 1656 331 1701 quissimo
365 1659 403 1691 et
427 1656 516 1698 Cod
542 1657 653 1698 Goth.
679 1658 712 1698 2,
737 1667 770 1690 a.
796 1656 878 1690 Sec.

147 1666 231 1738 XV.
261 1713 321 1748 ap.
345 1701 502 1738 Kirchn.
535 1706 580 1738 Ν.
610 1703 656 1746 Q.
682 1706 816 1737 Horat.
841 1715 877 1748 p.

144 1751 218 1793 23„
242 1751 283 1784 ιιι
307 1751 374 1785 illo
400 1755 524 1785 tamen
549 1751 756 1796 suppositis
781 1762 877 1794 pun-

148 1797 220 1832 etis
244 1797 469 1843 volgataque
494 1799 657 1832 lectione
683 1798 877 1832 adnotata:

148 1846 251 1886 {noio
282 1847 420 1879 rabiosi
454 1849 619 1887 tempora
651 1847 765 1887 siqui,
804 1856 878 1878 ma-

148 1891 328 1926 nifestum
352 1893 423 1927 hoc
441 1893 590 1938 signum
616 1897 684 1934 est,
708 1893 878 1936 reliquos

149 1949 280 1972 omnes
305 1939 352 1973 ad
376 1950 445 1974 nos
475 1944 700 1985 propagatos
725 1950 807 1973 esse
835 1950 879 1973 ex

149 1985 372 2021 recensione
387 1987 519 2021 Critici
532 1988 705 2030 alieuius,
719 1987 783 2031 qui
796 1997 878 2020 ver-

152 2043 234 2066 sum
261 2033 321 2067 vel
344 2034 417 2068 sibi
451 2045 527 2068 non
561 2034 794 2068 intellectum
819 2033 879 2067 vel

151 2079 191 2112 in
226 2081 445 2124 exemplari,
478 2093 553 2126 quo
585 2082 666 2126 ipse
691 2081 880 2120 utebatur,

152 2126 350 2160 evanidum
386 2131 499 2172 atque
536 2128 790 2162 oblitteratum
828 2128 881 2160 ita

153 2173 393 2217 interpolavit
425 2175 498 2208 iam
530 2177 618 2209 ante
651 2175 879 2209 Scholiastas

153 2222 318 2263 veteres,
348 2222 415 2266 qui
439 2222 570 2256 falsam
595 2222 794 2256 lectionem
820 2232 864 2255 ex

151 2267 306 2312 plicant.
355 2268 410 2302 Ex
446 2269 515 2303 hac
558 2280 645 2303 vero
687 2269 746 2303 bis
782 2269 880 2302 idem

153 2314 439 2359 languidissime
462 2316 624 2350 diceret:
668 2315 763 2357 „Ubi
790 2316 880 2350 solis

153 2364 279 2395 aestus
304 2373 362 2396 me
387 2367 513 2397 monet
545 2364 601 2397 ire
627 2364 666 2396 in
693 2363 879 2405 balneum,

154 2417 242 2452 ego,
276 2413 317 2443 ut
348 2414 642 2444 consentaneum
668 2414 744 2451 est,
776 2410 879 2455 fugio

154 2459 298 2489 aestum
314 2457 460 2491 dierum
478 2458 791 2500 canicularium?
811 2468 881 2491 nec

154 2512 243 2536 vero
268 2503 422 2547 diceret,
447 2504 539 2549 quid
564 2509 649 2549 post
666 2484 881 2538 unctionem

154 2547 277 2584 facere
303 2553 506 2586 consuerit.
535 2552 734 2586 Praeterea.
758 2552 880 2596 loqui-

155 2598 217 2630 tur
249 2596 295 2631 de
328 2599 425 2633 vitae
458 2609 548 2633 suae
586 2600 730 2633 ratione
764 2602 882 2633 totum

154 2654 222 2687 per
247 2655 388 2679 annum
405 2649 561 2688 servata,
588 2657 663 2680 non
690 2646 810 2680 solum
835 2647 882 2681 de

156 2690 290 2726 diebus
316 2693 606 2728 canicularibus.

972 951 1138 984 127-131.
1171 949 1396 992 interpellet]
1423 949 1655 993 „prohibeam

923 1007 1000 1031 non
1026 997 1158 1031 sinat.“
1180 1015 1222 1020 —
1241 997 1335 1029 diem
1352 996 1506 1039 durare]
1531 1007 1655 1041 usque

923 1044 970 1078 ad
995 1054 1135 1078 cenam.
1166 1063 1212 1068 -—
1241 1046 1344 1078 Haec
1369 1046 1420 1077 esi
1449 1044 1530 1077 Vita
1554 1045 1655 1076 sola-

923 1094 1043 1125 iorum
1068 1091 1153 1134 eet.]
1180 1090 1361 1125 Similiter
1383 1089 1655 1134 Epicureorum

923 1138 1036 1172 vitam
1061 1138 1242 1173 describit
1266 1138 1479 1182 irridetque
1502 1138 1655 1172 Arrian.

924 1185 1043 1230 Epict.
1070 1187 1109 1228 3,
1135 1189 1196 1224 24,
1223 1187 1287 1220 39:
1330 1187 1376 1219 Τί
1398 1184 1494 1219 ἄλλο
1520 1184 1656 1219 θέλου-

924 1244 986 1266 σιν
1011 1233 1151 1266 ἐκεῖνοι
1165 1230 1202 1287 ἢ
1227 1230 1428 1267 καθεύδειν
1453 1231 1657 1288 ἀπαραπο-

923 1279 1060 1321 ὀίστως
1073 1282 1138 1314 καὶ
1151 1276 1463 1334 ἀναναγκάστως,
1480 1282 1546 1313 καὶ
1562 1278 1657 1314 ἀνα-

924 1324 1081 1369 στάντες
1106 1327 1167 1367 ἐφ’
1194 1324 1358 1370 ἡσυχίας
1374 1324 1659 1371 χασμήσασθαι

926 1375 991 1406 καὶ
1015 1372 1059 1407 τὸ
1086 1371 1295 1428 πρόσωπον
1319 1372 1550 1415 ἀποπλῦναι,
1575 1373 1659 1408 ebra

925 1418 1094 1500 γράψαιλ
1092 1423 1158 1454 καὶ
1174 1419 1391 1465 ἀναγνῶναι
1414 1417 1441 1455 ἃ
1465 1421 1656 1456 θέλουσιν·

925 1474 1008 1504 sita
1040 1467 1094 1510 φλ
1097 1469 1264 1524 υαρῆσαί
1289 1470 1326 1502 τί
1349 1471 1444 1507 ποτ’,
1477 1466 1659 1503 επαινού-

924 1526 1035 1558 μενοι
1058 1513 1135 1549 ὑπὸ
1161 1515 1234 1548 τῶν
1260 1515 1384 1557 φίλων
1416 1513 1441 1551 ὅ
1463 1528 1500 1550 τι
1523 1513 1572 1550 ἂν
1597 1517 1658 1550 λε’-

925 1573 1054 1616 γωσιν·
1089 1561 1172 1596 εἶτα
1195 1564 1249 1605 εἰς
1282 1565 1489 1610 περίπατον
1522 1575 1614 1611 προ
1602 1564 1658 1597 λ-

924 1606 1061 1651 θόντες
1084 1611 1151 1643 καὶ
1185 1608 1300 1655 ὀλίγα
1332 1596 1659 1664 περιπατήσαντες

925 1654 1161 1696 λούσασθαι,
1186 1668 1269 1691 ειτα
1294 1663 1444 1702 φαγεῖν,
1468 1670 1551 1692 ειτα
1574 1671 1659 1693 κοι-

924 1704 1100 1748 μηθῆναι
1124 1703 1210 1738 οἵαν
1234 1703 1283 1749 δὴ
1309 1707 1442 1759 κοίτην
1459 1703 1659 1740 καθεύδειν

927 1750 1018 1794 τοὺς
1042 1748 1241 1794 τοιούτοις
1257 1750 1372 1795 εἰκός.
1398 1753 1476 1788 Cic.
1493 1754 1540 1787 ad
1556 1754 1657 1788 Fam.

927 1801 961 1841 9,
986 1801 1049 1833 20.
1076 1802 1123 1833 In
1161 1801 1316 1842 Epicuri
1349 1810 1414 1834 ‘nos
1448 1803 1659 1835 adversarii

928 1824 1043 1880 n’osiri
1083 1851 1204 1880 castra
1246 1850 1470 1882 coniecimus.
1488 1867 1504 1873 -
1521 1867 1537 1874 ·
1555 1851 1658 1882 Haec

926 1895 1040 1934 ioiiur
1066 1898 1115 1927 est
1150 1903 1244 1928 nunc
1267 1897 1342 1928 vila
1372 1899 1519 1929 nostra.-
1551 1905 1658 1930 mane

926 1942 1131 1974 salutamus
1156 1943 1254 1975 domi
1271 1946 1303 1975 ei
1322 1944 1432 1976 bonos
1447 1945 1546 1977 viros
1563 1945 1658 1976 mul-

928 1991 992 2030 los,
1028 1990 1092 2022 sed
1125 1990 1259 2031 amnes,
1299 1993 1331 2023 el
1359 1992 1421 2023 hos
1461 1991 1573 2024 laetos
1605 1992 1658 2023 vi-

928 2037 1182 2069 ctores.--U1›i
1205 2038 1380 2070 salutatio
1405 2039 1573 2079 delium-il,
1602 2039 1659 2070 lit-

928 2084 1015 2115 teris
1046 2091 1102 2116 me
1136 2085 1297 2125 involvo,
1337 2087 1402 2118 aut
1437 2086 1557 2118 scribo
1594 2091 1659 2118 am

930 2130 1019 2171 leao.
1071 2130 1222 2163 Veniunt
1259 2133 1369 2164 eiiam
1407 2134 1471 2172 qm·
1502 2141 1558 2164 me
1592 2141 1659 2165 au-

927 2177 1030 2209 diunt
1057 2178 1163 2217 quasi
1186 2179 1330 2211 dociam
1355 2181 1545 2221 hominem,
1571 2181 1661 2220 quia

929 2225 1045 2264 paulo
1069 2233 1151 2257 sum
1168 2233 1279 2265 qaam
1303 2227 1375 2267 ipsi
1391 2227 1541 2259 doctior.
1568 2228 1660 2260 Inde

930 2272 1074 2312 corpori
1098 2279 1201 2304 omne
1223 2274 1363 2314 tempus
1387 2274 1512 2307 datar.
1533 2293 1575 2297 ——-
1592 2276 1659 2306 mi-

928 2327 1012 2350 sera
1037 2319 1252 2365 ambitione]
1280 2319 1367 2353 Vid.
1393 2320 1440 2354 ad
1466 2320 1541 2357 Sat.
1570 2324 1601 2362 1,
1626 2324 1659 2361 4,

929 2367 983 2398 26,
1003 2384 1047 2388 —-
1070 2367 1220 2399 suavius
1245 2366 1303 2409 ac]
1330 2367 1436 2401 Conf.
1461 2368 1579 2412 Epod.
1607 2370 1661 2409 15,

929 2414 962 2445 5.
989 2412 1063 2446 Sat.
1091 2416 1130 2455 ι,
1158 2416 1197 2454 ι,
1227 2416 1353 2457 46.1,
1385 2417 1660 2457 2,22.1‚10‚

930 2461 986 2492 34.
1004 2461 1037 2501 2,
1055 2462 1087 2501 7,
1114 2462 1170 2494 96.
1191 2480 1233 2484 ——
1254 2462 1447 2504 Quaestor]
1473 2462 1660 2506 Perquam

930 2506 1023 2540 scite
1056 2518 1132 2540 non
1166 2512 1346 2542 memorat
1378 2510 1451 2543 nisi
1490 2509 1660 2542 infimum

929 2554 1206 2598 magistratum,
1254 2567 1328 2600 quo
1377 2557 1540 2590 sexcenti
1582 2556 1661 2597 alii,

930 2611 1123 2646 nunquam
1149 2602 1189 2635 in
1223 2603 1409 2636 honorum
1437 2613 1552 2636 eursu
1577 2603 1660 2636 lon-

929 2649 1014 2692 gius
1051 2650 1262 2694 progressi,
1300 2653 1409 2683 erant
1440 2649 1561 2683 functi
1595 2660 1660 2683 ne·

931 2706 1004 2739 que
1039 2696 1121 2730 eius
1154 2707 1223 2740 ope
1249 2696 1338 2729 filiis
1371 2696 1661 2740 nepotibusque,
