1786 2912
191 119 246 161 68

306 221 526 264 Intentum
555 221 727 275 veneri,
759 226 852 263 tum
882 221 1102 264 immundo
1135 223 1300 265 somnia
1330 224 1426 265 visu

305 291 568 335 Nocturnam
597 297 761 335 vestem
792 293 1009 334 maculant
1039 297 1318 350 ventremque
1349 295 1561 351 supinum.

692 119 899 154 HORATII
925 121 1210 156 SATIRARUM

308 363 519 411 Quattuor
549 363 650 405 hinc
680 364 871 419 rapimur
901 364 1055 419 viginti
1087 369 1130 406 et
1159 365 1279 407 milia
1307 366 1469 420 raedis,

305 434 497 476 Mansuri
529 434 752 490 oppidulo,
785 434 898 490 quod
928 449 1057 477 versu
1089 435 1230 479 dicere
1262 451 1348 479 non
1379 439 1468 491 est,

185 549 217 608 ἡ
245 549 445 596 ’,τιβόητος
493 549 610 592 Νικώ,
659 554 727 585 καὶ
775 550 921 608 σεμνὴν

185 595 314 642 ὤμοσε
352 596 624 646 Θεσμοφόρον·
675 597 782 644 Κούχ
826 595 921 644 ἥκει,

185 645 340 703 φυλακὴ
371 646 411 679 δὲ
445 649 680 702 παροίχεται.
717 645 767 695 ἀρ
793 647 920 695 ἐπιορ-

183 697 263 727 κεῖν
292 690 451 734 Ἡθελε,·
488 692 553 728 τὸν
591 691 742 735 λύχνον,
781 694 919 738 ταῑδες,

182 739 334 782 ἀποσβέ
336 753 438 775 σατε.
466 761 507 764 —
533 742 689 785 somnia]
720 742 776 776 De
803 743 920 777 nimia

183 789 339 823 seminis
365 789 586 833 profusione
604 789 766 834 loquens
785 789 917 824 Celsus

182 839 223 878 4,
250 838 306 870 28.
340 840 538 870 nocturnas
571 838 747 879 imaqines
780 848 918 872 memo-

182 886 252 917 rat.
287 903 330 908 —-
364 884 465 927 visu]
510 885 666 928 „specie
679 885 710 927 “,
747 888 788 918 ut
812 885 916 929 Virg.

181 931 275 965 Aen.
304 934 366 973 11,
402 933 488 965 271:
529 933 636 965 Nunc
661 933 771 966 etiam
797 934 916 965 horri-

182 979 247 1011 bili
285 980 367 1012 visu
405 981 575 1020 portenta
615 982 827 1020 sequuntur.
872 1000 914 1004 —

179 1029 312 1059 vestem
336 1026 544 1069 maculant]
585 1026 641 1060 De
666 1027 737 1061 hoc
764 1038 915 1071 quoque

181 1073 282 1115 loco,
322 1074 386 1118 qui
413 1073 523 1108 nobis
557 1084 717 1118 spurcus
754 1076 916 1108 tantum-

181 1121 310 1162 modo,
352 1131 427 1154 non
469 1121 615 1155 facetus
651 1121 820 1164 videtur,
862 1122 916 1156 ita

179 1168 423 1202 iudicandum
450 1169 533 1211 erit,
558 1171 603 1202 ut
627 1168 795 1203 dicamus
814 1170 914 1213 apud

178 1214 368 1250 Romanos
401 1217 514 1250 talem
539 1214 820 1263 ἑξονειρωγμὸν
844 1228 913 1261 pro

179 1263 340 1297 ridiculo
366 1263 537 1297 habitum
563 1274 657 1306 esse,
683 1263 729 1297 de
749 1274 823 1308 quo
849 1275 914 1308 pa-

178 1310 251 1344 lam
284 1310 550 1355 loquebantur.
601 1310 762 1345 Omnino
790 1312 915 1345 omnia

179 1358 273 1391 haec
323 1359 420 1392 levia
469 1358 616 1392 itineris
665 1359 913 1399 incommoda,

179 1415 366 1449 caupones
383 1405 554 1451 maligni,
579 1416 679 1450 aqua
700 1406 914 1449 deterrima,

177 1463 282 1486 mora
299 1453 469 1495 remulci,
496 1453 694 1498 lippitudo,
720 1454 820 1487 turdi
839 1465 914 1487 ma-

178 1500 233 1533 cri
259 1501 319 1533 vix
344 1500 522 1534 incendio
548 1501 679 1545 erepti,
705 1500 830 1535 fumus
855 1512 914 1535 ca-

176 1547 288 1589 mini,
315 1559 432 1582 venus
458 1549 659 1590 frustrata,
688 1548 822 1582 festive
849 1560 913 1593 op-

176 1598 369 1638 ponuntur
396 1595 582 1630 amicitiae
616 1596 778 1637 fructui,
817 1596 911 1630 risui

177 1642 358 1686 iocisque.

226 1691 344 1723 86-90.
370 1690 555 1733 rapimur]
597 1690 825 1732 „celerrime
852 1701 912 1724 ve-

175 1736 341 1770 himur.“
379 1757 420 1761 ——
460 1739 652 1780 oppidulo,
692 1739 789 1779 quod
827 1738 911 1780 cet]

177 1782 456 1827 „Equotutium
496 1786 539 1827 (s.
579 1785 723 1819 rectius
759 1784 911 1829 Equum

175 1831 349 1873 tuticum)
390 1832 595 1877 significat,
639 1833 747 1866 cuius
773 1843 910 1866 nomen

174 1878 391 1912 hexametro
433 1891 546 1914 versu
590 1880 788 1924 complecti
833 1890 909 1913 non

174 1927 309 1969 potest.
359 1926 439 1961 Hoc
473 1930 598 1961 autem
631 1927 802 1972 exemplo
834 1926 922 1963 Lu-.

176 1972 266 2007 cilii.
317 1973 409 2007 Nam
444 1974 483 2007 in
518 1974 677 2019 septima
704 1974 825 2008 Satira
856 1975 911 2008 sic

174 2020 245 2053 ait:
283 2022 480 2054 Servorum
513 2025 562 2055 est
595 2023 708 2063 festus
741 2023 816 2055 dies
843 2023 909 2064 hic,

176 2068 290 2108 Quem
321 2069 431 2109 plane
468 2070 680 2102 heoeamelro
704 2078 811 2103 versu
837 2077 912 2102 ‘non

174 2116 293 2148 dicere
315 2117 432 2156 possis
460 2116 715 2161 (Sigillaria).“
759 2117 908 2150 Ponpn.

172 2161 297 2196 Verus
336 2162 432 2196 situs
470 2165 566 2203 Equi
604 2165 708 2197 lutici
745 2175 773 2197 8.
812 2165 910 2205 Equi

173 2211 298 2250 mamni
322 2212 475 2243 auctore
493 2210 731 2246 Romanellio
757 2222 834 2245 non
854 2213 911 2245 est

171 2258 360 2290 Sculuccio
394 2268 510 2301 prope
536 2258 737 2300 Asculum,
772 2258 837 2292 sed
874 2259 908 2292 S.

172 2304 358 2337 Eleulerio
401 2315 429 2337 8.
467 2306 500 2337 S.
539 2306 749 2339 Liberatore
790 2316 907 2350 prope

171 2351 323 2384 Ariane.
373 2350 477 2384 Idem
521 2355 642 2385 tamen
688 2354 908 2396 (praeeunte

170 2397 424 2442 Wesselingio
467 2398 513 2431 ad
561 2399 691 2432 Itiner.
733 2411 768 2443 p.
814 2400 908 2442 103.)

171 2445 310 2478 acriter
336 2445 531 2478 contendit
557 2446 778 2489 oppidulum
799 2458 832 2481 v.
852 2449 908 2482 87.

172 2492 423 2537 significatum
457 2503 531 2525 non
565 2493 610 2526 (le
643 2493 752 2537 Equo
788 2495 907 2528 tutico

171 2539 495 2584 interpretandum
527 2550 628 2581 esse,
664 2540 729 2574 sed
764 2542 908 2586 signifi-

173 2587 248 2620 cari
282 2587 342 2621 vel
374 2587 548 2620 Asculum
580 2587 745 2630 Apulum
785 2589 906 2622 diver-

172 2644 254 2667 sum
268 2634 314 2668 ab
324 2634 465 2668 Asculo
474 2634 625 2676 Piceno,
635 2636 808 2667 Asculum
823 2636 907 2669 aliis

171 2681 288 2725 (quod
316 2684 439 2716 tamen
457 2691 536 2715 voc.
562 2681 673 2714 facile
699 2683 823 2715 versui
851 2683 907 2715 in-

972 554 1046 586 seri
1079 553 1262 598 poterat),
1295 554 1354 588 vel
1379 554 1559 599 oppidum
1586 566 1707 600 prope

969 600 1168 644 Asculum,
1206 612 1310 635 nunc
1342 601 1497 646 quidem
1522 603 1706 647 ignotum,

969 650 1012 680 ut
1055 648 1245 682 Trivicum
1286 649 1326 682 in
1370 649 1583 683 Itinerariis
1627 661 1705 684 non

969 699 1217 739 memoratur,
1255 696 1295 729 id
1329 696 1430 741 quod
1466 697 1705 741 probabilius

969 745 1037 776 est.
1095 742 1191 777 Sane
1241 743 1495 778 confitendum
1545 747 1621 786 est,
1671 745 1703 779 si

967 790 1117 834 Equum
1142 790 1301 824 tuticum
1319 791 1499 825 Horatius
1522 803 1706 836 pervene-

967 838 1035 879 rit,
1073 849 1158 871 eum
1183 850 1251 882 per
1282 839 1376 873 haec
1400 838 1537 872 XXIV.
1574 838 1624 872 M.
1659 839 1702 874 P.

966 884 1038 918 iter
1066 887 1322 920 transversum
1346 885 1536 927 habuisse,
1564 889 1600 930 et
1618 887 1702 930 qui-

966 931 1050 965 dem
1077 944 1122 966 ex
1146 931 1288 977 Apulia
1313 934 1361 976 (v.
1388 934 1461 975 77.)
1491 944 1626 967 rursus
1660 934 1700 968 in

967 979 1208 1024 Campaniam
1257 980 1453 1015 deflexisse
1504 981 1614 1023 (nam
1661 983 1705 1015 in

964 1028 1069 1067 Equo
1096 1029 1206 1061 lutico
1233 1029 1435 1069 Campania
1462 1029 1611 1062 limitem
1636 1029 1703 1062 ha.-

966 1075 1038 1115 bel,
1065 1075 1253 1108 Antonin.
1288 1075 1374 1109 Itin.
1399 1086 1437 1120 p.
1463 1076 1580 1118 111.),
1615 1085 1701 1109 cum

964 1123 1108 1164 tamen,
1151 1122 1183 1156 si
1224 1125 1378 1167 propter
1419 1123 1549 1157 nescio
1588 1133 1702 1167 quam

965 1179 1113 1203 causam
1131 1170 1280 1214 Equum
1306 1170 1464 1204 tuticum
1489 1171 1612 1204 visere
1636 1181 1702 1204 vo·

963 1215 1120 1259 luisset,
1152 1218 1264 1262 longe
1291 1217 1521 1253 commodius
1546 1218 1592 1251 ab
1618 1218 1700 1262 ipso

962 1263 1179 1298 Benevento
1222 1267 1368 1298 tantum
1407 1263 1529 1298 XXII.
1570 1264 1619 1298 M.
1656 1265 1698 1300 P.

963 1310 1008 1344 ab
1047 1311 1114 1345 illo
1149 1312 1286 1356 oppido
1324 1311 1507 1354 distante,
1546 1311 1698 1346 Trivico

964 1358 1115 1401 omisso,
1141 1358 1291 1403 Equum
1308 1359 1470 1392 tuticum
1495 1359 1701 1403 pervenire

962 1406 1157 1448 potuisset.
1206 1406 1365 1440 Rectum
1402 1406 1474 1440 iter
1500 1417 1523 1440 a
1547 1406 1699 1441 Trivico

962 1452 1098 1487 fuisset
1145 1464 1213 1498 per
1262 1453 1444 1488 Asculum
1493 1453 1699 1487 Canusium

962 1510 1105 1534 versus.
1157 1500 1244 1543 (Les
1292 1499 1502 1535 itineraires
1551 1502 1701 1534 anciem

961 1548 1150 1588 indiquem
1175 1550 1273 1582 deux
1289 1551 1413 1582 routes
1436 1557 1532 1589 pour
1557 1551 1699 1581 traver-

960 1603 1019 1627 ser
1056 1596 1105 1628 les
1138 1598 1370 1637 monlaqneS,
1410 1604 1456 1628 en
1478 1605 1524 1628 se·
1541 1597 1699 1628 rendam

962 1638 986 1673 ὰ
1011 1643 1178 1676 Brindes.
1228 1644 1353 1684 L’une,
1379 1643 1468 1675 celle
1493 1644 1537 1676 de
1566 1641 1700 1675 vitine-

960 1690 1062 1722 raire
1088 1691 1131 1722 de
1155 1691 1361 1735 Jerusalem
1382 1698 1455 1731 par
1472 1689 1604 1734 Equus
1622 1689 1699 1723 Tu-

961 1735 1071 1778 ticus,
1097 1738 1249 1779 Fojano,
1277 1739 1310 1770 et
1337 1736 1478 1770 Civitas
1505 1736 1698 1779 Serdonis,

963 1784 1124 1817 Ordona.
1162 1785 1308 1817 L‘autre
1332 1786 1438 1818 route
1465 1787 1516 1818 est
1542 1785 1630 1818 celle
1654 1785 1699 1818 de

963 1832 1000 1863 la
1025 1832 1122 1864 table
1147 1833 1190 1865 de
1215 1833 1414 1873 Peulinqer
1446 1840 1518 1873 par
1542 1831 1698 1874 Eclano,

960 1879 1112 1919 Bonuo‚·
1147 1879 1375 1923 Aquilonia,
1413 1879 1590 1919 cairam;
1622 1878 1697 1912 Ve-

960 1936 1076 1968 nusa,
1106 1926 1283 1968 Venouse,
1319 1927 1355 1960 la
1377 1927 1499 1968 patrie
1524 1927 1569 1960 de
1593 1928 1698 1959 notre

957 1971 1072 2013 poete.
1122 1975 1196 2007 Nos
1236 1982 1440 2015 voyaqeurs
1477 1982 1521 2006 ne
1554 1974 1697 2014 prirent

961 2029 1104 2053 aucune
1130 2022 1173 2054 de
1207 2030 1262 2054 ces
1296 2022 1394 2055 deux
1423 2023 1565 2062 route-⁸,
1602 2021 1698 2053 mais

959 2069 1005 2100 ils
1030 2069 1206 2101 suivirent
1231 2077 1284 2101 un
1309 2069 1449 2101 chemin
1469 2068 1556 2109 plus
1572 2070 1696 2109 «σοτινι,

961 2117 1024 2155 qui
1049 2117 1183 2149 circule
1217 2117 1308 2149 dam
1343 2116 1393 2149 les
1423 2116 1637 2156 mantuanos
1663 2117 1698 2148 el

961 2164 1024 2202 qui
1048 2172 1085 2196 se
1111 2166 1239 2197 trouve
1272 2160 1374 2196 trac&
1405 2171 1472 2195 sur
1504 2163 1553 2195 les
1587 2170 1696 2203 aran-

959 2212 1019 2243 des
1054 2213 1171 2244 cartes
1207 2211 1513 2252 topoaraphiques
1539 2211 1588 2243 du
1612 2217 1697 2249 roy-

959 2266 1064 2290 aume
1107 2259 1150 2291 de
1193 2258 1343 2299 Naples.
1394 2259 1438 2291 Ge
1479 2257 1620 2289 chemin
1657 2265 1696 2289 se

959 2306 1075 2346 diriqe
1102 2314 1147 2338 en
1178 2307 1321 2338 sor-lant
1345 2305 1388 2336 de
1414 2301 1598 2336 Benevem
1630 2311 1696 2336 sur

958 2353 1204 2394 Montesu3603
1245 2353 1275 2384 il
1312 2359 1422 2392 passe
1460 2358 1533 2392 par
1570 2352 1697 2391 Papa-

957 2401 1026 2432 rici
1052 2402 1084 2432 el
1108 2399 1329 2437 Mirabella‚·
1366 2400 1495 2431 tourne
1523 2398 1560 2431 la
1585 2399 1696 2431 haute

958 2449 1152 2487 morataque
1178 2443 1319 2479 nomme
1337 2447 1434 2486 capo
1459 2446 1498 2478 di
1523 2445 1692 2487 mavolo,

959 2496 991 2526 et
1019 2495 1164 2526 conduit
1191 2491 1215 2526 ὰ
1239 2501 1292 2526 un
1326 2493 1399 2526 lieu
1433 2490 1575 2533 nomme
1609 2493 1695 2524 Tre-

957 2542 1047 2574 vico.
1097 2540 1349 2574 Walckenaer
1384 2539 1414 2572 Ι.
1447 2550 1483 2583 p.
1523 2538 1622 2580 247.)
1649 2557 1692 2561 ——

956 2597 1063 2622 versu
1088 2589 1206 2621 dicere
1232 2596 1306 2620 non
1331 2586 1395 2629 est]
1414 2586 1496 2620 scil.
1523 2585 1694 2627 „facile“,

958 2635 1059 2680 quod
1086 2646 1131 2669 cx
1159 2635 1278 2669 altero
1313 2633 1478 2668 membro
1513 2632 1694 2676 supplen—

957 2683 1046 2716 dum
1073 2685 1140 2717 est.
1174 2681 1319 2715 Similia
1343 2684 1431 2715 sunt
1454 2680 1515 2714 his
1542 2680 1692 2722 Critiae,

1650 263 1760 337 85⁴
