1774 2930
146 166 233 207 236

650 167 860 202 HORATII
885 167 1171 203 SATIRARUM

264 267 321 308 Ni
350 267 485 323 rapis,
519 268 696 310 accedes
729 282 860 324 opera
891 283 994 324 agro
1028 283 1142 312 nona
1174 269 1350 313 Sabino.

145 371 184 405 id
212 373 313 417 quod
339 385 384 407 ex
409 374 586 418 opinione
609 374 710 418 volgi
735 377 772 407 et
789 373 883 407 Davi

146 420 307 454 alterum
341 431 411 455 nec
446 421 566 455 levius
592 432 712 466 genus
738 424 795 455 est
825 422 883 455 in—

146 467 286 501 saniae.
320 467 513 513 Significat
536 479 576 502 se
599 471 711 502 antea
734 479 883 513 quoque

144 513 312 548 furorem
346 516 427 549 heri
458 526 590 549 versus
625 516 883 560 componentis

146 565 342 605 expertum
367 573 467 604 esse,
493 564 536 596 ut
559 563 765 607 aliquando
793 564 883 597 scri-

144 611 273 653 ptores
301 609 379 643 Ser.
407 610 549 644 Galbae
576 611 783 645 orationem
808 622 884 645 me-

935 394 977 398 —
1005 377 1150 409 accedes
1177 376 1260 420 cet.]
1295 376 1467 419 „Mittam
1503 379 1540 411 te
1579 380 1669 411 tam·

935 433 1045 466 quam
1078 423 1267 468 ergastulo
1301 424 1457 469 dignum
1488 423 1528 457 in
1564 424 1668 459 Sabi-

933 480 1024 502 num
1062 481 1204 512 meum,
1242 471 1308 506 ubi
1342 482 1429 505 cum
1462 474 1544 506 octo
1582 472 1668 506 aliis

934 518 1051 551 servis
1078 519 1153 560 (tot
1178 518 1294 563 igitur
1320 521 1430 552 erant
1454 518 1494 552 in
1521 519 1668 553 Horatii

932 564 1075 598 familia
1099 565 1261 607 rustica)
1288 565 1364 600 eris
1389 566 1512 600 fossor
1537 576 1581 600 ac
1608 577 1668 600 ca-

932 612 1143 657 primulgus
1158 615 1206 655 et,
1224 623 1320 657 quae
1338 623 1461 657 poena
1478 616 1564 647 tuae
1582 625 1668 658 pro-

146 655 301 691 ditantis
334 658 430 691 male
463 657 619 691 mulcati
646 668 665 691 e
692 658 882 692 testudine

145 713 232 736 cum
247 714 290 738 eo
305 706 490 747 exierunt,
505 707 683 739 narrante
699 705 882 740 Cicerone

144 749 249 784 Brut.
264 753 321 792 22,
335 754 391 785 88.
404 755 490 785 —le
509 753 558 787 Ni
573 752 690 795 rapis]
716 752 778 786 Sic
794 752 882 787 Vel·
932 754 1119 788 minorum
1156 755 1291 788 minae.
1347 754 1472 788 Plaut.
1508 755 1668 791 Mostell.

143 797 206 831 lei.
234 800 273 841 2,
301 801 367 832 85:
402 808 483 832 cum
513 809 551 833 se
578 801 751 833 canidius
772 809 883 842 prae·
934 804 965 843 1,
995 804 1025 843 1,
1053 803 1095 834 17
1111 812 1118 834 :
1148 803 1185 834 C·
1227 803 1347 835 hercle
1370 810 1510 844 paucas
1536 805 1668 844 tempe-

143 846 245 886 cipili
269 847 360 888 fuya
385 848 566 888 rapuisset
600 849 650 880 ad
673 847 881 881 Antonium.
930 850 1051 890 states,
1078 850 1151 882 Tra
1178 850 1224 891 ιὀ,
1250 850 1404 891 Auqebis
1419 851 1502 882 ruri
1517 858 1668 883 numero

143 891 188 925 In
214 904 327 938 prosa
353 905 406 927 or.
430 894 626 929 usitatius:
653 897 687 929 te
708 897 881 937 proripis.
933 905 1045 937 uenus
1069 897 1249 937 serralile.

933 659 1117 693 tervitatis
1145 659 1227 702 erit,
1253 660 1358 694 urbis
1376 660 1666 695 amoenitatibus

932 706 972 739 in
990 709 1213 750 perpetuum
1232 707 1423 749 carebis;“
1452 708 1585 742 solitae
1603 709 1667 742 do-

671 1098 1145 1139 EXCIJRSIJS.

242 1178 308 1211 vis
327 1178 469 1212 comica
493 1177 608 1212 huius
627 1178 770 1212 Satirae
795 1178 835 1211 in
860 1189 903 1212 eo
930 1178 1088 1212 maxime
1112 1178 1294 1220 cernitur,
1321 1177 1422 1222 quod
1447 1178 1557 1223 fingit
1572 1178 1664 1212 Davi

147 1225 246 1258 servi
287 1225 588 1260 Saturnaliorum
624 1226 780 1259 licentia
818 1225 1006 1259 abutentis
1045 1236 1254 1260 sermonem
1291 1225 1455 1259 Stoicum
1493 1236 1665 1270 magnam

146 1274 289 1316 partem
326 1273 493 1316 Crispini
527 1273 710 1317 aretalogi
744 1273 898 1306 ianitori
932 1272 1143 1306 sublectum
1177 1283 1272 1307 esse.
1322 1272 1369 1306 Et
1393 1273 1507 1306 miras
1531 1284 1664 1307 rursus

146 1318 360 1353 Stoicorum
386 1320 696 1365 exaggerationes
722 1320 874 1362 irridet,
909 1323 946 1353 et
977 1320 1090 1354 simul
1121 1322 1164 1353 ut
1189 1320 1351 1364 optimus
1375 1320 1498 1363 pictor
1522 1319 1585 1353 hic
1611 1323 1664 1354 at-
1696 1352 1698 1355 .

146 1377 220 1411 que
246 1367 339 1411 Epp.
369 1370 399 1409 1,
428 1370 481 1400 14.
510 1378 705 1402 servorum
730 1367 896 1401 indolem
922 1378 1140 1412 moresque,
1167 1367 1224 1400 uti
1249 1367 1295 1401 ab
1321 1367 1575 1411 ingenuorum
1601 1378 1666 1401 na-

145 1416 232 1448 tura
257 1415 475 1449 necessario
502 1414 778 1459 discrepabant,
805 1415 901 1449 salse
928 1425 971 1449 ac
997 1415 1115 1448 facete
1142 1414 1328 1458 exprimit.
1354 1414 1535 1448 Voluitne
1553 1414 1664 1448 etiam

145 1458 197 1503 ὥς
222 1461 262 1495 ἐν
289 1464 462 1516 παρέργω
496 1462 712 1507 significare
746 1462 911 1495 ridiculo
945 1463 1116 1506 exemplo
1150 1462 1244 1496 adeo
1276 1462 1533 1506 importunum
1562 1463 1666 1496 hunc

145 1519 227 1543 esse
254 1509 545 1554 philosophandi
573 1510 682 1554 quasi
708 1509 891 1551 morbum,
918 1521 991 1553 quo
1010 1509 1134 1543 verbis
1151 1509 1230 1543 illis
1254 1509 1462 1554 magnificis
1488 1520 1533 1542 ex
1559 1510 1666 1543 scho-

144 1557 266 1590 larum
293 1557 387 1590 locis
414 1557 675 1590 communibus
700 1557 829 1600 petitis
856 1535 1120 1598 abutebantur,
1146 1560 1198 1599 ut,
1225 1557 1255 1590 si
1274 1556 1401 1590 dicere
1426 1556 1481 1590 fas
1508 1556 1567 1599 sit,
1592 1557 1664 1590 iam

143 1614 260 1647 prope
289 1605 473 1646 servulos,
500 1605 637 1638 nedum
664 1606 719 1638 tot
744 1604 929 1649 ingenuos
955 1604 1162 1638 invaserit?
1189 1603 1299 1638 Certe
1317 1614 1458 1646 omnes,
1483 1603 1551 1648 qui
1574 1606 1666 1638 tunc

144 1650 284 1685 Romae
312 1651 508 1696 degebant,
535 1654 719 1685 noverant
744 1654 863 1685 totum
883 1651 1046 1696 Crispini
1065 1651 1284 1695 disputandi
1309 1661 1429 1695 genus
1454 1651 1664 1693 molestum,

144 1698 336 1742 putidum,
363 1699 469 1733 rude.
502 1698 592 1741 (Sat.
621 1701 651 1736 1
680 1702 711 1741 1,
722 1698 818 1732 ’.120
859 1698 1285 1740 1,3,139.1,4,14.)
1310 1699 1389 1732 Iam
1415 1697 1508 1742 quid
1534 1708 1665 1742 exspe-

145 1746 323 1780 ctandum
349 1750 447 1788 erat,
482 1746 545 1779 ubi
575 1746 816 1789 Crispiniana
842 1746 1028 1801 sapientia
1052 1756 1074 1779 a
1099 1755 1206 1779 servo
1231 1745 1472 1779 traderetur?
1507 1756 1529 1779 a
1554 1755 1662 1779 servo

143 1793 287 1826 domini
322 1804 468 1838 semper
495 1793 715 1827 clamantis.
753 1792 837 1826 Ποῦ
863 1794 963 1835 clpam
994 1790 1055 1825 Εν
1081 1791 1216 1837 σχολῇ.
1258 1792 1334 1825 Καὶ
1364 1788 1556 1825 ἀκούουσι
1587 1803 1665 1835 μου

144 1841 264 1882 τίνες;
289 1840 398 1884 Λέγω
422 1838 521 1884 μετὰ
546 1840 619 1873 τῶν
645 1836 889 1881 φιλοσόφων
920 1840 1084 1881 (Arrian.
1110 1839 1270 1884 Epictet.
1296 1839 1495 1881 4,1,138.)
1522 1839 1664 1873 Verum

144 1898 233 1922 ecce
269 1898 413 1922 summa
446 1898 530 1921 cum
565 1887 752 1931 elegantia
785 1897 827 1920 ac
860 1887 1061 1920 festivitate
1094 1889 1278 1920 tractatur
1311 1883 1530 1934 παράδοξον
1567 1886 1665 1921 Stoi-

145 1945 231 1969 cum
257 1936 428 1969 homines
455 1935 705 1978 voluptarios,
739 1934 971 1976 luxuriosos,
1005 1933 1201 1979 signorum
1231 1934 1521 1978 tabularumque
1546 1934 1665 1978 picta-

144 1993 228 2016 rum
255 1983 459 2027 cupiditate
486 1982 681 2036 abreptos,
715 1992 866 2024 avaros,
901 1981 1114 2015 adulatores
1147 1992 1223 2014 non
1257 1982 1382 2015 minus
1417 1991 1544 2014 servos
1570 1992 1664 2023 esse,

145 2040 257 2074 quam
284 2030 351 2074 qui
377 2029 532 2074 proprie
560 2029 612 2062 sic
637 2029 825 2071 dicantur,
859 2031 895 2061 et
927 2031 1130 2073 propterea
1163 2040 1208 2062 ex
1238 2029 1323 2062 iure
1349 2028 1481 2063 saltem
1506 2031 1664 2062 naturae

144 2088 220 2111 non
247 2077 456 2111 minoribus
482 2077 675 2121 nequitiae
701 2076 743 2110 ac
770 2076 950 2110 stultitiae
975 2076 1108 2120 poenis
1134 2076 1255 2109 teneri
1282 2075 1360 2110 sive
1385 2072 1665 2123 μικροδούὶους

145 2125 222 2158 sive
260 2135 322 2169 αε)
323 2121 580 2165 Malodov'loug.
632 2124 796 2166 (Arrian.
822 2123 941 2167 Epict.
969 2127 1009 2166 4,
1037 2126 1076 2165 1,
1103 2124 1174 2166 55.)
1224 2123 1354 2168 Aeque
1388 2133 1476 2156 vero
1511 2134 1553 2157 ac
1587 2133 1665 2156 ser-

144 2172 222 2205 vuli
250 2172 437 2216 sapientia
461 2173 639 2205 lectorem
666 2171 828 2205 delectat
853 2171 1021 2205 eiusdem
1046 2171 1266 2215 petulantia,
1291 2171 1356 2213 ita,
1381 2173 1423 2203 ut
1447 2171 1530 2202 κατ’
1556 2171 1664 2215 εἰρω-

143 2220 250 2252 νείαν
276 2219 429 2263 quidem
464 2220 504 2252 in
539 2220 702 2252 mentem
735 2218 845 2252 nobis
878 2218 1006 2252 veniat
1038 2217 1162 2260 illius,
1201 2218 1301 2262 quod
1335 2218 1433 2252 serio
1459 2217 1553 2251 dixit
1577 2217 1665 2250 Plu-

144 2267 296 2300 tarchus
335 2267 380 2300 de
419 2266 539 2300 cohib.
571 2266 633 2299 Ira
673 2268 738 2299 11:
776 2263 980 2306 αἴσχιστον
1005 2285 1024 2289 -
1049 2284 1068 2290 -
1094 2265 1306 2306 φαίνεσθαι
1342 2261 1562 2311 δικαιότερα
1598 2264 1664 2297 τοῦ

142 2310 333 2346 δεσπότου
372 2313 532 2358 λέγοντα
568 2311 636 2347 τ’ὸν
673 2314 841 2356 οἰκέτην,
881 2323 965 2346 cum
1002 2312 1180 2356 mancipii
1217 2312 1381 2356 asperis,
1419 2311 1484 2346 sed
1522 2311 1664 2345 veraci-

144 2360 214 2394 bus
249 2361 400 2394 monitis
436 2363 675 2405 opponantur
708 2360 790 2394 heri
825 2360 914 2394 talia
946 2359 1018 2394 sibi
1045 2359 1157 2393 obiici
1189 2359 1373 2404 indignati
1398 2359 1523 2392 rabies
1549 2361 1663 2402 atque

144 2418 276 2452 graves
302 2408 437 2442 minae.

239 2455 513 2497 Nihilominus,
547 2454 635 2488 dum
670 2455 708 2487 in
743 2458 861 2488 semet
894 2454 1017 2498 ipsum
1051 2453 1254 2497 opprobria
1287 2453 1391 2496 larga
1421 2463 1535 2487 manu
1560 2453 1664 2498 inge-

144 2512 229 2536 rere
255 2501 415 2542 videtur,
446 2502 641 2535 hominum
668 2503 776 2546 volgo
809 2505 920 2545 atque
951 2500 1135 2545 imprimis
1167 2500 1391 2534 adversariis
1417 2500 1495 2534 suis
1521 2499 1663 2545 signifi-

143 2551 214 2591 cat,
241 2548 371 2582 talium
392 2549 436 2582 de
457 2560 495 2582 se
513 2549 654 2582 iudicia
670 2549 805 2592 partim
823 2548 1024 2592 iniquiora,
1049 2547 1184 2592 partim
1209 2558 1366 2591 prorsus
1391 2546 1488 2581 falsa
1510 2546 1662 2580 minime

145 2596 286 2630 distare
313 2596 358 2629 ab
384 2596 450 2638 iis,
486 2606 582 2640 quae
609 2607 629 2629 a
656 2596 789 2640 quovis
816 2596 965 2630 servulo
991 2595 1073 2628 fieri
1108 2597 1144 2628 et
1174 2595 1322 2639 possint
1347 2597 1384 2629 et
1408 2595 1572 2636 soleant3
1606 2593 1664 2626 in-

144 2643 279 2688 dignos
296 2643 413 2687 igitur
431 2653 513 2676 esse
537 2654 624 2676 suos
644 2644 924 2685 obtrectatores,
951 2642 1088 2687 quibus
1114 2641 1258 2675 directo
1284 2641 1521 2686 respondeat,
1547 2641 1664 2675 οιιιιιί-

146 2702 219 2735 que
247 2690 503 2724 confutatione
537 2690 648 2744 longe
674 2693 866 2734 praestare
901 2689 1063 2744 lepidam
1089 2689 1289 2723 stultorum
1316 2688 1557 2722 derisionem.
1606 2687 1662 2721 De

145 2738 282 2771 talibus
316 2737 416 2772 enim
450 2747 516 2771 suo
551 2737 633 2770 iure
669 2737 794 2772 dicere
826 2740 995 2781 poterat.
1031 2731 1260 2782 Ἀνδράποόα
1297 2735 1414 2769 ταῦτα
1450 2733 1524 2768 οὐκ
1561 2733 1663 2767 οιδεν
