1774 2930
673 154 767 189 Lm.
789 154 820 190 Ι.
862 151 1019 188 ἘΡῙΒΤ.
1043 153 1107 187 VI.

1556 153 1639 194 301

250 255 489 312 Porrigere.
533 255 619 298 Hic
647 254 827 296 multum
856 254 902 296 in
930 253 1068 296 Fabia
1095 253 1228 306 valet,
1260 253 1333 296 ille
1362 253 1541 307 Velina3

253 326 333 370 Oui
360 326 467 369 libet
496 325 567 368 hie
596 325 733 368 fasces
765 325 884 367 dabit
913 324 1151 381 eripietque
1181 324 1328 366 curule

252 396 334 439 Oui
363 397 479 440 volet
508 397 773 453 importunus
806 396 923 438 ebur.
970 395 1141 448 Frater,
1171 394 1321 448 Pater,
1353 394 1483 448 adde3

251 468 309 510 Ut
339 468 491 524 cuique
520 471 587 510 est
617 470 754 521 aetas,
785 467 848 508 ita
878 480 1088 522 quemque
1116 465 1279 508 facetus
1310 465 1479 521 adopta.

1586 465 1643 506 55

252 537 318 592 Si,
349 539 460 581 bene
492 539 564 594 qui
595 542 736 591 cenat,
768 538 879 580 bene
908 537 1033 590 vivit,
1063 537 1196 589 lucet,
1229 550 1375 579 eamus

134 670 251 706 αὐτὸν
284 673 336 719 τῷ
366 671 509 718 ἀγκῶνι
547 670 711 720 ἠρόμην.
738 692 780 696 -
807 682 865 706 co-

135 720 215 763 nat]
249 720 440 766 „impenso
473 720 597 755 studio
632 721 791 754 iubeat.“
820 739 862 744 -—-

136 771 238 800 trans
252 767 433 811 pondera]
452 767 636 812 „Propola
651 768 690 801 in
709 767 865 801 taberna

137 813 271 848 sedens
296 817 382 848 ante
408 825 448 849 se
473 815 586 849 habet
601 815 761 859 positam
786 817 864 848 tru-

135 861 252 895 tinam
270 871 314 896 ae
328 863 504 904 pondera,
530 862 576 896 ad
599 873 695 906 quae
720 872 864 895 merces

136 918 234 950 suas,
259 909 396 951 oleum,
420 909 539 953 piper,
563 910 663 951 thus,
689 909 863 954 salgama‚

136 958 262 989 cetera
293 955 563 990 adventoribus
597 955 736 990 vendit.
784 955 864 989 Iam

135 1002 202 1047 qui
233 1003 396 1037 honores
433 1014 509 1037 non
546 1006 688 1047 captat,
725 1003 863 1036 transit

133 1059 184 1082 ne
208 1050 361 1084 intuens
386 1050 538 1094 quidem
572 1049 721 1084 infimae
751 1049 864 1083 sortis

133 1095 341 1139 hominem3
367 1096 588 1131 ambitiosus
605 1107 628 1130 a
644 1096 775 1131 sedulo
798 1107 865 1130 no-

134 1143 363 1178 menclatore
392 1144 544 1178 iubetur
561 1144 596 1177 ei
614 1148 718 1178 trans
745 1143 864 1178 sordi·

135 1190 223 1224 dum
255 1191 368 1224 istum
401 1194 619 1236 apparatum
651 1191 863 1236 ponderum

135 1247 179 1271 ao
214 1248 476 1272 mensurarum
517 1238 705 1272 dexteram
743 1249 863 1282 aeque

136 1285 292 1318 comiter
307 1285 515 1330 porrigere,
540 1296 582 1319 ae
609 1286 641 1319 si
666 1285 864 1319 familiaris

137 1333 248 1373 esset,
273 1341 429 1375 sperans
446 1332 538 1373 fore,
564 1335 606 1365 ut
631 1333 713 1366 eius
733 1332 864 1365 suffra-

137 1377 240 1421 gium
274 1377 346 1411 sibi
372 1378 582 1412 conciliet.“
632 1379 717 1412 Vid.
743 1379 865 1412 taber-

137 1434 223 1457 nam
255 1423 518 1468 Pompeianam
551 1426 591 1458 in
620 1425 740 1459 Musei
772 1426 864 1459 Bor-

136 1470 264 1504 bonici
288 1470 373 1505 Vol.
398 1471 445 1504 X.
470 1475 556 1516 post
580 1472 781 1506 voluminis
806 1473 865 1506 in-

137 1516 268 1551 dicem.
316 1518 419 1552 Haeo
459 1519 625 1552 omnium
670 1520 867 1564 simplicis-

137 1564 231 1599 sima
257 1567 314 1599 est
337 1565 610 1620 interpretatio.
647 1566 752 1600 Inter
777 1567 866 1600 reli-

137 1621 231 1656 quas
270 1613 516 1657 praecipuum
557 1613 681 1647 locum
723 1614 866 1648 obtinet

137 1657 297 1693 Gesneri
333 1659 613 1704 interpretat-io:
653 1661 775 1703 „ultra
805 1672 866 1695 ae-

136 1705 358 1750 quilibrium
382 1707 560 1751 eorporis,
573 1717 671 1742 ,eum
693 1708 863 1752 periculo

135 1753 338 1787 cadendi.“
389 1753 463 1787 Cfr.
512 1754 663 1788 Lucret.
701 1757 741 1797 2,
783 1757 863 1789 218.

135 1798 243 1833 Ovid.
266 1799 414 1834 Metam.
442 1804 481 1843 1,
508 1803 570 1835 12:
612 1803 685 1835 Nec
711 1804 863 1835 circum-

135 1848 216 1888 fuso
245 1849 429 1888 pendebat
452 1850 491 1881 in
515 1845 603 1882 aere
636 1850 743 1882 tellus
768 1851 864 1883 Pon-

136 1895 281 1928 deribus
308 1895 444 1928 librata
467 1897 551 1928 ειιιζς.
578 1895 720 1930 Lucan.
749 1899 779 1939 1,
799 1898 863 1930 57:

138 1941 263 1974 librati
306 1943 471 1983 pondera
512 1944 605 1975 caeti
647 1944 741 1976 Orbe
784 1947 862 1977 tene

135 1988 263 2020 medio.

185 2058 254 2090 52-
262 2058 319 2090 55.
349 2059 486 2091 Fabia·
499 2060 670 2102 -Velinnj
697 2060 794 2094 duae
819 2071 866 2094 ex

137 2101 291 2137 XXXV.
309 2104 485 2138 tribubus
502 2105 692 2146 Romanis,
717 2107 762 2140 de
781 2107 864 2150 qui-

139 2149 211 2183 bus
235 2150 319 2184 vide
352 2150 469 2184 Inser.
495 2162 543 2184 m.
567 2152 648 2185 Lat.
673 2132 720 2185 1’1.
745 2164 781 2196 p.
810 2156 864 2186 11.

140 2195 281 2238 „Homo
313 2197 429 2242 igitur
465 2198 651 2242 gratiosus
689 2199 867 2244 suffragia

138 2242 333 2277 tribulium
352 2255 506 2278 suorum
522 2245 591 2278 tibi
608 2246 840 2289 conciliabit3
831 2247 863 2266 ·“

140 2290 209 2333 vel,
234 2293 276 2324 ut
300 2291 467 2325 aiebant:
494 2292 655 2334 „tribum
673 2304 778 2327 suam
796 2293 864 2327 tibi

139 2337 345 2372 conficiet‘*
362 2357 404 2362 —-
421 2340 486 2372 Cui
503 2340 601 2382 libet]
621 2339 758 2374 divise:
781 2340 866 2383 „da-

138 2383 194 2417 bit
218 2385 272 2426 ei,
298 2385 360 2418 eui
385 2385 475 2420 dare
498 2387 571 2430 ipsi
596 2387 760 2431 placet;“
787 2398 864 2421 non

139 2430 296 2465 iunctim
308 2434 464 2476 cuilibet,
483 2434 624 2478 „primo
636 2434 806 2479 cuiquest

140 2478 209 2521 hic]
226 2478 293 2512 Est
317 2480 449 2524 utique
475 2481 610 2515 tertius
627 2481 767 2526 aliquis
784 2483 863 2526 ple-

139 2524 258 2559 beius.
273 2545 316 2549 -
334 2528 576 2570 importunus]
598 2532 772 2582 „propter
788 2540 866 2563 mo-

139 2572 330 2607 rositatem
348 2574 607 2609 incommodus
634 2579 671 2609 et
694 2577 864 2610 inexora-

140 2617 261 2662 bilis“,
278 2622 524 2664 Trotzkops.
539 2624 748 2656 —curute-
759 2625 862 2666 ebur]

141 2665 292 2706 „sellam
308 2669 491 2711 curulem,
506 2670 753 2704 consulatum.
758 2671 776 2688 ‘⁴
792 2670 864 2704 Lo-

141 2712 268 2754 quitur
292 2715 443 2749 omnino
468 2717 576 2760 quasi
594 2719 719 2751 vetere
736 2728 776 2751 re
794 2729 864 2762 pu-

912 671 1022 714 blica,
1036 675 1073 706 et
1086 683 1176 706 sane
1188 683 1256 716 per
1264 671 1426 716 Augusti
1439 671 1478 704 in
1489 670 1644 705 Oriente

912 719 1130 762 absentiam,
1155 719 1378 764 praesertim
1394 730 1427 753 a.
1445 729 1482 752 u.
1500 729 1531 752 e.
1551 720 1643 760 735.,

911 766 1050 800 multae
1074 766 1207 800 turbae
1231 766 1390 800 maxime
1415 766 1455 799 in
1481 765 1643 799 comitiis

913 813 1140 858 quaestoriis
1155 816 1257 847 ortae
1273 815 1391 854 erant,
1406 823 1643 857 compressae

912 871 934 894 a
952 860 991 894 O.
1006 860 1133 894 Sentio
1159 860 1327 895 consule.
1365 859 1500 894 Vellei.
1527 861 1559 902 2,
1584 861 1642 894 92.

911 926 959 931 ——
972 909 1114 949 Frater,
1128 909 1237 949 pater
1254 908 1339 950 eet-1
1362 907 1557 941 Interdum
1575 917 1645 951 per

913 954 1135 989 blanditiam
1160 956 1297 996 fratres
1321 954 1563 999 appellabant
1577 955 1644 988 ho-

911 1002 1032 1036 mines
1057 1003 1178 1036 aetate
1204 1001 1277 1035 sibi
1302 1002 1491 1046 aequales,
1518 1004 1644 1044 patres

912 1050 1092 1083 seniores.
1140 1048 1262 1083 Plaut.
1303 1049 1469 1091 Rud.1‚
1503 1051 1543 1091 2,
1578 1050 1642 1082 21:

911 1095 1068 1129 Pmssn).
1117 1098 1248 1138 Pater,
1283 1097 1434 1130 salveto.
1451 1113 1498 1122 --
1515 1095 1643 1130 DAz-1.
1656 1077 1685 1123 s

914 1145 1073 1185 Quaere,
1111 1145 1185 1185 vir,
1222 1152 1338 1185 porro
1361 1145 1643 1185 patrem.an

912 1192 1064 1232 filiolam
1098 1190 1227 1234 [otim]
1260 1199 1373 1224 unam
1399 1192 1529 1231 habui,
1563 1200 1644 1224 eam

911 1247 1025 1270 unam
1060 1239 1214 1279 perdidi.
1269 1239 1374 1271 Vir-ite
1414 1247 1514 1271 secus
1551 1247 1644 1272 nun-

913 1293 1023 1324 quam
1047 1286 1165 1317 ultum
1190 1285 1300 1327 [eqo]
1326 1286 1447 1318 habui.
1486 1285 1642 1329 Capitol.

912 1330 960 1364 M.
986 1332 1165 1365 Antonin.
1202 1333 1264 1364 18:
1306 1334 1393 1365 Cum
1410 1351 1424 1357 -
1442 1350 1456 1356 -
1475 1333 1521 1364 ab
1558 1333 1644 1366 atas

912 1379 1018 1411 modo
1035 1380 1207 1420 frater,
1233 1380 1339 1412 modo
1354 1381 1510 1420 pater,
1536 1381 1643 1414 modo

914 1426 951 1466 si
962 1426 1074 1468 tius,
1100 1428 1140 1458 ut
1166 1427 1338 1466 cuiusque
1363 1429 1466 1459 aetas
1490 1427 1643 1469 sinebat,

913 1473 1095 1506 diceretur
1120 1475 1189 1506 eet.
1240 1472 1463 1517 Spartianus
1492 1473 1532 1506 in
1557 1473 1644 1508 Did.

912 1518 984 1552 Iul.
1009 1522 1050 1552 4:
1079 1521 1383 1563 Unumquemque‚
1411 1523 1451 1553 ut
1477 1523 1555 1554 erat
1582 1530 1643 1554 ae-

914 1569 989 1608 tas,
1021 1567 1078 1600 vet
1097 1570 1283 1608 patrem
1306 1569 1366 1600 vel
1397 1568 1559 1608 silium
1582 1570 1643 1602 vet

910 1615 1156 1654 parentem
1178 1616 1312 1655 affatu-s
1330 1615 1562 1648 blandissime
1580 1618 1644 1649 est.

914 1660 976 1694 Sic
1016 1661 1127 1695 etiam
1166 1661 1312 1695 Graeci.
1361 1661 1518 1696 Lueian.
1566 1661 1644 1696 Me-

912 1707 1015 1752 nipp.
1054 1710 1110 1741 21.
1158 1708 1379 1742 Philonides
1417 1709 1463 1743 ad
1499 1709 1644 1754 Menip-

911 1766 1019 1798 pum:
1069 1767 1099 1788 ω
1149 1757 1339 1820 πατέριον.
1389 1775 1433 1779 ——
1481 1757 1644 1800 facetus]

914 1802 1073 1843 „blande
1099 1805 1137 1836 et
1161 1803 1351 1845 eomiter“⁷
1382 1805 1464 1836 mit
1487 1806 1642 1845 Artia-

914 1850 1017 1882 keit.
1066 1850 1174 1883 Voss.
1203 1850 1371 1893 „sein.“
1399 1851 1573 1884 PASSOW.
1597 1870 1641 1875 —

913 1897 1064 1940 adopta]
1085 1895 1146 1930 sio
1163 1897 1326 1941 primum
1344 1908 1532 1942 quemque
1550 1901 1643 1931 tam-

913 1955 1025 1988 quam
1043 1947 1241 1989 eognatum
1255 1945 1451 1979 salutando
1466 1945 1538 1979 sibi
1553 1956 1643 1980 con-

913 1991 1043 2025 ciliare
1067 1991 1198 2025 festive
1224 1995 1331 2025 vocat
1347 1993 1534 2034 adoptare.
1572 1993 1643 2026 Pe-

913 2040 1010 2070 tron.
1038 2040 1124 2071 127:
1152 2040 1274 2071 Habes
1292 2041 1331 2071 tu
1349 2041 1494 2079 quidem
1513 2043 1545 2073 et
1562 2041 1643 2081 sra-

913 2086 1005 2116 trem
1023 2102 1038 2108 —
1056 2104 1070 2110 -
1086 2087 1148 2117 sed
1173 2087 1260 2125 quid
1289 2087 1457 2126 prohibet
1484 2089 1516 2119 et
1541 2096 1643 2119 soro-

912 2139 990 2163 rem
1014 2133 1218 2172 adoptare?

962 2203 1081 2235 56-60.
1116 2202 1228 2244 lucet,
1256 2211 1381 2235 eamus
1407 2203 1490 2246 cet.]
1530 2204 1642 2246 „Dies

913 2247 1057 2290 illuxit3
1090 2259 1179 2293 ergo
1212 2252 1359 2293 tempus
1391 2249 1466 2283 iam
1492 2254 1568 2293 est,
1601 2254 1644 2285 ut

914 2294 960 2328 de
985 2295 1108 2328 ferina
1133 2305 1243 2329 carne
1263 2300 1300 2330 et
1315 2297 1484 2340 piscibus
1502 2309 1549 2331 ex
1563 2309 1641 2332 ma-

914 2341 1009 2375 cello
1028 2342 1195 2376 emendis
1214 2344 1432 2388 cogitemus,
1457 2347 1500 2378 ut
1515 2345 1643 2380 facere

913 2389 1058 2423 solebat
1075 2389 1264 2434 Gargilius
1281 2391 1360 2433 ille,
1383 2391 1449 2436 qui
1475 2392 1642 2436 quidem,

913 2438 955 2469 ut
978 2437 1128 2480 popello
1153 2437 1381 2482 imponeret,
1406 2439 1501 2472 miro
1526 2439 1642 2473 artifi-

913 2482 971 2517 eio
1005 2484 1118 2517 simul
1150 2485 1206 2518 uti
1239 2485 1411 2519 solebat“
1447 2489 1516 2520 eet.
1565 2487 1641 2519 Alii

913 2530 1066 2574 qm'dem
1081 2542 1139 2565 vv.
1152 2533 1347 2575 piscentur,
1364 2542 1538 2566 venemur
1555 2544 1642 2577 pro·-

911 2577 994 2621 prie
1019 2578 1220 2623 accipiunt,
1247 2580 1483 2614 conferentes
1508 2580 1641 2613 Neme-

913 2624 1010 2658 siani
1037 2625 1176 2671 Cyneg.
1202 2628 1289 2659 324:
1327 2628 1514 2669 Venemur,
1540 2629 1642 2660 dum

911 2679 1041 2706 mane
1066 2682 1247 2715 novum,
1273 2675 1360 2707 dum
1384 2675 1511 2707 mollia
1526 2677 1641 2715 prata
1710 2697 1714 2700 -

911 2720 1107 2753 Nocturnis
1124 2722 1268 2754 calcata
1285 2722 1373 2761 seris
1394 2722 1550 2762 vestiam
1564 2730 1641 2754 ser-
