1774 2930
606 153 611 159 ‘
652 151 747 188 Lm.
769 152 800 187 1.
847 149 1000 188 ms’r.
1022 151 1125 187 XIV.

1558 154 1645 196 343

254 252 393 302 Quem
420 257 476 296 tu'
494 253 665 296 fastidis
694 253 933 296 habitatum
963 253 1152 310 quinque
1181 253 1290 296 focis
1320 259 1365 297 et

254 323 453 380 Quinque
481 323 616 366 bonos
647 324 819 366 solitum
849 324 1024 366 Variam
1052 323 1268 367 dimittere
1297 328 1460 380 patres,

254 394 496 447 Certemus,
527 395 674 451 spinas
705 396 903 438 animone
933 408 1014 450 ego
1044 394 1196 437 fortius
1225 409 1281 437 an
1311 400 1359 437 tu

135 529 304 563 villulam
328 539 352 563 a
365 529 583 564 Maecenate
608 529 783 565 donatam
809 531 867 564 in-

129 575 264 611 ,videre
281 577 466 619 volebant,
491 588 568 611 non
590 580 664 611 tam
683 577 730 611 ob
747 578 867 622 ipsam

133 624 412 668 possessionem
430 634 511 658 eam
537 624 610 658 sibi
636 634 760 659 caram
783 634 866 658 esse

137 671 867 763 ‘iffffiffl‘g‘zfi‘fzgssffiffsk’ss‘3ss‘3‘zz

137 775 161 798 a
183 764 320 799 ceteris
344 765 518 799 omnibus
552 765 658 799 urbis
683 765 866 799 molestiis

137 811 343 856 tranquillo
376 813 501 846 animo
526 813 624 846 vivat
653 812 866 857 studiisque

137 857 256 893 libere
281 862 396 894 vacet.
427 858 547 893 Simul
572 863 697 894 autem
722 859 865 901 amicis,

138 905 206 949 qui
229 905 388 940 fortasse
411 906 601 940 interdum
624 907 865 947 mirarentur,

137 962 206 986 cur
231 956 305 987 tam
330 953 518 987 libenter'
508 964 548 986 m
566 964 700 998 aspero
717 954 782 987 illo
803 953 866 987 Sa—

136 998 226 1034 bino
238 999 402 1047 degeret,
418 1000 585 1034 rationes
599 1001 764 1045 exponit,
780 1001 865 1045 qui·

114 1045 208 1091 ³¹²⁰*
223 1043 270 1080 a'd
287 1056 475 1082 secessum
502 1046 616 1081 istum
642 1047 727 1081 urbi
754 1058 864 1092 saepe

134 1088 423 1138 praeferendum
447 1094 675 1138 impellatur.
717 1093 865 1139 Scripta

134 1139 284 1175 videtur
306 1139 477 1186 Epistola
500 1141 710 1176 Kirchnero
728 1153 759 1176 a.
778 1153 815 1175 ιι.
833 1152 864 1176 c.

126 1187 403 1230 flam-verum
438 1199 500 1223 res
535 1192 593 1223 est
622 1199 780 1234 prorsus
807 1189 865 1222 in-

137 1236 251 1268 certa.

186 1307 223 1337 1-
226 1306 259 1337 3.
275 1305 398 1348 Vihce]
411 1305 558 1340 Vilicus
572 1306 704 1351 utique
722 1317 866 1349 servus,

136 1360 215 1384 non
230 1350 402 1394 libertus,
427 1353 559 1396 quales
574 1353 753 1387 Horatius
770 1364 867 1387 nun·

137 1407 251 1478 gaiam
274 1403 465 1433 memorat.
492 1419 535 1424 --
560 1400 762 1443 silvarum]
788 1400 866 1434 Cfr.

231 1447 267 1488 3,
291 1447 349 1488 16,
372 1447 429 1479 29.
456 1446 532 1480 Sat.
558 1449 590 1485 2
616 1450 650 1489 6,
675 1449 707 1480 3.
745 1447 866 1482 Silvas

137 1495 355 1536 perreptare
378 1493 525 1527 amabat
540 1493 720 1528 Horatius
746 1497 790 1527 nt
806 1494 867 1528 Ti-

137 1537 278 1573 bullus.
303 1539 389 1573 Vid.
413 1539 506 1585 Epp.
534 1544 566 1583 1,
588 1530 625 1583 3,
649 1544 683 1574 4.
709 1559 751 1564 —
777 1543 867 1574 mihi

135 1593 194 1619 ne
215 1586 417 1630 reddentis]
452 1588 591 1632 „qnia,
616 1598 701 1621 cum
727 1588 865 1622 Romae

135 1631 252 1677 dego,
287 1633 447 1668 aliorum
478 1635 605 1678 potius
638 1646 720 1669 sum
753 1647 865 1680 quam

135 1689 245 1760 3⁶:11⁸,
254 1679 705 1773 ‘33225223323323220
709 1683 865 1764 miz

134 1783 195 1811 me
218 1773 346 1808 reficio
371 1785 417 1808 ac
440 1778 606 1810 recreo.“
642 1775 716 1810 cfr.
731 1775 805 1810 Sat.
831 1778 864 1818 2,

135 1821 332 1865 e‚600qq.
355 1821 501 1866 Epp.1‚
528 1826 583 1865 10,
609 1826 630 1857 6
657 1834 739 1868 sqq.
754 1825 865 1867 -qu

137 1868 227 1911 ‚qui
252 1871 339 1902 ante
364 1879 448 1903 eras
473 1870 512 1902 in
537 1880 621 1904 mea
635 1871 781 1904 familia
804 1883 865 1904 ur-

134 1912 245 1956 bana,
257 1925 381 1949 meum
393 1916 552 1950 fundum
562 1917 721 1959 fastidis,
734 1929 865 1962 quam-

135 1960 193 1994 vis
210 1971 293 1994 eum
310 1962 480 1996 habitent
503 1965 673 2008 quinque
688 1965 865 2007 familiae,

137 2006 192 2040 ihs
214 2011 258 2040 ut
277 2008 431 2042 totidem
450 2011 544 2051 boni,
569 2010 607 2043 id
625 2014 693 2051 est,
719 2013 866 2045 strenui

137 2056 251 2096 atque
275 2054 438 2097 honesti,
466 2057 753 2099 patresfamilias
776 2059 865 2092 inde

137 2098 290 2134 Variam
306 2111 347 2134 se
363 2102 536 2136 conferre
550 2104 697 2137 soleant
708 2104 755 2138 ad
769 2115 865 2138 nun-

137 2145 246 2180 dinas
282 2147 474 2182 obeundas
507 2152 546 2182 et
577 2151 726 2193 quando
761 2153 866 2195 oppi-

137 2192 237 2227 dana
271 2193 459 2228 habentur
499 2197 651 2230 comitia
691 2198 866 2232 creandis

137 2235 347 2275 duumviris
371 2241 447 2275 iuri
471 2242 656 2286 dicundo,
680 2244 866 2279 aedilibus

137 2287 351 2332 ceterisque
389 2290 669 2334 magistratibus
707 2292 866 2326 munici-

135 2333 298 2377 palibus.
341 2335 463 2378 (Filii,
489 2347 538 2370 ne
563 2347 610 2381 op
612 2348 656 2371 us
682 2339 866 2372 rusticum

137 2385 314 2424 cessaret,
323 2382 422 2416 domi
431 2383 605 2417 videntur
614 2385 864 2430 remansisse.)

134 2426 312 2473 Intellige
330 2429 484 2464 colonos
496 2431 697 2475 partiarios
714 2432 865 2475 liberos,

136 2475 204 2519 qui
241 2475 315 2520 ipsi
351 2478 654 2520 possessionibus
695 2483 865 2514 carentes

134 2531 205 2565 pro
242 2525 347 2556 certa
382 2524 554 2558 mercede
586 2526 647 2559 vel
679 2537 747 2570 pro
784 2530 866 2561 rata

135 2572 341 2612 proventus
358 2574 477 2614 parte,
503 2576 545 2605 ut
569 2572 681 2606 etiam
707 2584 808 2607 nunc
825 2574 866 2607 fit

131 2614 237 2658 apud
259 2615 392 2659 Italos,
417 2619 766 2663 quinquepartitum
790 2621 865 2654 Ho-

137 2661 226 2694 ratii
250 2661 430 2698 Sabinum
458 2665 642 2700 colebant,
690 2666 773 2701 Hoc
796 2668 866 2713 igi-

138 2706 200 2741 uu·
222 2708 334 2744 dicit:
372 2710 472 2754 „Nec
507 2715 631 2747 tamen
668 2714 863 2758 praedium

915 534 973 564 est
989 530 1102 564 nimis
1117 531 1305 575 exiguum,
1326 531 1437 564 cuius
1452 534 1491 564 te
1506 530 1649 575 pudeat

914 577 1135 622 pigeatque3
1160 578 1272 612 immo
1298 577 1467 623 quinque
1492 578 1646 612 familiis

914 624 1046 658 liberis
1070 627 1124 666 tu,
1150 625 1318 666 servule,
1342 625 1580 669 praepositus
1605 635 1647 659 es

914 671 963 705 ad
985 683 1115 705 earum
1133 683 1249 716 opera
1265 674 1407 706 rustica
1431 672 1646 717 inspectan-

914 718 963 752 da
986 729 1030 752 ac
1056 718 1222 763 regenda
1246 722 1284 753 et
1308 718 1354 753 ad
1377 720 1544 753 rationes
1561 730 1646 753 cum

913 765 974 799 his
987 766 1319 809 patribusfamilias
1332 766 1552 811 putandas-⁸
1570 765 1647 800 Nec

914 823 1002 846 vero
1028 813 1120 846 haec
1145 818 1317 858 pugnant
1342 824 1426 847 cum
1453 814 1528 847 Sat.
1553 816 1587 855 2,
1613 815 1647 855 7,

916 862 1002 893 118:
1039 862 1186 894 accedes
1218 869 1361 902 opera
1393 870 1487 902 auro
1526 870 1647 894 nona

912 908 1060 941 sabino.
1090 907 1240 941 Etenim
1258 908 1297 941 bi
1315 911 1398 941 octo
1417 908 1515 942 servi
1534 908 1647 942 unice

914 954 1086 998 occupati
1104 958 1212 988 erant
1235 955 1274 987 in
1292 955 1374 999 ipsa
1392 954 1539 990 Horatii
1558 955 1647 990 villa

914 1001 1108 1046 hortisque
1133 1001 1395 1036 adiacentibus
1420 1006 1510 1046 cet.;
1536 1002 1648 1046 quin-

914 1059 989 1093 que
1015 1048 1140 1082 coloni
1166 1059 1251 1083 cum
1267 1049 1420 1083 familiis
1445 1061 1514 1094 per
1539 1052 1649 1094 tugu-

914 1096 971 1129 ria
994 1096 1207 1130 habitantes
1232 1096 1401 1141 reliquos
1428 1097 1510 1131 eius
1536 1107 1647 1142 agros

914 1142 1099 1177 colebant.
1147 1142 1347 1177 Portiones
1372 1147 1496 1178 autem
1531 1144 1647 1178 totius

913 1189 1022 1223 fundi
1039 1193 1130 1223 tunc
1145 1201 1298 1235 quoque
1312 1191 1458 1225 colonis
1474 1191 1554 1225 illis
1571 1191 1648 1225 sin-

913 1237 1015 1282 gulis
1056 1237 1254 1271 admodum
1297 1238 1462 1272 modicas
1505 1238 1647 1272 locatas

915 1294 1010 1325 esse,
1036 1295 1111 1328 quo
1136 1284 1273 1318 melius
1299 1286 1531 1327 colerentur,
1556 1296 1647 1320 sane

914 1334 1209 1365 consentaneum
1226 1335 1295 1372 est,
1311 1342 1468 1376 prorsus
1486 1336 1529 1366 ut
1545 1343 1649 1366 nunc

915 1378 1038 1411 solent
1062 1377 1146 1412 Itali
1173 1379 1382 1423 locupletes
1405 1379 1485 1413 suis
1502 1380 1649 1414 colonis

914 1424 994 1465 (α’
1014 1427 1095 1458 suoi
1134 1427 1305 1469 massaj).
1348 1445 1392 1450 —-
1434 1426 1545 1469 sociis]
1589 1426 1649 1461 Sic

914 1471 1021 1505 Plato
1054 1472 1168 1517 Legg
1197 1475 1228 1506 1.
1260 1484 1296 1517 p.
1332 1475 1413 1507 642.
1438 1473 1500 1507 B.:
1538 1471 1649 1517 ἡμῶν

915 1515 940 1562 ἦ
966 1518 1094 1558 ἑστία,
1131 1519 1283 1563 „domus
1315 1522 1479 1554 nostra.“
1505 1539 1553 1545 —
1581 1522 1649 1555 Va-

914 1566 1025 1609 riam]
1061 1566 1200 1608 „Varia
1225 1567 1405 1621 oppidum
1430 1568 1471 1601 in
1497 1567 1647 1603 Sabinis

915 1613 1018 1655 olim,
1044 1624 1147 1647 nunc
1163 1614 1269 1647 vicus
1286 1615 1488 1649 imminens
1506 1616 1646 1650 Anieni

914 1659 961 1694 ad
995 1664 1166 1694 octavum
1201 1661 1363 1706 lapidem
1396 1662 1497 1696 ultra
1526 1662 1647 1696 Tibur

914 1707 954 1740 in
978 1708 1039 1741 via
1061 1707 1248 1742 Valeria.“
1276 1709 1405 1743 Con.
1425 1709 1545 1748 CRUQ.
1571 1709 1648 1744 Ho-

914 1754 976 1788 die
1004 1756 1192 1788 Vicovaro.

960 1828 995 1858 4.
1020 1827 1054 1859 5.
1081 1826 1276 1869 Certemus]
1303 1826 1495 1871 „Agedum
1520 1827 1646 1861 videm

913 1882 1016 1913 mus,
1050 1876 1177 1906 utrum
1210 1884 1278 1918 ego
1312 1873 1534 1919 diligentius
1568 1875 1648 1908 ani-

913 1929 1015 1952 mum
1048 1931 1172 1953 meum
1196 1921 1298 1954 vitiis
1322 1932 1498 1966 purgem,
1531 1932 1579 1955 an
1605 1925 1647 1955 tu

914 1967 1045 2010 spinas
1071 1978 1117 2000 ex
1141 1979 1231 2012 agro
1248 1978 1331 2002 meo
1350 1969 1508 2011 evellas;
1533 1972 1647 2013 atque

913 2016 1000 2046 utra
1031 2014 1128 2048 ratio
1162 2015 1298 2049 melior
1323 2016 1390 2057 sit,
1425 2026 1538 2057 eane,
1572 2027 1648 2060 qua

913 2070 972 2093 me
1005 2061 1087 2104 ipse
1121 2072 1232 2103 curo,
1270 2062 1371 2105 quod
1396 2062 1444 2096 ad
1469 2063 1645 2096 virtutem

914 2107 1068 2148 attinet,
1101 2107 1142 2140 in
1168 2119 1212 2141 eo
1238 2108 1454 2151 elaborans,
1487 2112 1529 2142 ut
1553 2120 1647 2153 qno-

914 2153 1005 2186 tidie
1038 2154 1171 2187 melior
1197 2165 1240 2188 ac
1273 2155 1515 2199 tranquillior
1549 2156 1646 2199 fiam,

913 2210 962 2233 an
988 2211 1052 2241 ea,
1085 2212 1162 2244 qua
1186 2204 1247 2243 tu,
1280 2202 1390 2236 homo
1421 2213 1549 2237 socors
1575 2205 1647 2246 (pi-

914 2254 1019 2287 orum
1035 2251 1145 2281 vocat
1156 2258 1190 2281 v.
1204 2249 1289 2290 29)
1308 2249 1401 2283 colis
1418 2258 1496 2283 rem
1511 2261 1643 2293 meam,

913 2293 954 2326 id
987 2297 1044 2327 est
1074 2294 1235 2328 fundum
1269 2295 1471 2339 Sabinum,
1502 2299 1647 2341 praeci-

913 2351 1025 2384 puam
1037 2341 1258 2376 facultatum
1270 2354 1437 2377 mearum
1451 2347 1615 2388 partem.
1605 2346 1644 2369 θ’*

914 2386 1036 2421 Simili
1049 2390 1327 2443 comparatione
1340 2391 1462 2424 utitur
1475 2391 1645 2426 Velleius

914 2435 947 2476 2,
973 2437 1038 2468 68:
1059 2438 1166 2477 peior
1189 2438 1248 2469 illi
1266 2437 1329 2479 (M.
1343 2437 1486 2479 Caelio)
1503 2448 1564 2471 res
1588 2441 1646 2480 sa·

911 2483 1070 2515 miliar&
1087 2492 1198 2524 quam
1214 2493 1316 2517 mem
1334 2488 1424 2518 erat.
1444 2504 1485 2508 —
1505 2486 1644 2528 spinos]

914 2528 989 2562 Gfr.
1014 2529 1109 2574 Epp.
1127 2532 1162 2573 2,
1178 2533 1212 2572 2,
1230 2533 1316 2565 212:
1345 2533 1440 2573 Quid
1464 2535 1498 2565 le
1524 2541 1644 2565 exem-

909 2578 976 2616 pta
1009 2578 1112 2610 iuvat
1144 2579 1259 2619 mirus
1284 2580 1328 2611 de
1348 2580 1518 2620 pluribus
1542 2581 1644 2612 una?

913 2621 1009 2656 Sunt
1044 2623 1160 2668 igitur
1194 2628 1231 2658 et
1263 2625 1354 2658 vitia
1390 2625 1457 2658 illa
1486 2627 1642 2668 minora,

914 2669 1055 2713 quibus
1087 2681 1128 2705 se
1161 2671 1334 2705 laborare
1368 2672 1541 2706 concedit
1569 2672 1645 2707 Sat.

916 2720 955 2758 1,
980 2718 1021 2759 3,
1046 2718 1124 2759 20„
1158 2721 1195 2752 et
1219 2729 1337 2752 vanae
1362 2729 1474 2753 curae
1499 2730 1543 2753 ac
1569 2720 1644 2754 sol-
