1774 2930
154 123 240 165 506

810 124 1025 161 HORATII·

271 223 507 281 Adspirare
539 230 583 268 et
613 226 766 268 adesse
799 226 940 268 choris
972 231 1064 270 erat
1080 229 1215 271 utilis
1247 234 1375 287 atque

270 294 470 338 Nondum
503 297 644 352 spissa
672 297 800 338 nimis
834 298 1047 354 complere
1079 299 1233 344 sedilia
1260 302 1388 356 flatu3

271 366 366 415 Quo
398 381 502 410 sane
532 368 716 424 populus
747 369 1026 411 numerabilis
1057 374 1208 427 utpote
1237 386 1395 428 parvus

1584 304 1670 346 205
1705 286 1710 291 ”

269 436 328 479 Et
358 438 470 494 frugi
503 443 730 495 castusque
761 440 1114 497 verecundusque
1146 442 1301 485 coibat.

268 508 504 565 Postquam
535 511 677 566 coepit
707 525 832 566 agros
866 510 1098 555 extendere
1127 513 1263 556 victor
1293 518 1338 557 et
1367 514 1496 558 urbes

265 579 416 622 Latior
447 581 645 637 amplecti
676 596 822 623 murus
853 583 1037 639 vinoque
1069 583 1220 626 diurno

268 650 437 694 Placari
469 651 632 694 Genius
663 652 784 695 festis
816 654 991 709 impune
1023 654 1188 709 diebus,

1585 658 1670 699 210

267 721 464 765 Accessit
495 724 771 780 numerisque
802 725 1025 781 modisque
1055 726 1232 768 licentia
1260 727 1418 782 mai0r3

269 793 467 836 Indoctus
501 794 602 850 quid
634 795 748 838 enim
781 799 952 852 saperet
983 797 1179 853 liberque
1209 797 1403 840 laborum

246 949 325 981 208.
352 948 479 981 urbem
506 959 603 982 unus
629 949 801 982 Pottierii
830 950 909 992 (8.),
933 949 1015 984 LCt
1039 953 1076 985 et
1093 951 1298 986 Bentleius.
1318 971 1360 975 —
1380 953 1460 986 209.
1485 953 1625 987 Laxior

194 994 391 1029 Bentleius
417 995 650 1030 coniectura.

147 1138 186 1169 et
210 1147 249 1170 se
275 1136 399 1181 ipsum
423 1137 476 1171 ait
498 1138 537 1170 in
556 1138 695 1181 templo
713 1137 883 1183 Marsyae

147 1183 285 1218 vidisse
311 1184 421 1218 tibias
441 1188 619 1229 quattuor
644 1185 883 1220 foraminum.

147 1230 270 1270 Quare
303 1235 487 1276 quaterna
520 1235 665 1266 tantum
699 1233 885 1267 foramina

146 1279 325 1323 antiquae
367 1279 482 1314 tibiae
531 1280 767 1323 habuerunt3
818 1281 884 1314 alii

146 1324 288 1368 dicunt,
307 1337 384 1361 non
397 1328 484 1371 plus
503 1338 615 1371 quam
634 1328 740 1362 tria.“
759 1328 883 1362 Aeno.

147 1391 190 1396 —
216 1375 430 1417 Adspirare]
469 1376 561 1408 den
594 1377 694 1408 Yon
727 1384 884 1417 anye-

146 1422 246 1454 ben.
275 1440 318 1445 —
345 1422 493 1464 adesse]
530 1423 809 1464 beqleicen.
838 1442 880 1446 —

143 1469 260 1509 spissa
285 1470 393 1502 nimis
410 1469 594 1512 -sedilia]
629 1469 703 1504 Cfr.
730 1481 763 1503 v.
791 1472 882 1504 381:

142 1517 306 1557 spissae·
315 1526 509 1551 -coronae.
550 1516 645 1561 Epp
674 1522 704 1560 1,
733 1520 787 1560 19,
813 1520 882 1551 41.
874 1529 882 1536 ·

142 1564 295 1604 spissis·
305 1566 467 1598 theatris.
485 1565 784 1608 -complere]„
789 1565 882 1599 adeo

145 1613 187 1644 ut
211 1611 251 1644 in
276 1612 423 1646 theatro
449 1612 567 1646 multo
597 1613 743 1646 minore
770 1623 883 1657 quam

144 1661 274 1692 nostra
324 1670 427 1693 nunc
481 1662 588 1703 sunt,
637 1660 882 1704 nondumque

144 1706 419 1749 spectatoribus
467 1707 578 1741 nimis
627 1707 785 1750 referto,
835 1707 882 1742 ab

144 1754 330 1795 omnibus,
350 1758 532 1798 quantum
551 1754 640 1789 satis
659 1758 751 1797 erat,
770 1766 881 1788 exau-

144 1800 216 1834 diri
243 1803 403 1845 posset.“
434 1821 474 1825 —
500 1802 610 1844 sane]
652 1805 723 1844 „ut
747 1813 815 1846 per
842 1813 881 1835 se

143 1848 403 1893 intelligitur.“
424 1868 468 1872 -—
486 1848 742 1891 numerabilis]
769 1848 879 1892 Apud

143 1896 331 1929 neminem
364 1899 452 1930 ante
483 1895 680 1929 Horatium
713 1896 784 1929 hoc
818 1906 879 1929 vo-

144 1943 321 1976 cabulum
355 1953 458 1976 nunc
495 1943 693 1997 reperitur.
742 1942 879 1987 Ipsene

143 1990 301 2024 detorsit
342 2002 364 2024 a
406 1990 549 2024 Graeco
591 1987 879 2046 εὐαρίθμητοςῖ

144 2037 488 2079 Τ118081.16,87;
526 2035 765 2084 ἀοιθμητούς
801 2035 879 2070 ἀπὸ

143 2085 302 2119 πολλῶν.
360 2064 451 2119 Post
486 2085 684 2119 Horatium
723 2084 880 2119 Ovidius

141 2132 228 2167 Met.
257 2136 289 2175 5,
317 2135 403 2167 588:
426 2141 494 2174 per
519 2141 611 2174 quas
638 2133 786 2176 (aquas)
813 2141 880 2166 nu-

142 2182 329 2214 merabilis
355 2181 427 2214 alle
452 2181 622 2214 calculus
647 2181 761 2213 omnis
788 2183 879 2214 erat.

141 2247 187 2252 —-
225 2230 415 2269 castusque
455 2229 752 2268 verecundusque
794 2227 878 2261 ideo

143 2276 273 2318 etiam,
304 2276 405 2319 quod
431 2275 477 2309 ad
504 2274 632 2309 Liberi
659 2275 775 2319 patris
802 2275 880 2308 cul-

142 2325 220 2356 tum
255 2324 468 2367 pertinebat
498 2321 635 2369 ὁρᾶμα.
685 2322 729 2355 V.
755 2324 879 2356 autem

142 2373 261 2403 castus
279 2371 443 2404 refertur
462 2370 507 2404 ad
526 2370 759 2414 religionem.
802 2369 879 2402 Cic.

142 2417 189 2457 de
215 2417 328 2462 Legg.
356 2419 464 2459 2,8,
493 2420 557 2451 19.
588 2419 644 2451 Ad
668 2418 768 2450 divos
793 2418 879 2450 ade-

140 2458 232 2498 ιῖηιο
259 2467 365 2497 caste.

190 2514 275 2546 208-
278 2513 357 2545 213.
382 2512 511 2554 victor]
544 2512 719 2555 populus
769 2511 879 2555 Apud

143 2558 307 2594 Graecos
332 2558 496 2593 refertur
523 2559 568 2592 ad
601 2562 769 2603 tempora
794 2561 880 2603 post

142 2604 188 2639 τὰ
225 2602 416 2654 Περσικά,
454 2607 519 2640 cfr.
557 2606 603 2639 ad
640 2606 732 2650 Epp.
772 2608 878 2648 2,1,

143 2654 164 2687 3
191 2665 294 2698 sqq.;
332 2653 431 2699 apud
457 2653 646 2688 Romanos
677 2656 762 2698 post
791 2664 878 2697 pro-

142 2701 270 2747 fligata
318 2702 420 2736 bella
466 2701 621 2735 Punica.
666 2720 708 2724 —
751 2699 878 2742 urbes]

931 1139 1048 1173 Recte
1082 1150 1121 1173 se
1155 1140 1268 1174 habet
1299 1139 1459 1184 pluralis
1490 1138 1671 1174 Codicum

932 1186 1299 1231 antiquissimorum,
1330 1197 1417 1221 cum
1442 1186 1489 1221 de
1515 1187 1672 1222 Graecis

933 1236 970 1267 et
993 1233 1173 1268 Romanis
1199 1234 1447 1282 communiter
1479 1234 1671 1278 loquatur.

932 1281 1048 1323 Vide,
1087 1292 1184 1326 quae
1222 1274 1339 1326 s'upra
1375 1281 1422 1315 de
1459 1283 1546 1315 toto
1572 1281 1608 1314 11.
1646 1281 1672 1315 1.

933 1328 1104 1363 diximus.
1133 1347 1176 1352 -
1202 1329 1343 1372 Latiar]
1376 1328 1484 1371 11.1.,
1517 1330 1672 1362 utcon-

933 1378 1153 1411 sentaneum
1192 1379 1267 1418 est,
1304 1354 1514 1421 significat:
1556 1386 1671 1420 „spa-

932 1423 1076 1465 tiosior‚
1110 1423 1279 1467 amplior,
1313 1434 1425 1468 quam
1455 1423 1566 1457 initio
1590 1423 1672 1458 fue-

932 1471 1037 1513 rat;“
1080 1471 1299 1515 neutiquam
1332 1481 1422 1505 vero
1460 1480 1504 1504 eo
1543 1481 1671 1514 8811811,

933 1529 1007 1562 quo
1042 1518 1088 1552 de
1119 1517 1327 1563 Babylonis
1359 1528 1468 1552 muro
1497 1517 1672 1563 Hyginus

931 1564 971 1598 F.
998 1568 1089 1599 223:
1130 1567 1246 1600 latum
1275 1567 1382 1608 pedes
1414 1565 1538 1608 XXV„
1575 1565 1670 1599 adeo

932 1615 975 1646 ut
1000 1624 1298 1657 supervacanea,
1336 1612 1408 1647 etsi
1440 1623 1509 1657 per
1542 1623 1582 1646 88
1612 1623 1671 1646 re-

930 1661 1009 1702 cta,
1048 1661 1096 1694 sit
1128 1660 1292 1694 Bentleii
1327 1660 1424 1694 coni.
1450 1670 1473 1693 a
1498 1659 1675 1694 Gonodio

931 1711 1082 1751 recepta
1109 1709 1241 1742 laetior.
1266 1726 1311 1732 —
1335 1709 1492 1748 vinoque
1517 1705 1668 1748 diurno]

933 1755 1146 1795 „conviviis
1192 1754 1445 1798 tempestivis3
1493 1753 1668 1797 indulge-

930 1801 1021 1834 bant
1045 1802 1146 1835 enim
1172 1801 1328 1834 Genio.“
1359 1800 1452 1844 Epp.
1473 1802 1505 1842 1,
1525 1801 1581 1842 19,
1600 1801 1640 1833 11
1658 1811 1667 1833 :

929 1849 1115 1881 Nocturno
1165 1850 1307 1881 certare
1363 1856 1481 1890 mero,
1535 1850 1668 1888 putere

929 1896 1072 1928 diurno.
1113 1914 1156 1919 —-
1199 1896 1350 1928 Placari
1397 1895 1532 1928 Genius
1580 1894 1666 1938 cet.]

930 1941 1006 1975 cfr.
1039 1942 1131 1986 Epp.
1166 1944 1207 1984 2,
1244 1945 1282 1984 1,
1318 1944 1397 1975 144.
1428 1960 1471 1965 -
1505 1940 1668 1984 impune]

931 2000 1031 2031 „nec
1065 2000 1168 2024 more
1202 1989 1276 2023 iam
1308 1999 1380 2023 nec
1417 1989 1500 2033 lege
1533 1988 1572 2022 id
1604 1998 1668 2022 ve·

929 2037 1078 2079 tante;“
1109 2037 1212 2079 „sine
1230 2038 1332 2071 metu
1357 2036 1521 2070 alicuius
1547 2038 1584 2070 et
1607 2046 1669 2070 re·

930 2085 1131 2118 verentia.“
1169 2084 1297 2118 Comi.
1324 2083 1444 2122 GRUQ.
1471 2102 1515 2107 ——
1542 2091 1668 2116 nume-

928 2133 1051 2172 risque
1075 2131 1278 2174 modisque]
1305 2130 1511 2176 „rhythmis
1529 2141 1572 2164 ac
1589 2141 1667 2164 mo-

929 2179 1219 2213 dulationibus.“
1265 2178 1406 2212 GLOSS.
1449 2177 1597 2212 Codicis
1625 2177 1666 2211 Τ.

931 2226 1005 2260 cfr.
1037 2226 1131 2271 Epp.
1166 2229 1205 2268 2,
1240 2228 1281 2268 2,
1318 2227 1396 2259 144.
1422 2244 1466 2249 -
1493 2227 1668 2259 Indoctus

930 2274 1020 2316 cet.]
1065 2273 1290 2316 „Quomodo
1332 2273 1482 2315 enim‚“
1525 2272 1664 2316 inquit,

931 2321 1104 2364 „indocta
1129 2324 1242 2365 atque
1266 2320 1360 2354 mire
1387 2319 1544 2354 confusa
1572 2320 1666 2353 haec

928 2368 1130 2402 multitudo
1155 2378 1266 2402 verae
1291 2378 1335 2402 ac
1367 2366 1551 2411 simplicis
1582 2377 1666 2400 mu-

930 2416 1028 2450 sicae
1055 2426 1207 2449 sensum
1225 2425 1268 2448 ac
1285 2414 1467 2448 iudicium
1484 2413 1665 2448 retinuis-

930 2464 1012 2496 set?
1044 2463 1160 2496 Immo
1194 2462 1337 2507 ingenti
1369 2472 1461 2495 80110
1487 2460 1665 2505 strepitu-

930 2521 1003 2555 que
1030 2510 1207 2544 tibiarum
1233 2509 1420 2554 gaudebat
1446 2509 1590 2542 turba.“
1617 2525 1665 2532 —-

930 2559 1090 2598 liberque
1129 2556 1314 2599 laborum]
1370 2566 1486 2598 „cum
1530 2554 1664 2589 diebus

927 2605 1032 2639 festis
1055 2604 1101 2638 ab
1121 2614 1231 2648 opere
1251 2602 1400 2648 {rustico
1418 2603 1664 2647 requiescens

929 2652 1042 2686 unice
1090 2652 1318 2696 voluptatem
1373 2652 1410 2684 et
1465 2650 1663 2684 oculorum

928 2700 1153 2743 auriumque
1183 2698 1471 2733 oblectationem
1503 2707 1665 2741 quaere-
