1786 2912
159 140 255 205 ¹98v

677 141 886 176 HORATII
911 141 1194 178 SATIRARUM

293 241 473 298 Singula
497 242 600 299 quid
619 243 884 286 memorem?
916 258 999 300 quo
1030 247 1156 300 pacto
1179 245 1342 288 alterna
1361 245 1586 302 loquentes
1631 247 1688 288 40

264 351 267 353 ,
290 314 479 357 Umbrae
510 328 605 356 011111
637 313 807 370 Sagana
837 319 1085 358 resonarent
1114 316 1238 358 triste
1270 320 1313 359 et
1343 320 1533 371 acutum,

290 384 432 441 thue
462 386 554 442 lupi
584 385 761 428 barbam
791 385 935 429 variae
967 400 1063 428 cum
1094 385 1221 430 dente
1253 387 1450 431 colubrae

291 456 549 499 Abdiderint
579 456 725 498 furtim
756 457 903 511 terris,
936 459 979 500 et
1009 457 1196 514 imagine
1228 473 1352 501 cerea

290 527 475 584 Largior
505 528 658 570 arserit
688 528 820 584 ignis,
855 531 897 570 et
928 531 975 570 ut
1006 542 1092 570 non
1122 529 1246 571 testis
1277 530 1438 571 inultus

290 598 543 642 Horruerim
573 612 700 642 voces
732 598 959 641 Furiarum
990 603 1034 642 et
1064 599 1177 642 facta
1206 600 1408 643 duarum:

1631 600 1689 642 45

290 669 421 724 Nam,
454 670 642 727 displosa
673 674 795 712 sonat
826 675 1032 727 quantum
1063 672 1225 725 vesica,
1257 672 1414 728 pepedi

290 740 468 784 Diffissa
498 745 599 784 nate
630 741 755 783 ficus:
789 745 833 785 at
863 741 962 784 illae
994 756 1162 786 currere
1193 743 1239 784 in
1258 743 1432 786 urbem.

267 861 325 893 41.
365 862 579 893 resonarem
616 859 739 904 bScdp
764 862 816 904 ,01
854 870 983 894 omnes
1021 860 1207 903 Pottierii,
1248 860 1399 895 LCtFJ:
1439 862 1644 895 resonarint

220 907 417 941 Bentleius
452 907 550 941 coni.
576 909 613 941 et
637 906 685 940 M.
721 926 764 930 —
799 909 855 940 45.
882 909 1103 941 Horruerim
1136 907 1260 952 bScdp
1287 910 1324 942 et
1349 919 1478 942 omnes
1503 908 1643 942 Pottie-

219 954 280 997 rii,
305 953 384 988 Lot
408 965 453 988 ac
478 954 693 988 Bentleius:

171 1063 214 1094 ut
238 1061 269 1094 is
296 1071 396 1094 unus
427 1061 536 1095 homo
564 1061 614 1095 sit
638 1063 675 1095 et
699 1060 907 1106 particulae

173 1111 343 1149 et--que
370 1108 442 1142 sibi
474 1107 740 1152 respondeant.
789 1107 906 1142 Immo

172 1157 294 1189 Iulius
307 1155 470 1189 Pediatii
496 1158 638 1189 amator
662 1155 781 1189 fuisse
805 1155 908 1189 vide-

172 1205 254 1244 tur,
291 1204 334 1236 ut
370 1205 481 1247 poeta
517 1203 674 1236 irrideat
710 1214 778 1247 par
814 1205 907 1238 tunc

173 1250 347 1284 omnibus
381 1253 523 1284 notum.
550 1269 595 1274 —
627 1252 759 1291 surque
795 1251 907 1283 Vora-

171 1297 262 1340 nus]
303 1296 445 1340 „Aiunt
476 1297 669 1331 Voranum
696 1297 739 1337 Q.
765 1297 908 1332 Lutatii

173 1344 298 1379 Catuli
332 1344 510 1378 libertum
542 1344 663 1378 fuisse
689 1345 781 1378 adeo
806 1344 908 1379 fura-

173 1402 265 1434 cem,
291 1394 332 1425 ut
349 1403 521 1426 nummos
544 1391 743 1436 subreptos
762 1403 783 1425 a
801 1402 907 1425 num-

172 1439 335 1473 mulario
372 1440 413 1472 in
450 1440 597 1474 calceos
636 1439 849 1482 demiserit3
887 1450 908 1474 a

175 1498 250 1532 quo
277 1498 361 1520 cum
388 1486 647 1531 deprehensus
673 1489 791 1529 esset,
827 1487 908 1530 qui-

173 1534 257 1568 dam
277 1533 490 1575 subridens,
515 1533 632 1575 Belle,
659 1533 795 1578 inquit,
822 1535 853 1568 si
872 1537 908 1567 te

173 1592 250 1615 non
276 1578 510 1622 ἐκχαλκεύει,
543 1581 614 1614 hoc
641 1583 715 1622 est,
741 1581 907 1614 verberi-

172 1629 244 1663 bus
278 1630 466 1673 tamquam
500 1638 563 1662 aes
597 1628 772 1669 recudat,
811 1628 907 1661 allu-

173 1676 266 1710 dens
293 1675 340 1710 ad
365 1675 545 1710 calceos.“
582 1674 712 1708 COMM.
739 1675 859 1713 CRUQ.

222 1725 344 1756 41-43.
370 1722 608 1765 resonarent]
642 1721 907 1766 Imperfectum

174 1773 276 1805 10010
303 1781 342 1804 se
367 1770 499 1804 habet:
531 1780 600 1814 per
634 1771 748 1803 totam
780 1770 909 1803 incan-

173 1818 396 1860 tationem;“
447 1819 578 1851 contra
627 1817 707 1860 lupi
754 1817 910 1850 barbam

175 1865 290 1900 semel
326 1864 563 1899 abdiderunt.
612 1863 814 1897 Praeterea
839 1863 907 1897 du-

173 1913 237 1947 bia
270 1913 327 1946 est
358 1913 479 1946 forma
507 1911 730 1946 Bentleiana
759 1919 909 1944 resona-

159 1961 250 1993 ·rint
290 1970 358 2004 pro
399 1960 640 1992 resonuerim.
676 1976 724 1982 -—
766 1959 908 2000 „trista

175 2007 337 2052 lugubre
375 2009 412 2040 et
451 2005 707 2040 metuendum.
749 2008 909 2039 acutum.

175 2058 311 2097 tenue,
345 2054 503 2096 subtile,
530 2054 619 2098 quia
645 2054 726 2087 sine
752 2063 909 2097 corpore

177 2080 605 2136 01111110110111111·1100051.ιι
634 2099 761 2134 Coma.
789 2099 909 2138 ORUQ.

174 2149 436 2191 Heliodor.6,
473 2149 527 2182 15.
561 2159 599 2192 p.
630 2149 712 2181 251.
750 2146 853 2181 Oor.·
888 2144 911 2180 ὁ

176 2174 476 2250 νεκρὸς--βαῖρύ
494 2206 529 2228 τι
545 2196 612 2227 καὶ
636 2194 799 2238 δυσηχὲς
816 2191 911 2227 ὑπο-

177 2245 390 2290 τρὶζων--ο
379 2238 453 2286 ’φη
478 2242 555 2276 κτλ.
572 2261 619 2266 -
640 2243 717 2284 lupi
742 2242 908 2285 barbam]

176 2291 274 2324 Plin.
300 2290 346 2324 H.
371 2290 414 2324 N.
442 2292 506 2333 28,
542 2292 607 2323 44.
644 2290 827 2332 Veneno-iis
851 2298 911 2322 ro-

175 2341 293 2371 strum
336 2339 413 2379 lupi
455 2316 623 2371 relinere
671 2338 912 2370 inveteratum

177 2387 282 2419 aium
324 2387 367 2418 ob
415 2386 525 2425 idque
573 2385 749 2417 villarum
795 2385 911 2425 portis

175 2434 396 2474 praefluunt.
445 2432 527 2465 Hoc
568 2431 684 2476 igitur
726 2431 911 2473 fecerunt,

178 2483 221 2514 ut
260 2479 386 2513 irritas
427 2479 630 2512 redderent
675 2477 912 2512 adversariae

176 2527 341 2561 alicuius
375 2525 662 2560 incantationes.
710 2525 769 2558 Ad
800 2525 913 2559 verba

178 2575 349 2608 Di'intzer
374 2575 476 2607 recte
503 2575 694 2617 comparat
718 2572 792 2607 Sat.
822 2575 852 2616 1,
882 2576 912 2615 1,

180 2624 243 2655 41:
284 2621 674 2661 immensum-arveum·
706 2622 850 2661 pondus
882 2622 914 2653 et

181 2670 265 2701 auri
297 2669 439 2702 Furtim
475 2669 619 2710 defossa
655 2667 821 2700 timidum
853 2668 912 2700 de-

179 2724 312 2756 ponere
339 2719 451 2749 terra.
481 2714 654 2749 Ceterum
671 2714 742 2749 hoc
761 2725 912 2759 quoque

723 956 915 988 Obruerim
940 965 986 989 ex
1011 966 1088 989 uno
1114 955 1245 989 codice·
1267 955 1343 989 Fea
1367 958 1404 990 et
1428 955 1475 988 M.

957 1061 1076 1103 inest,
1109 1061 1371 1096 huiuscemodi
1403 1061 1499 1096 ritus
1525 1061 1690 1096 nefarios

957 1119 1086 1142 omnes
1119 1110 1266 1152 furtim,
1302 1119 1414 1154 quam
1446 1108 1604 1143 maxime
1631 1119 1692 1144 oc-

956 1156 1068 1200 culte,
1085 1156 1321 1201 peragendos
1339 1156 1468 1190 fuisse.
1487 1175 1530 1180 —
1547 1155 1692 1199 variae]

958 1203 1226 1245 „maculosae.“
1244 1203 1372 1237 COMM.
1384 1203 1504 1242 ORUQ.
1517 1222 1560 1227 —
1572 1204 1692 1247 cerea]

956 1250 1204 1295 dissyllabum
1227 1262 1295 1295 per
1322 1251 1522 1296 synizesin,
1548 1253 1591 1284 ut
1617 1250 1692 1284 Sat.

956 1299 996 1340 2,
1029 1299 1070 1340 2,
1105 1299 1169 1331 21:
1202 1301 1336 1332 ostrea.
1383 1297 1488 1343 Virg.
1514 1298 1608 1332 Aen.
1637 1299 1692 1340 10,

959 1347 1046 1378 116:
1073 1354 1199 1378 aureo.

1005 1393 1124 1426 45-50.
1174 1392 1420 1435 Horruem‘m]
1461 1391 1559 1426 Feae
1595 1391 1692 1425 illud

958 1440 1158 1480 obruerim,
1183 1439 1255 1474 etsi
1280 1450 1348 1484 per
1375 1450 1414 1474 se
1440 1439 1692 1474 rectissimum

958 1487 1151 1531 („repente
1184 1486 1358 1529 fecerim,
1396 1489 1440 1520 ut
1465 1489 1502 1521 01
1527 1486 1693 1521 obmute-

958 1536 1108 1568 scerent
1127 1537 1164 1568 et
1181 1545 1276 1578 opus
1303 1545 1413 1568 suum
1438 1534 1692 1578 interrumpe-

957 1581 1101 1623 rent“),
1139 1581 1297 1615 debetur
1330 1583 1455 1615 tamen
1488 1581 1692 1625 interpola-

957 1628 1050 1670 tori,
1092 1639 1135 1662 ac
1177 1628 1286 1672 longe
1325 1627 1598 1673 significantior
1635 1631 1693 1662 est

957 1674 1106 1708 diversa
1130 1675 1278 1709 Horatii
1310 1675 1508 1709 sententia.
1560 1675 1693 1717 „Pria-

956 1733 1028 1766 pus
1055 1732 1161 1756 sacra
1188 1722 1255 1756 illa
1279 1722 1426 1768 magica
1451 1722 1692 1766 conspicatus

958 1770 1116 1803 horrore
1132 1769 1386 1813 perfunditur,
1402 1779 1492 1813 prae
1511 1780 1586 1814 quo
1604 1770 1692 1804 hor-

959 1827 1044 1850 rore
1062 1817 1097 1850 ei
1115 1816 1254 1850 accidit
1277 1815 1327 1859 id,
1354 1816 1457 1860 quod
1474 1827 1588 1851 versu
1613 1826 1692 1861 seq.

957 1866 1153 1906 narratur3
1195 1863 1298 1908 quod
1336 1874 1421 1897 cum
1461 1864 1555 1908 ipsis
1594 1865 1692 1909 sagis

956 1913 1101 1945 tantum
1126 1912 1322 1945 horrorem
1346 1911 1555 1954 incuteret,
1586 1913 1629 1945 ut
1652 1911 1692 1945 in

957 1958 1082 2003 fugam
1109 1969 1191 1992 sese
1217 1958 1370 2001 darent,
1394 1960 1507 2002 poeta
1531 1958 1692 1992 ridicule

958 2006 1028 2039 hoc
1047 2005 1255 2040 ulciscendi
1276 2005 1447 2040 horroris
1466 2015 1590 2048 causa,
1616 2016 1692 2050 quo

958 2052 1118 2097 Priapus
1143 2053 1344 2097 perculsus
1361 2054 1472 2095 esset,
1497 2052 1544 2087 ab
1570 2063 1614 2087 eo
1639 2052 1693 2086 fa-

959 2102 1059 2134 ctum
1101 2100 1243 2145 fingit.“
1293 2099 1605 2134 Mirscnnnmcn.
1648 2119 1692 2123 —

958 2148 1182 2191 Furiarum]
1224 2157 1409 2192 sagarum.
1459 2146 1521 2181 Sic
1559 2147 1692 2181 Cicero

958 2195 1159 2239 aliquoties
1184 2194 1226 2228 P.
1253 2194 1425 2229 Clodium
1455 2196 1608 2228 Furiam
1631 2205 1694 2228 vo-

960 2244 1029 2284 cat,
1055 2243 1108 2276 sic
1133 2242 1334 2296 Euripides
1361 2241 1424 2275 Or.
1454 2243 1557 2276 1389.
1582 2241 1694 2275 Hele-

960 2300 1045 2323 nam
1079 2285 1284 2336 περγάμων
1312 2286 1568 2322 Ἀπολλωνίων
1596 2285 1694 2334 Ερι-

959 2333 1039 2370 νύν.
1081 2356 1124 2361 -
1166 2336 1347 2379 displosa]
1395 2345 1510 2378 „cum
1550 2336 1693 2380 impetu

960 2383 1164 2429 disrupta.“
1197 2383 1340 2416 Senon.
1366 2382 1519 2417 Lucret.
1546 2384 1578 2425 6,
1607 2384 1693 2416 130:

958 2432 1072 2472 plena
1096 2432 1242 2464 animae
1259 2431 1419 2464 vesicula
1440 2438 1562 2472 parva
1570 2408 1693 2471 ⁷Saepe

960 2479 1014 2511 ita
1051 2480 1114 2512 dat
1151 2479 1295 2519 pariter
1334 2478 1493 2510 sonitum
1533 2478 1693 2519 displosa

960 2528 1117 2567 repente.
1144 2544 1187 2548 —
1212 2525 1322 2567 ficus]
1358 2526 1487 2569 utpote
1514 2523 1614 2569 quod
1645 2523 1695 2557 sit

961 2573 1106 2617 lignum
1142 2582 1368 2617 magnopere
1406 2571 1534 2605 fissile.
1574 2590 1616 2594 —
1654 2572 1694 2603 in

960 2620 1100 2663 urbem]
1133 2618 1242 2653 Horti
1276 2619 1375 2652 enim
1408 2617 1693 2660 Maecenatiani,

961 2667 1026 2700 ubi
1060 2677 1173 2701 scena
1208 2664 1321 2700 liuius
1359 2665 1571 2710 tragoediae
1609 2664 1694 2706 fuit,

962 2717 1065 2749 extra
1091 2713 1222 2747 urbem
1248 2715 1372 2755 erant,
1398 2722 1626 2757 quamquam
1651 2711 1691 2745 in
