1774 2930
690 145 785 180 Ans
807 142 1031 180 Pon‘rIOA.

1531 141 1615 184 527

223 250 321 294 Neu
349 263 532 307 pransae
560 247 737 290 Lamiae
766 245 913 288 vivum
943 258 1123 302 puerum
1153 241 1351 286 extrahat
1382 241 1492 284 alvo.
1531 242 1618 283 340

225 321 456 365 Centuriae
487 319 703 362 seniorum
732 316 896 372 agitant
926 315 1122 371 expertia
1150 313 1306 370 frugis,

227 391 344 435 Celsi
371 393 643 448 praetereunt
673 391 845 431 austera
873 389 1073 443 poemata
1099 384 1312 427 Ramnes:

227 462 365 506 Omne
395 461 493 503 tulit
523 463 748 518 punctum,
781 458 854 514 qui
883 457 1055 499 miscuit
1084 455 1190 498 utile
1222 454 1334 497 dulei

224 533 452 576 Lectorem
481 529 731 574 delectando
761 529 1006 584 pariterque
1035 525 1269 579 monend03

225 603 312 646 Hie
339 605 477 645 meret
506 615 607 644 aera
634 600 744 642 liber
775 599 933 653 Sosiis;
964 598 1034 640 hio
1065 602 1109 640 et
1138 611 1255 639 mare
1286 596 1439 638 transit

1535 595 1620 636 345
1646 613 1651 616 ’

225 673 285 718 Et
312 674 491 729 longum
519 676 622 714 uoto
653 670 849 726 scriptori
880 672 1083 726 prorogat
1114 682 1280 710 aevum.

156 835 212 868 Ne
235 831 367 874 ΒΒΤο,
399 830 594 865 Bentleius
619 832 658 864 et
681 827 755 863 HJ.
779 845 827 853 —
849 829 937 861 vetit
962 827 1037 869 Bd,
1069 826 1251 861 tredecim
1277 825 1387 871 Regii
1420 825 1575 870 aliique,

156 881 245 915 vetis
268 879 312 913 Τ.
338 878 412 921 (Ut
436 889 517 920 nos,
542 876 640 920 beo.)

110 1015 197 1050 dem
228 1011 437 1048 ἀσύνδετον
468 1021 514 1046 ne
545 1013 669 1046 minus
695 1011 842 1056 placet:

139 1072 209 1096 uae
235 1064 335 1096 esset
359 1056 508 1095 vetandi
530 1059 728 1104 particula,
755 1069 843 1098 non,

113 1072 177 1142 gra
211 1104 269 1152 μή
305 1110 405 1142 dass
441 1108 574 1140 nient.
607 1125 653 1130 —
683 1114 844 1147 pransae

111 1155 279 1198 Lamiae]
306 1154 456 1197 „Lamia
480 1156 539 1188 est
554 1155 764 1187 monstrum
782 1163 844 1186 su·

111 1213 231 1248 perne
246 1202 389 1236 habens
407 1202 570 1246 speeiem
587 1200 771 1241 mulieris,
787 1200 845 1232 in-

113 1250 219 1284 ferne
245 1259 334 1283 vero
358 1248 498 1282 desinit
523 1248 563 1282 in
588 1247 704 1292 pedes
730 1246 845 1281 asini-

114 1306 196 1331 nos.
200 1296 218 1314 ²
254 1295 382 1330 Con.
408 1294 528 1334 Cano.
564 1295 644 1328 Hae
670 1293 845 1327 diceban-

114 1345 178 1378 tur
201 1354 341 1388 pueros
365 1342 425 1376 vel
441 1342 620 1376 devorare
638 1341 698 1375 vel
715 1351 846 1374 eorum

114 1390 338 1435 sanguinem
354 1400 555 1434 exsugere;
580 1388 680 1422 unde
704 1391 746 1421 ut
762 1387 847 1420 Em-

77 1476 82 1479 *
114 1448 211 1482 pusa
234 1447 278 1471 ao
293 1436 435 1471 Hormo
459 1436 660 1470 infantium
688 1434 846 1468 terricu-

114 1484 279 1519 lamenta
303 1486 422 1518 erant.

163 1533 248 1564 341-
250 1533 331 1565 346.
355 1531 546 1564 centuriae
561 1530 745 1562 seniorum
762 1527 846 1571 eet]

114 1577 160 1611 In
194 1577 378 1611 elassibus
410 1587 433 1610 a
465 1576 594 1610 Servio
629 1575 755 1609 Tullio
787 1574 846 1608 in-

116 1625 258 1659 stitutis
284 1634 432 1666 omnes,
458 1624 523 1667 qui
549 1633 689 1656 annum
714 1622 847 1656 aetatis

114 1669 231 1704 XLV.
249 1670 393 1716 egressi
410 1672 530 1712 erant,
548 1669 741 1704 seniorum
758 1680 847 1703 cen·

116 1717 229 1752 turiis
252 1717 610 1753 adnumerabantur.
643 1715 747 1758 „Viri
773 1716 847 1750 iam

115 1764 255 1799 maturi
279 1765 469 1809 exagitant
501 1766 539 1798 et
563 1762 849 1807 reprehendunt

115 1813 290 1856 poemata
324 1811 438 1846 nimis
475 1811 602 1845 iocosa
638 1813 676 1844 et
714 1820 848 1855 parum

116 1858 368 1903 sententiosa3
394 1861 526 1892 eontra
540 1857 719 1900 Ramnes,
742 1857 849 1902 equi-

118 1908 177 1939 tes
200 1905 382 1947 iuniores,
409 1906 519 1950 (quos
538 1906 725 1938 Trossutos
741 1907 849 1938 vocat

118 1951 275 1986 Persius
303 1954 341 1993 1,
366 1952 439 1994 82.)
472 1962 550 1985 uon
578 1953 659 1985 sine
686 1952 848 1996 quodam

118 1997 221 2032 futu
254 2001 368 2042 atque
400 1998 615 2043 arrogantia
638 2009 706 2042 per
730 2009 848 2042 popu-

119 2045 199 2079 lum
210 2045 490 2086 incedentes‚ut
496 2045 640 2078 faciunt
648 2045 803 2078 iuvenes
814 2048 850 2078 et

120 2091 235 2126 validi
261 2094 298 2126 et
314 2092 534 2135 locupletes,
560 2094 746 2135 spernunt
760 2093 849 2135 poe-

119 2142 219 2173 mata
243 2139 356 2172 nimis
382 2139 480 2172 seria
502 2138 684 2182 nulloque
703 2148 850 2178 φαντα-

120 2187 210 2228 σίας
225 2188 360 2220 ornatu
377 2196 417 2219 se
435 2185 765 2219 commendantia.“
784 2184 849 2218 At-

122 2243 195 2277 que
205 2233 491 2267 adotescentulos
503 2235 610 2266 vocat
623 2232 770 2276 equites
778 2231 851 2266 Ro-

120 2290 272 2322 manos,
320 2279 475 2324 proprie
524 2279 663 2321 dictos,
712 2279 851 2323 quibus

122 2337 285 2417 {gg-¹⁸2?
287 2326 437 2416 1218’113‘1313
463 2326 786 2415 ιιι-αὺπέῗηέἰὲἓιιξ).
804 2326 850 2408 (ἐξ

122 2419 234 2454 Petit.
267 2420 378 2454 Cons.
417 2421 458 2461 8,
491 2422 554 2454 33:
594 2421 758 2454 Primum
794 2429 851 2454 co·

124 2468 283 2508 anoscito
309 2468 461 2507 equites‚·
491 2468 603 2508 pauci
627 2469 721 2500 enim
744 2470 853 2500 sunt.-

123 2514 252 2547 deinde
287 2515 468 2555 appetitm·
507 2515 623 2547 mutto
665 2516 759 2547 enim
794 2516 852 2556 [α-

124 2561 229 2594 citius
284 2562 354 2594 itta
413 2562 852 2594 adolescentulorum

122 2607 174 2640 ad
197 2604 398 2641 amicitiam
427 2610 529 2642 aetas
554 2609 780 2650 adiunqitur.
808 2628 850 2632 —

126 2652 320 2689 Vocabulo
352 2658 475 2689 autem
508 2655 631 2689 medio
655 2656 743 2689 celsi
766 2656 802 2689 h.
827 2655 851 2689 l.

126 2700 257 2735 subest
286 2702 409 2736 ironia
442 2702 644 2747 quaedam,
677 2704 720 2736 ut
752 2702 851 2747 apud

893 1009 969 1043 Cic.
996 1009 1042 1043 de
1067 1007 1170 1043 Orat.
1198 1011 1230 1051 1,
1256 1010 1312 1050 40,
1340 1009 1428 1041 184:
1462 1009 1566 1041 Haec
1590 1010 1623 1041 et

891 1058 1022 1090 horum
1054 1057 1193 1089 similia
1223 1057 1313 1089 iura
1344 1064 1434 1089 suae
1467 1056 1624 1088 civitatis

890 1105 1119 1146 ianorantem
1174 1105 1333 1136 erectum
1381 1105 1414 1136 et
1463 1103 1626 1136 celsum

893 1152 1013 1185 alacri
1038 1154 1070 1184 et
1102 1152 1270 1192 prompto
1306 1159 1368 1183 ore
1392 1152 1502 1191 atque
1525 1150 1625 1183 voltu

895 1199 964 1231 huc
988 1201 1099 1239 atque
1124 1198 1213 1231 illuc
1240 1198 1439 1231 intuentem
1462 1198 1594 1238 vaaari
1610 1214 1625 1221 ·

893 1248 1000 1278 -toto
1033 1246 1115 1286 soro
1133 1263 1148 1269 -
1166 1263 1181 1269 -
1198 1253 1317 1278 nonne
1350 1245 1527 1286 imprimis
1557 1245 1626 1285 lta-

894 1293 1062 1333 qitiosum
1092 1293 1300 1333 putandum
1334 1293 1410 1325 est?
1442 1310 1484 1315 —
1515 1299 1626 1332 prae-

894 1340 1059 1382 tereunt]
1105 1339 1349 1383 „spernunt“
1391 1337 1551 1372 Martial.
1594 1341 1626 1377 1,

895 1388 962 1427 25,
989 1387 1029 1419 2:
1051 1387 1181 1428 profer
1205 1394 1313 1427 opus,
1347 1386 1452 1427 Quod
1475 1393 1542 1419 nec
1566 1387 1627 1419 Ce-

895 1436 1041 1475 cropiae
1074 1435 1245 1466 damnent
1279 1433 1480 1466 Pandionis
1512 1441 1624 1474 arces,

894 1482 968 1514 Nec
1000 1482 1132 1513 sileant
1165 1482 1282 1513 nostri
1311 1481 1627 1521 praetereant-

896 1536 966 1568 que
989 1537 1102 1561 senes.
1121 1546 1163 1550 —
1190 1526 1263 1566 Qui
1288 1529 1447 1560 Ramnes
1471 1526 1625 1571 proprie

896 1574 987 1608 dicti
1005 1586 1052 1609 ex
1068 1574 1257 1608 communi
1276 1574 1455 1619 opinione
1473 1573 1628 1613 fuerint,

896 1621 999 1656 disee
1034 1632 1080 1655 ex
1111 1621 1220 1655 Livio
1257 1624 1294 1663 l,
1330 1623 1394 1654 13:
1433 1621 1628 1655 centuriae

896 1671 968 1702 tres
995 1670 1155 1709 equitum
1179 1670 1407 1710 conscriptae
1430 1670 1527 1701 sunt.
1551 1669 1628 1701 Ra-

896 1724 1059 1749 mnenses
1091 1716 1138 1748 ab
1171 1717 1347 1757 Romulo,
1383 1716 1429 1748 ab
1461 1716 1498 1748 T.
1525 1716 1628 1749 Tatio

897 1764 1066 1796 Titienses
1108 1763 1299 1804 appellati.
1349 1763 1528 1796 Lucerum
1564 1771 1628 1795 no-

895 1811 1003 1843 minis
1030 1813 1063 1843 et
1089 1811 1240 1851 oriqinis
1258 1818 1371 1843 causa
1395 1810 1540 1843 incerta
1564 1811 1627 1842 est.

898 1876 941 1880 —
970 1858 1083 1890 Omne
1120 1858 1204 1890 tutit
1237 1856 1439 1899 punctum]
1477 1856 1628 1890 Anthol.

895 1903 976 1937 Lat.
1010 1903 1149 1949 Meyeri
1175 1902 1220 1937 N.
1255 1905 1344 1945 780,
1377 1905 1418 1937 3:
1449 1905 1629 1945 Suffraui-

897 1960 1002 1984 orum
1047 1953 1185 1992 puncta
1233 1960 1305 1984 non
1354 1952 1438 1984 tulit
1482 1953 1628 1992 septem.

897 1997 1003 2031 Conf.
1029 1998 1122 2042 Epp.
1140 2000 1173 2039 2,
1196 2000 1229 2039 2,
1255 2001 1312 2032 99.
1338 2001 1375 2032 et
1391 1997 1631 2042 Epigramma

898 2044 938 2077 in
963 2044 1104 2077 Rufum
1138 2044 1184 2078 ad
1211 2044 1286 2078 Sat.
1320 2046 1360 2086 2,
1390 2046 1431 2086 2,
1457 2047 1514 2077 50.
1563 2044 1631 2079 Est

898 2091 1034 2135 igitur:
1070 2090 1230 2133 „Omnes
1257 2102 1343 2125 eum
1368 2091 1543 2125 laudibus
1568 2102 1630 2126 ee-

898 2137 1081 2171 lebrant.“
1102 2157 1144 2162 —-
1168 2138 1271 2181 utile]
1296 2137 1347 2171 Ut
1370 2138 1511 2172 nostris
1537 2141 1629 2172 tem-

897 2185 1073 2229 poribus,
1120 2186 1175 2219 sio
1221 2185 1450 2230 antiquitus,
1496 2196 1631 2231 magna

898 2235 980 2266 erat
1003 2232 1271 2274 controversia,
1297 2235 1486 2277 quatenus
1502 2233 1630 2277 poEsis

899 2289 976 2313 non
1002 2279 1123 2313 solum
1140 2279 1335 2324 proprium
1353 2282 1390 2314 et
1415 2290 1525 2314 suum
1550 2291 1629 2314 mu-

899 2337 971 2360 nus
997 2326 1195 2368 conficere,
1220 2338 1349 2360 verum
1376 2327 1488 2361 etiam
1514 2338 1629 2362 sensu

899 2371 1025 2419 ἠθικῷ
1042 2374 1148 2407 utilis
1172 2384 1255 2408 esse
1272 2373 1437 2408 deberet.
1455 2393 1500 2398 —-
1517 2378 1630 2408 meret

900 2421 1005 2464 aera]
1023 2421 1177 2465 proprie
1195 2420 1241 2454 de
1257 2421 1422 2455 militum
1439 2421 1628 2465 stipendio

899 2470 1012 2512 atque
1054 2468 1310 2512 operariorum
1357 2468 1542 2503 mercede.
1583 2487 1631 2492 —

897 2515 1030 2557 Sosiis]
1062 2515 1138 2549 Cfr.
1171 2515 1263 2559 Epp.
1292 2518 1331 2558 1,
1364 2517 1428 2558 20,
1463 2517 1496 2548 2.
1548 2515 1631 2556 „Bi-

898 2561 1076 2606 bliopolis
1101 2563 1286 2607 insignem
1310 2565 1507 2607 quaestum
1524 2562 1631 2596 affert

899 2619 1031 2652 poema
1063 2608 1237 2642 bonum!
1266 2628 1309 2633 —
1335 2618 1439 2642 mare
1475 2610 1629 2652 transit]

900 2655 976 2689 Cfr.
1010 2655 1102 2700 Epp.
1138 2657 1275 2698 1,20‚
1314 2658 1369 2689 13.
1405 2675 1446 2679 -
1483 2657 1630 2698 lonqum

897 2701 1075 2744 proroaat
1093 2703 1236 2745 aevum]
1255 2706 1463 2747 „prorogat‚
1488 2706 1531 2737 ut
1547 2704 1629 2737 lon-
