1786 2912
673 149 771 184 «Lm.
794 147 824 184 1:
873 147 976 183 SAT.
1000 146 1066 181 X.'

1534 144 1618 187 123

223 251 388 294 Fuscus
416 254 463 305 et
491 251 600 293 haec
626 250 791 292 utinam
821 248 1048 291 Viscorum
1078 246 1225 290 laudet
1252 246 1453 302 uterque!

222 321 470 365 Ambitione
498 322 690 377 relegata
718 323 763 363 te
793 319 935 362 dicere
965 331 1186 374 possum,.

220 393 380 446 Pollio,
411 396 475 446 te,
506 391 727 444 Messalla,
758 395 834 432 tuo
865 403 962 431 cum
992 389 1123 431 fratre
1154 388 1366 444 simulque
1560 387 1617 427 85

221 460 332 518 V‘os,
362 462 517 513 Bibule
548 467 592 506 et
624 461 765 515 Servi,
798 459 925 503 simul
954 459 1022 501 his
1053 463 1117 512 te,
1150 457 1328 501 candide
1358 456 1513 509 Furni,

222 533 473 591 Complures
505 533 632 587 alios,
665 533 813 575 doctos
845 545 926 587 ego
957 544 1064 586 quos
1096 533 1141 572 et
1172 529 1332 571 amicos

218 603 414 648 Prudens
443 608 690 661 praetere03
722 602 876 659 quibus
907 601 1033 655 haec,
1048 605 1049 609 ’
1066 603 1166 642 sunt
1197 599 1526 656 qualiacunque,

221 675 424 718 Atridere
453 675 605 728 velim,
636 673 863 726 doliturus,
897 673 934 714 si
965 672 1162 728 placeant
1194 685 1272 726 spe

219 745 422 791 Deterius
452 748 611 788 nostra.
669 743 884 796 Demetri,
916 746 1065 799 teque,
1098 740 1275 797 Tigelli,
1560 739 1618 780 90

197 870 256 903 86.
276 869 412 903 Bibule
436 871 469 902 et
491 837 598 903 Servi
620 867 810 907 Muretus,
834 865 879 900 N.
902 865 1104 907 Heinsius,
1133 864 1349 898 Bentleius:
1387 864 1512 897 Bibule·
1537 866 1570 896 el

149 917 251 950 Servi
281 914 583 960 bodp,L0t1·'MJ‚
607 915 733 948 Bibuli
756 915 860 948 Servi
884 923 1072 958 superscr-
1098 915 1131 946 el
1157 911 1194 946 S.
1225 931 1270 936 -
1305 913 1362 944 88.
1387 914 1474 943 sunt
1497 910 1569 944 bcd

150 968 188 998 et
211 962 425 998 Bentleius:
449 963 522 996 sint
548 961 610 1006 Sp,
635 960 818 995 LctFMJ.

103 1087 147 1092 ——
171 1067 329 1112 Fam]
363 1068 420 1102 De
444 1068 586 1102 Aristio
611 1067 734 1102 Fusco
757 1067 831 1101 vid.

103 1115 177 1149 Sat.
204 1117 236 1158 1,
261 1116 296 1158 9,
319 1117 376 1149 61.
391 1134 435 1140 —
464 1114 831 1157 Viscorum-uterque]

99 1162 156 1196 De
180 1162 306 1196 Viscis
331 1162 428 1196 conf.
455 1162 530 1196 Sat.
558 1164 589 1205 1,
615 1164 647 1203 9,
674 1163 729 1196 22.

148 1211 269 1243 84-90.
293 1211 494 1243 Ambitione
518 1209 696 1252 relevata]
721 1209 832 1250 „Pro-

48 1266 53 1269 *
102 1257 165 1290 cul
188 1256 356 1301 profecto
386 1257 518 1291 absum
543 1267 565 1290 a
590 1256 747 1301 gloriola
773 1265 832 1289 ca-

100 1303 251 1347 ptanda,
276 1313 360 1337 cum
377 1314 454 1346 vos,
479 1303 519 1337 in
543 1303 603 1337 his
622 1303 732 1338 etiam
756 1303 834 1347 pri-

101 1360 224 1383 mores
250 1350 429 1390 civitatis,
453 1348 723 1391 Maecenatem,
748 1350 832 1383 Asi-

104 1396 210 1429 nium
233 1396 456 1439 Pollionem,
478 1396 703 1438 Messallam,
732 1396 833 1430 inter

104 1442 244 1477 amicos
268 1454 371 1478 meos
397 1444 610 1478 enumero.“
631 1463 672 1466 —
698 1443 832 1486 Pollio]

103 1489 190 1524 vid.
215 1500 330 1535 supra
353 1501 386 1524 v.
411 1493 469 1525 42.
492 1509 540 1514 -
562 1491 747 1532 Messana,
772 1493 834 1523 tuo

104 1537 354 1581 cumfratre]
395 1537 439 1576 Q.
474 1537 592 1571 Pedio
630 1537 832 1581 Poplicola.

102 1583 159 1618 De
189 1586 353 1629 utroque
385 1584 469 1618 vide
501 1595 615 1629 supra
647 1595 679 1617 v.
707 1586 751 1618 28
777 1595 833 1628 sq.

103 1649 148 1654 —
172 1631 326 1674 meula}
365 1630 426 1665 Sic
459 1631 613 1676 scripsi,
655 1631 832 1675 quoniam

99 1687 283 1722 perquam
294 1678 567 1712 inconcinnum
581 1678 728 1712 videtur
741 1679 832 1712 hoc:

103 1733 203 1767 „vos,
228 1724 333 1767 (duo)
358 1726 483 1759 Bibuli
507 1725 693 1768 (nomen),
721 1728 753 1758 et
780 1726 831 1767 (te

102 1772 248 1814 unum),
271 1773 372 1806 serm·
395 1773 669 1816 (praenomen).
718 1772 833 1806 Bibu-

102 1818 181 1852 lum
214 1818 273 1852 vel
307 1818 464 1853 Bibulos
500 1820 632 1853 volunt
668 1830 750 1853 esse
783 1819 831 1853 M.

102 1864 298 1910 Calpurnii
314 1865 440 1899 Bibuli
458 1867 625 1900 consulis
644 1876 728 1899 cum
742 1866 832 1900 Cae-

102 1921 186 1946 sare
212 1924 244 1946 a.
269 1923 308 1946 ιι.
334 1922 364 1946 c.
390 1915 470 1946 615.
495 1913 613 1947 filium
636 1914 695 1947 vel
720 1913 831 1948 filios.

99 1958 143 1992 Id
168 1961 293 2007 tamen
318 1960 540 2001 notandum,
572 1971 605 1994 a.
632 1972 668 1994 u.
694 1971 725 1994 c.
751 1962 832 1994 723.

101 2008 178 2040 tres
219 2000 321 2040 certe
363 2007 443 2040 eius
491 1986 587 2041 filios
629 2009 831 2042 exstinctos

101 2052 230 2087 fuisse.
257 2073 300 2077 —
324 2053 449 2096 Servi]
488 2053 639 2088 Servius
672 2054 734 2087 hic
759 2056 833 2088 sor-

101 2102 201 2134 tasse
233 2100 307 2134 fuit
338 2100 416 2134 Ser.
443 2099 600 2144 Sulpicii
623 2101 710 2134 Rufi
740 2101 833 2143 leti,

103 2147 270 2181 consulis
295 2159 327 2182 a.
353 2159 389 2181 u.
417 2157 447 2182 c.
479 2149 579 2189 703„
612 2147 732 2190 filius,
766 2149 833 2192 qui

101 2193 362 2238 philosophiae
380 2197 418 2228 et
441 2194 585 2228 artibus
611 2194 833 2229 liberalibus

103 2251 253 2284 operam
285 2241 406 2276 dabat.
441 2260 484 2265 —
520 2243 671 2274 candide
703 2242 833 2285 Furni]

102 2287 143 2321 C.
156 2287 321 2322 Furnius
337 2288 602 2330 „historiarum
618 2288 690 2322 fide
705 2292 742 2322 et
760 2289 834 2322 ele-

101 2334 229 2379 gantia
237 2335 409 2369 claruit.¹‘
421 2335 549 2369 Comi.
560 2335 680 2374 CRUQ.
692 2335 731 2368 C.
739 2335 833 2368 Fur-

102 2381 191 2415 nius
207 2393 239 2415 a.
254 2393 291 2416 u.
305 2384 385 2416 725.
401 2383 533 2416 consul
551 2382 728 2416 suffectus
742 2385 833 2424 erat,

103 2429 164 2461 cui
189 2432 284 2463 teste
310 2429 453 2464 Seneca
478 2430 524 2463 de
548 2430 677 2463 Benef.
703 2432 743 2470 2,
777 2431 832 2462 25.

102 2477 331 2509 Antonianas
341 2480 467 2518 partes
478 2480 602 2510 seculo
615 2477 714 2520 apud
725 2476 833 2510 Octa-

102 2522 251 2556 vianum
288 2525 433 2556 veniam
472 2525 679 2565 impetravit
719 2523 831 2557 filius.

101 2567 204 2602 Inter
228 2570 296 2604 hos
314 2570 460 2604 Horatii
486 2571 626 2604 amicos
645 2570 832 2604 desidera·

102 2625 184 2650 mus
211 2616 403 2650 Tibullum
428 2620 465 2651 et
487 2617 745 2662 Propertium:
771 2618 832 2651 hic

103 2665 227 2696 tamen
267 2674 461 2709 nunquam
507 2666 588 2698 eius
635 2664 832 2699 familiaris

102 2708 221 2744 fuisse
244 2711 409 2754 videtur3
438 2711 546 2744 illum
572 2722 603 2745 a.
630 2723 667 2745 u.
694 2721 725 2744 c.
751 2713 831 2745 723.

880 1066 1046 1100 nondum
1071 1068 1238 1099 noverat.
1257 1083 1299 1088 —
1319 1065 1483 1098 Prudens
1504 1072 1618 1105 prae·

881 1113 1039 1156 tereo]„
1045 1113 1238 1154 consulto,
1263 1123 1341 1146 uon
1365 1122 1435 1156 per
1461 1110 1620 1145 oblivio-

880 1161 1000 1195 nem!
1027 1160 1141 1194 Addit
1156 1160 1239 1201 hoc,
1265 1170 1312 1193 ne
1331 1159 1417 1203 quis
1443 1169 1483 1192 se
1508 1168 1618 1202 prae·

880 1209 1032 1242 teritum
1050 1210 1244 1252 queratur.
1263 1225 1305 1229 —-
1324 1205 1422 1248 sunl]
1446 1205 1501 1239 De
1520 1205 1617 1238 indi-

882 1255 1001 1289 cativo
1030 1255 1128 1288 conf.
1146 1253 1326 1287 Huschke
1353 1259 1390 1286 et
1406 1253 1543 1286 Dissen
1568 1251 1616 1285 ad

881 1302 964 1335 Tib.
992 1304 1031 1343 1,
1057 1305 1098 1343 6,
1124 1303 1187 1335 66:
1231 1301 1416 1342 Quidquid
1450 1301 1525 1340 avil
1552 1300 1615 1341 (al.

882 1342 998 1390 daal),
1027 1350 1178 1389 sanquis
1205 1351 1254 1380 est
1282 1351 1402 1380 tamen
1427 1347 1495 1379 illa
1522 1349 1617 1379 tuus.

882 1414 927 1419 -—
936 1405 997 1437 spe
1011 1396 1180 1428 Πεισίας
1190 1394 1331 1436 nostra]
1344 1394 1490 1435 „minus
1502 1404 1615 1438 quam

882 1443 973 1475 mihi
999 1452 1161 1486 aequum
1188 1441 1368 1475 videm-‚⁶⁶
1412 1441 1548 1474 Ascon.
1575 1440 1615 1473 in

881 1489 1011 1523 Milon.
1030 1489 1076 1523 ed
1101 1489 1197 1522 Bait.
1222 1500 1258 1532 p.
1285 1490 1342 1531 34,
1370 1489 1432 1520 18:
1455 1489 1616 1528 petebat·

882 1545 952 1577 que
976 1536 1090 1569 nihilo
1114 1537 1272 1569 dcem-ius
1298 1535 1536 1568 consulatum.

929 1585 1050 1617 90-92.
1091 1584 1273 1624 Demetri,
1311 1585 1435 1623 teque,
1474 1582 1616 1625 Tiqelli]

881 1631 978 1664 Ante
1005 1641 1037 1663 v,
1064 1631 1226 1663 Demetri
1257 1629 1364 1663 deest
1389 1632 1442 1671 te,
1478 1629 1617 1673 „idque

880 1688 983 1711 more
1014 1677 1127 1722 plane
1151 1677 1378 1718 Horatiano,
1412 1678 1456 1709 ut
1480 1676 1555 1709 Sat.
1582 1677 1616 1718 2,

881 1726 922 1765 8,
950 1727 1012 1757 16;
1050 1725 1253 1765 Albanum,
1289 1725 1504 1762 Maecenas,
1540 1724 1616 1756 sive

880 1773 1079 1804 Falernum
1113 1772 1158 1804 Te
1190 1772 1308 1812 maqis
1345 1772 1518 1812 appositis
1555 1771 1616 1803 de-

883 1820 1007 1860 lectat,
1041 1829 1111 1863 pro
1135 1820 1210 1851 site
1235 1818 1420 1851 Albanum
1444 1819 1518 1850 sit-e
1544 1819 1616 1850 Fa-

883 1867 1035 1899 lernam.
1087 1865 1247 1899 Severus
1278 1865 1319 1898 in
1344 1865 1466 1898 Aetna
1490 1875 1524 1897 v,
1551 1866 1615 1898 81:

880 1914 1016 1955 Minos,
1056 1915 1210 1954 tuaque,
1243 1914 1377 1954 Aeaee,
1415 1914 1454 1944 in
1477 1913 1617 1944 umbris

882 1962 975 1992 Iura
999 1963 1144 2001 canunt,
1170 1970 1238 2003 pro
1265 1961 1353 2001 Tua,
1377 1961 1509 2000 Minos,
1534 1962 1617 1991 tua-

882 2016 969 2049 que,
1004 2008 1156 2040 Aeac-ef
1207 2007 1350 2039 Bm‘rl..
1379 2025 1421 2029 —-
1448 2008 1617 2047 Discipu-

884 2054 1026 2096 larum]
1052 2053 1264 2087 Ridiculam
1298 2064 1449 2087 scenam
1482 2053 1615 2086 lectori

882 2101 1002 2143 offert,
1018 2101 1229 2144 pulchellus
1248 2101 1334 2134 illos
1352 2101 1455 2134 vocis
1474 2104 1510 2133 et
1527 2110 1615 2133 can-

882 2150 942 2181 tus
967 2147 1221 2181 modulatores
1250 2148 1349 2180 inter
1382 2147 1530 2191 puellas
1554 2147 1616 2180 vel

881 2194 1068 2239 ingenuas
1087 2193 1211 2235 (ACR.)
1229 2194 1289 2227 vel
1314 2194 1444 2227 mimas
1469 2193 1614 2235 (Coun.

882 2241 965 2282 CR.)
991 2241 1199 2275 cantilenas
1231 2241 1428 2283 docentes,
1465 2251 1542 2284 qua
1574 2241 1614 2274 in

882 2288 1011 2322 schola
1043 2288 1204 2322 invicem
1237 2288 1393 2322 delicias
1425 2288 1616 2322 faciebant

882 2339 918 2368 et
943 2335 1110 2380 magistri
1143 2338 1180 2368 et
1204 2335 1425 2379 discipulae.
1476 2337 1615 2376 „Disci-

879 2384 1053 2424 pularum
1089 2382 1113 2414 i.
1148 2393 1178 2415 e.
1216 2382 1486 2427 ingenuarum,
1525 2382 1616 2426 qnia

881 2430 953 2463 hoc
978 2432 1144 2473 tempore
1159 2430 1360 2463 maximum
1384 2440 1511 2463 earum
1538 2432 1615 2463 stu-

881 2475 987 2509 dium
1011 2476 1084 2510 fuit
1106 2475 1303 2510 affectandi
1337 2477 1492 2521 lyricam
1518 2477 1613 2518 (mu-

881 2523 1012 2565 sicam)
1030 2523 1304 2568 disciplinam.“
1326 2523 1426 2556 Aen.
1451 2523 1505 2556 Ac
1523 2533 1616 2556 sane

881 2570 1042 2604 feminae
1065 2570 1277 2610 Romdnae,
1310 2571 1421 2604 etiam
1454 2570 1616 2612 nobiles,

880 2618 1036 2651 musicis
1070 2628 1221 2661 operam
1254 2617 1412 2657 dabant,
1446 2620 1487 2649 ut
1513 2616 1614 2649 Sem-

881 2665 1015 2708 pronia
1044 2665 1111 2698 illa
1144 2664 1297 2698 Salustii
1325 2664 1431 2697 Catil.
1458 2665 1521 2696 25:
1557 2664 1614 2696 lie-

881 2713 968 2744 teris
994 2712 1139 2745 Graecis
1158 2715 1191 2744 et
1207 2713 1346 2744 Latinis
1371 2712 1487 2751 docta,
1512 2711 1616 2750 psal-
