1774 2930
699 153 792 188 Lm.
815 153 864 188 11.
913 152 1064 188 EPIST.
1087 153 1119 188 1.

1515 155 1602 196 413

202 253 473 310 Pulchraque
505 257 550 296 et
581 254 743 296 exactis
773 254 997 296 minimum
1028 253 1232 296 distantia
1260 254 1413 308 miror3

202 323 320 367 Inter
349 338 459 380 quae
487 324 666 366 verbum
697 324 870 368 emicuit
900 324 938 366 si
969 324 1078 367 forte
1109 324 1310 382 decorum
1340 329 1385 367 et

204 393 251 436 Si
280 409 430 438 versus
459 395 588 451 paulo
619 395 863 438 concinnior
891 409 1002 437 unus
1035 399 1078 438 et
1109 395 1237 449 alter,

201 464 365 508 Iniuste
394 469 532 507 totum
562 465 678 508 ducit
706 465 938 521 venditque
968 469 1134 522 poema.

1546 467 1600 508 75

201 535 405 592 Indignor
435 535 665 592 quidquam
695 536 971 592 reprehendi,
1002 540 1089 579 non
1121 536 1222 592 quia
1251 550 1394 579 crasse

202 605 496 662 Compositum
526 606 754 663 illepideve
783 611 976 663 putetur,
1010 607 1086 649 sed
1117 607 1218 663 quia
1247 620 1406 663 nuper3

200 675 291 719 Nec
319 677 489 719 veniam
519 677 725 733 antiquis,
757 677 833 719 sed
863 677 1070 720 honorem
1102 681 1146 720 et
1175 679 1368 734 praemia
1397 678 1529 734 posci.

178 813 235 845 ⁷5.
259 813 429 852 venitque
454 822 500 845 ex
525 811 615 846 Cod.
641 811 773 857 Regin.
799 811 1007 846 Bentleius.

83 927 130 961 lis
156 928 446 972 explicarentur.
466 947 508 952 ——
533 929 633 972 reor]
657 928 742 962 vid.
766 928 813 963 ad

84 973 160 1008 Sat.
188 977 218 1015 1,
243 977 277 1017 9,
301 977 359 1009 49.
377 995 420 999 —
436 975 644 1018 plaqosum]
664 975 813 1020 „plagas

83 1021 225 1055 inferre
249 1022 508 1067 gaudentem.“
536 1021 664 1056 Comi.
692 1021 813 1060 CRUQ.

83 1068 396 1110 „alimonica-⁸
446 1068 599 1103 Sueton.
649 1068 811 1103 Gramm.

81 1115 122 1148 9:
154 1115 240 1148 stit
265 1118 388 1148 autem
413 1115 629 1158 (Orbilius)
655 1119 813 1150 naturae

0 1196 11 1203 ,
81 1162 235 1195 acerbae
258 1170 332 1195 non
346 1163 452 1196 modo
475 1164 517 1195 in
541 1164 811 1205 antisophistas,

81 1216 170 1248 quos
194 1211 293 1242 omni
324 1217 489 1243 sermone
525 1211 719 1252 laceravit,
751 1213 814 1244 sea

83 1256 194 1288 etiam
229 1257 270 1288 in
304 1257 519 1298 discipulos,
557 1259 597 1289 ut
630 1259 812 1290 Horatius

80 1302 262 1343 siqnificat
291 1303 540 1344 plaqosum
572 1312 655 1337 eum
688 1305 812 1345 appel-

83 1348 164 1380 lans
197 1351 231 1382 et
263 1351 441 1382 Domitius
470 1351 619 1385 Marsus
650 1352 813 1384 scribens

80 1395 127 1428 Si
191 1403 302 1436 quos
369 1397 584 1430 Orbilius
649 1398 812 1438 serula

80 1443 359 1483 scutieaque
431 1444 613 1477 cecidit.
664 1463 707 1467 —
758 1445 812 1477 di-

82 1488 195 1531 ctare]
222 1499 334 1531 „voce
350 1491 452 1524 lente
470 1490 630 1534 praeire,
655 1493 698 1524 ut
716 1492 812 1525 cala-

82 1544 141 1568 mo
166 1536 431 1580 exciperentur
455 1537 595 1571 dictata
619 1540 669 1579 et,
695 1538 812 1583 expli-

82 1583 166 1615 cata
189 1592 274 1616 cum
299 1587 443 1626 essent,
476 1584 677 1618 memoriae
708 1596 811 1619 man-

80 1627 295 1663 darentur.“
347 1629 421 1664 Cfr.
460 1629 532 1665 Sat.
573 1633 613 1673 1,
653 1633 716 1673 10,
754 1634 809 1666 75,

79 1673 171 1719 Epp.
198 1677 236 1718 1,
263 1678 328 1719 18,
355 1680 410 1710 13.
435 1697 481 1702 —
506 1678 710 1721 emendata]
737 1680 812 1720 „ita

80 1721 248 1766 elimata,
280 1725 324 1756 ut
355 1724 519 1758 mendaev
538 1735 584 1758 ex
607 1724 655 1758 iis
685 1725 811 1759 subla-

79 1770 139 1802 tae
179 1770 289 1803 sint.“
329 1789 371 1794 -—
410 1772 566 1814 exactis]
619 1770 810 1819 ,ἐξειργα-

79 1816 245 1858 σμένοις,
253 1815 580 1864 διηκριβωμένας,
587 1819 767 1862 perfectis
775 1820 806 1862 ;“

77 1863 229 1907 proprie
267 1863 314 1898 de
352 1865 471 1910 signis
507 1867 727 1900 marmoreis
762 1867 807 1900 ad

78 1919 243 1954 unguem
281 1911 431 1945 exactis.
482 1912 557 1946 Cfr.
590 1911 696 1946 Ovid.
729 1912 807 1947 Me-

79 1958 165 1990 tam.
193 1959 224 1998 1,
250 1958 338 1990 405:
374 1959 715 2002 Forma-hominis,
746 1962 809 1993 sed

78 2003 134 2035 uti
157 2003 201 2035 de
226 2012 409 2037 marmore
430 2008 572 2047 coepto,
599 2007 682 2039 Non
706 2016 807 2040 exa-

70 2050 152 2091 ‚cta
197 2051 304 2092 satis,
351 2052 573 2092 rudibusque
620 2054 809 2086 simillima

78 2095 225 2135 sionis!
252 2115 298 2120 —-
321 2097 458 2139 miror]
494 2097 597 2132 Idem
631 2099 703 2132 iam
727 2099 808 2133 fue-

81 2144 140 2174 rat
160 2141 354 2177 Ciceronis
378 2143 560 2178 iudicium
586 2146 809 2179 nominatim

79 2186 125 2221 de
149 2187 277 2277 Ῑιὶἶίο,
309 2190 414 2223 Brut.
448 2193 508 2233 18,
543 2194 599 2225 71.
635 2191 736 2235 (vid.
761 2193 808 2226 ad

78 2244 111 2267 v.
137 2235 193 2268 62.

126 2281 245 2315 ‘Is-75.
271 2283 428 2326 emicuit]
455 2283 579 2325 „Inter
606 2296 702 2330 quae
727 2295 806 2320 car-

78 2328 180 2361 mina
212 2328 310 2362 Livii
344 2332 382 2363 et
417 2333 543 2364 cetera
582 2332 739 2376 antiqua
775 2333 807 2367 si

77 2374 232 2408 verbum
275 2386 342 2418 „ex
379 2377 570 2421 insperato
608 2380 804 2423 apparuit‘*

78 2419 222 2463 (Comi.
237 2421 373 2465 CRUQ.)
400 2426 437 2457 et
460 2435 550 2468 prae
568 2426 703 2460 ceteris
720 2426 806 2470 pul·

77 2467 304 2503 chritudinis
342 2480 430 2504 suae
472 2472 598 2515 specie
640 2473 805 2507 animum

77 2513 229 2549 lectoris
262 2516 309 2550 ad
343 2527 382 2550 se
415 2517 611 2553 advertit.“
642 2537 689 2544 —
722 2529 805 2553 con-

77 2561 238 2605 cinnior]
274 2573 379 2604 „non
405 2564 525 2599 solum
559 2566 702 2611 regulis
727 2578 803 2601 me—

77 2604 183 2641 tricis
224 2610 476 2653 satisfaciens,
523 2623 652 2646 verum
694 2614 804 2648 etiam

78 2661 170 2687 sono
202 2655 284 2700 ipso
318 2658 472 2692 auribus
505 2662 633 2704 gratus
658 2670 702 2694 ao
734 2661 804 2703 rei,

78 2708 189 2742 quam
230 2703 421 2747 exprimit,
469 2716 627 2749 prorsus
671 2717 804 2742 conve-

863 930 1008 963 niens.“
1037 948 1079 953 —
1106 929 1227 973 ducit]
1267 930 1381 972 „sine
1415 940 1529 964 causa
1561 933 1600 965 et

862 976 1047 1010 immerito
1081 976 1196 1010 verba
1225 979 1263 1010 et
1286 987 1419 1011 versus
1452 977 1600 1022 aliquot

861 1023 1011 1067 pulchri
1040 1033 1167 1057 secum
1193 1023 1337 1057 ducunt
1364 1027 1483 1058 totum
1509 1026 1598 1068 poe-

862 1080 933 1112 ma,
959 1081 1034 1114 quo
1061 1070 1144 1104 sine
1170 1070 1229 1104 his
1256 1070 1350 1104 locis
1380 1071 1597 1106 illustribus

861 1117 1062 1161 pervenire
1072 1128 1149 1151 non
1159 1121 1298 1161 posset,
1310 1117 1350 1151 id
1361 1121 1428 1160 est,
1443 1118 1482 1151 in
1492 1119 1597 1152 thea-

862 1166 931 1206 tra,
957 1164 996 1197 in
1015 1164 1344 1209 grammaticorum
1371 1165 1531 1208 scholas,
1555 1166 1596 1199 in

860 1212 1091 1255 privatorum
1103 1222 1256 1256 quoque
1265 1211 1527 1253 bibliothecas,
1541 1215 1595 1246 at-

862 1269 937 1302 que
951 1258 1042 1291 talia
1055 1258 1096 1291 in
1111 1259 1193 1292 loca
1202 1259 1425 1302 perductum
1435 1261 1597 1293 vendunt

863 1315 890 1338 s.
910 1305 1183 1346 commendant,
1209 1306 1434 1350 applausum
1452 1306 1487 1340 ei
1507 1316 1596 1340 con-

862 1351 1026 1385 ciliant.“
1083 1353 1240 1386 Vendere
1273 1353 1374 1386 enim
1406 1355 1596 1388 venditare

858 1400 989 1439 poema
1029 1399 1090 1432 vel
1131 1401 1333 1433 orationem
1375 1403 1432 1434 est
1483 1411 1595 1442 „eam

862 1445 1157 1480 commendare.“
1215 1445 1290 1480 Cic.
1333 1447 1380 1481 ad
1420 1447 1494 1481 Att.
1539 1450 1595 1490 13,

863 1494 927 1534 12,
953 1495 993 1526 2:
1027 1494 1266 1534 liqarianam
1289 1495 1484 1535 praeclare
1508 1503 1594 1527 ven-

860 1540 993 1572 didisti.
1019 1540 1065 1573 ad
1090 1540 1165 1574 Att.
1193 1543 1232 1582 1,
1271 1543 1333 1583 16,
1374 1544 1436 1575 16:
1482 1542 1594 1575 Valde

860 1588 892 1618 te
916 1588 1112 1620 venditavi.
1163 1587 1225 1620 Sic
1249 1589 1439 1621 vendibilis
1465 1591 1594 1622 orator

860 1631 938 1667 Cic.
970 1633 1076 1667 Brut.
1108 1636 1172 1676 4⁷,
1212 1635 1310 1675 174„
1350 1635 1592 1679 „probabilis,

860 1680 925 1723 qui
950 1681 1091 1724 populo
1117 1681 1272 1725 placet.“

905 1775 1042 1808 76-78.
1075 1775 1294 1818 quidquam]
1328 1775 1363 1809 h.
1390 1777 1413 1809 l.
1438 1777 1478 1810 in
1504 1787 1591 1821 pro-

857 1821 1044 1865 positione
1077 1822 1317 1865 affirmativa,
1351 1826 1393 1856 ut
1418 1822 1495 1857 Cic.
1522 1823 1591 1858 Ca-

857 1868 911 1903 til.
939 1870 970 1909 1,
997 1870 1037 1901 2:
1080 1870 1265 1910 Quamdiu
1289 1871 1483 1910 quisquam
1509 1872 1590 1913 erit,

858 1916 921 1955 qui
963 1918 996 1948 te
1036 1917 1230 1957 defendere
1279 1918 1431 1959 audeat,
1482 1919 1590 1951 vives.

856 1961 1067 2006 Utrobique
1100 1965 1225 1996 tamen
1258 1964 1359 1997 inest
1392 1964 1497 1998 notio
1524 1975 1589 1998 ne·

856 2009 999 2052 gativa:
1026 2014 1248 2054 „propterea
1266 2011 1366 2054 quod
1393 2011 1589 2055 quidpiam

857 2065 979 2098 nuper
1005 2057 1054 2089 sit
1078 2057 1335 2100 compositum,
1361 2058 1588 2101 reprehendi

857 2111 933 2134 non
976 2104 1190 2146 oportere;“
1243 2105 1454 2145 „neminem
1504 2115 1587 2138 esse

856 2147 1013 2189 debere,
1046 2150 1112 2192 qui
1138 2148 1339 2183 Catilinam
1373 2150 1586 2185 defendat.“

855 2193 974 2228 Paulo
1013 2195 1124 2229 aliter
1156 2196 1445 2241 Dillenburger:
1497 2197 1590 2239 „Ne-

855 2251 949 2285 gans
989 2253 1196 2286 pronomen
1238 2245 1439 2284 quidquam
1485 2248 1587 2279 recte

854 2287 1019 2331 positum
1037 2292 1094 2323 est
1109 2292 1264 2334 propter
1284 2293 1485 2336 negantem
1502 2293 1587 2335 vim,

857 2345 970 2378 quam
994 2335 1119 2370 inesse
1146 2337 1264 2371 sentis
1289 2337 1330 2370 in
1346 2349 1381 2372 v,
1404 2339 1585 2381 indiqnor,

854 2380 893 2415 id
934 2386 1009 2425 est,
1057 2383 1157 2417 ferre
1198 2394 1275 2417 non
1315 2386 1505 2428 possum.“
1541 2406 1586 2410 -

855 2429 996 2472 crasse]
1031 2432 1073 2463 ut
1106 2439 1230 2464 crassa
1259 2432 1443 2466 Minerva.
1493 2432 1585 2475 (Sat.

854 2476 894 2517 2,
920 2477 960 2519 2,
987 2477 1035 2518 3.)
1087 2477 1163 2511 Cic.
1189 2478 1235 2512 ad
1260 2478 1360 2512 Fam.
1387 2481 1428 2521 9,
1463 2481 1525 2521 12,
1551 2481 1584 2513 2.

854 2523 1059 2557 orationem
1078 2535 1181 2558 suam
1198 2536 1267 2569 pro
1280 2525 1458 2560 Deiotaro
1475 2529 1587 2560 vocat

852 2571 1110 2604 munusculum
1146 2573 1324 2606 levidense
1358 2581 1480 2606 crasso
1511 2573 1585 2615 filo,

853 2617 1069 2661 metaphora
1109 2618 1305 2662 desumpta
1345 2630 1367 2652 a
1407 2619 1584 2660 lanificio,

853 2665 895 2696 ut
908 2664 1039 2705 pinqui
1055 2666 1226 2699 Minerva
1251 2666 1297 2699 ab
1324 2665 1519 2700 obesitate.
1537 2684 1585 2690 —-

851 2710 1045 2754 honorem}
1081 2723 1287 2755 „summum
1325 2713 1582 2756 applausum.“
