<?xml version="1.0" encoding="UTF-8"?>
<!DOCTYPE html PUBLIC "-//W3C//DTD XHTML 1.0 Transitional//EN"
    "http://www.w3.org/TR/xhtml1/DTD/xhtml1-transitional.dtd">
<html xmlns="http://www.w3.org/1999/xhtml" xml:lang="en" lang="en">
 <head>
  <title>
</title>
<meta http-equiv="Content-Type" content="text/html;charset=utf-8" />
  <meta name='ocr-system' content='tesseract 3.04.00' />
  <meta name='ocr-capabilities' content='ocr_page ocr_carea ocr_par ocr_line ocrx_word'/>
</head>
<body>
  <div class='ocr_page' id='page_1' title='image "./qhoratiusflaccus00horauoft_0271.png"; bbox 0 0 1774 2930; ppageno 0'>
   <div class='ocr_carea' id='block_1_1' title="bbox 671 129 1071 167">
    <p class='ocr_par' dir='ltr' id='par_1_1' title="bbox 671 129 1071 167">
     <span class='ocr_line' id='line_1_1' title="bbox 671 129 1071 167; baseline -0.008 0"><span class='ocrx_word' id='word_1_1' title='bbox 671 131 766 167; x_wconf 85' lang='lat' dir='ltr'><strong>LIB.</strong></span> <span class='ocrx_word' id='word_1_2' title='bbox 790 131 819 166; x_wconf 89' lang='lat'>1.</span> <span class='ocrx_word' id='word_1_3' title='bbox 867 129 1019 165; x_wconf 74' lang='lat' dir='ltr'><strong>EPIST.</strong></span> <span class='ocrx_word' id='word_1_4' title='bbox 1042 129 1071 164; x_wconf 91' lang='grc' dir='ltr'><strong>Ι.</strong></span> 
     </span>
    </p>
   </div>
   <div class='ocr_carea' id='block_1_2' title="bbox 1539 126 1625 168">
    <p class='ocr_par' dir='ltr' id='par_1_2' title="bbox 1539 126 1625 168">
     <span class='ocr_line' id='line_1_2' title="bbox 1539 126 1625 168; baseline 0 0"><span class='ocrx_word' id='word_1_5' title='bbox 1539 126 1625 168; x_wconf 85' lang='grc'>263</span> 
     </span>
    </p>
   </div>
   <div class='ocr_carea' id='block_1_3' title="bbox 228 227 1494 432">
    <p class='ocr_par' dir='ltr' id='par_1_3' title="bbox 228 227 1494 432">
     <span class='ocr_line' id='line_1_3' title="bbox 228 227 1494 291; baseline -0.008 -13"><span class='ocrx_word' id='word_1_6' title='bbox 228 233 322 278; x_wconf 80' lang='lat' dir='ltr'>Nec</span> <span class='ocrx_word' id='word_1_7' title='bbox 350 248 506 291; x_wconf 85' lang='lat' dir='ltr'>sequar</span> <span class='ocrx_word' id='word_1_8' title='bbox 535 238 610 277; x_wconf 88' lang='lat' dir='ltr'>aut</span> <span class='ocrx_word' id='word_1_9' title='bbox 639 233 821 289; x_wconf 77' lang='lat' dir='ltr'>fugiam,</span> <span class='ocrx_word' id='word_1_10' title='bbox 853 244 963 288; x_wconf 85' lang='lat' dir='ltr'>quae</span> <span class='ocrx_word' id='word_1_11' title='bbox 994 229 1133 286; x_wconf 84' lang='lat' dir='ltr'>diligit</span> <span class='ocrx_word' id='word_1_12' title='bbox 1162 229 1256 286; x_wconf 86' lang='lat' dir='ltr'>ipse</span> <span class='ocrx_word' id='word_1_13' title='bbox 1287 229 1355 271; x_wconf 84' lang='lat' dir='ltr'>vel</span> <span class='ocrx_word' id='word_1_14' title='bbox 1388 227 1494 280; x_wconf 89' lang='lat' dir='ltr'>odit,</span> 
     </span>
     <span class='ocr_line' id='line_1_4' title="bbox 233 300 1173 362; baseline -0.006 -14"><span class='ocrx_word' id='word_1_15' title='bbox 233 304 347 348; x_wconf 89' lang='lat' dir='ltr'>Olim</span> <span class='ocrx_word' id='word_1_16' title='bbox 377 304 491 362; x_wconf 93' lang='lat' dir='ltr'>quod</span> <span class='ocrx_word' id='word_1_17' title='bbox 519 304 668 361; x_wconf 83' lang='lat' dir='ltr'><strong>volpes</strong></span> <span class='ocrx_word' id='word_1_18' title='bbox 700 307 874 359; x_wconf 84' lang='lat' dir='ltr'>aegroto</span> <span class='ocrx_word' id='word_1_19' title='bbox 906 305 1030 344; x_wconf 92' lang='lat' dir='ltr'>cauta</span> <span class='ocrx_word' id='word_1_20' title='bbox 1057 300 1173 343; x_wconf 90' lang='lat' dir='ltr'>leoni</span> 
     </span>
     <span class='ocr_line' id='line_1_5' title="bbox 230 371 1398 432; baseline -0.007 -13"><span class='ocrx_word' id='word_1_21' title='bbox 230 375 490 432; x_wconf 81' lang='lat' dir='ltr'>Respondit,</span> <span class='ocrx_word' id='word_1_22' title='bbox 521 374 730 418; x_wconf 83' lang='lat' dir='ltr'>referam:</span> <span class='ocrx_word' id='word_1_23' title='bbox 765 373 877 422; x_wconf 83' lang='lat' dir='ltr'>Quia</span> <span class='ocrx_word' id='word_1_24' title='bbox 905 387 974 415; x_wconf 92' lang='lat' dir='ltr'>me</span> <span class='ocrx_word' id='word_1_25' title='bbox 1004 371 1188 427; x_wconf 83' lang='lat' dir='ltr'>vestigia</span> <span class='ocrx_word' id='word_1_26' title='bbox 1216 374 1398 422; x_wconf 89' lang='lat' dir='ltr'>terrent,</span> 
     </span>
    </p>
   </div>
   <div class='ocr_carea' id='block_1_4' title="bbox 233 441 1430 500">
    <p class='ocr_par' dir='ltr' id='par_1_4' title="bbox 233 441 1430 500">
     <span class='ocr_line' id='line_1_6' title="bbox 233 441 1430 500; baseline -0.008 -10"><span class='ocrx_word' id='word_1_27' title='bbox 233 446 390 490; x_wconf 90' lang='lat' dir='ltr'>Omnia</span> <span class='ocrx_word' id='word_1_28' title='bbox 417 450 462 489; x_wconf 89' lang='lat' dir='ltr'>te</span> <span class='ocrx_word' id='word_1_29' title='bbox 492 446 718 488; x_wconf 86' lang='lat' dir='ltr'>adversum</span> <span class='ocrx_word' id='word_1_30' title='bbox 750 443 1005 500; x_wconf 78' lang='lat' dir='ltr'>spectantia,</span> <span class='ocrx_word' id='word_1_31' title='bbox 1036 441 1155 484; x_wconf 85' lang='lat' dir='ltr'>nulla</span> <span class='ocrx_word' id='word_1_32' title='bbox 1184 445 1430 484; x_wconf 81' lang='lat' dir='ltr'>retrorsum.</span> 
     </span>
    </p>
   </div>
   <div class='ocr_carea' id='block_1_5' title="bbox 1574 439 1627 479">
    <p class='ocr_par' dir='ltr' id='par_1_5' title="bbox 1574 439 1627 479">
     <span class='ocr_line' id='line_1_7' title="bbox 1574 439 1627 479; baseline 0 0"><span class='ocrx_word' id='word_1_33' title='bbox 1574 439 1627 479; x_wconf 81' lang='lat'>75</span> 
     </span>
    </p>
   </div>
   <div class='ocr_carea' id='block_1_6' title="bbox 232 509 1630 785">
    <p class='ocr_par' dir='ltr' id='par_1_6' title="bbox 232 509 1630 714">
     <span class='ocr_line' id='line_1_8' title="bbox 234 509 1630 571; baseline -0.007 -11"><span class='ocrx_word' id='word_1_34' title='bbox 234 517 375 560; x_wconf 91' lang='lat' dir='ltr'>Belua</span> <span class='ocrx_word' id='word_1_35' title='bbox 392 517 622 559; x_wconf 88' lang='lat' dir='ltr'>multorum</span> <span class='ocrx_word' id='word_1_36' title='bbox 643 530 690 558; x_wconf 87' lang='lat' dir='ltr'>es</span> <span class='ocrx_word' id='word_1_37' title='bbox 718 516 918 571; x_wconf 87' lang='lat' dir='ltr'>capitum.</span> <span class='ocrx_word' id='word_1_38' title='bbox 949 513 1060 556; x_wconf 87' lang='lat' dir='ltr'>Nam</span> <span class='ocrx_word' id='word_1_39' title='bbox 1083 513 1186 569; x_wconf 91' lang='lat' dir='ltr'>quid</span> <span class='ocrx_word' id='word_1_40' title='bbox 1206 525 1361 567; x_wconf 82' lang='lat' dir='ltr'>sequar</span> <span class='ocrx_word' id='word_1_41' title='bbox 1381 515 1454 553; x_wconf 87' lang='lat' dir='ltr'>aut</span> <span class='ocrx_word' id='word_1_42' title='bbox 1476 509 1630 566; x_wconf 79' lang='lat' dir='ltr'>quem?</span> 
     </span>
     <span class='ocr_line' id='line_1_9' title="bbox 232 581 1473 642; baseline -0.007 -11"><span class='ocrx_word' id='word_1_43' title='bbox 232 588 339 631; x_wconf 90' lang='lat' dir='ltr'>Pars</span> <span class='ocrx_word' id='word_1_44' title='bbox 371 587 591 630; x_wconf 89' lang='lat' dir='ltr'>hominum</span> <span class='ocrx_word' id='word_1_45' title='bbox 622 587 752 642; x_wconf 86' lang='lat' dir='ltr'>gestit</span> <span class='ocrx_word' id='word_1_46' title='bbox 783 585 1018 628; x_wconf 79' lang='lat' dir='ltr'>conducere</span> <span class='ocrx_word' id='word_1_47' title='bbox 1049 583 1240 640; x_wconf 90' lang='lat' dir='ltr'>publica,</span> <span class='ocrx_word' id='word_1_48' title='bbox 1272 586 1371 624; x_wconf 90' lang='lat' dir='ltr'>sunt</span> <span class='ocrx_word' id='word_1_49' title='bbox 1402 581 1473 637; x_wconf 90' lang='lat' dir='ltr'>qui</span> 
     </span>
     <span class='ocr_line' id='line_1_10' title="bbox 234 656 1244 714; baseline -0.005 -14"><span class='ocrx_word' id='word_1_50' title='bbox 234 658 400 700; x_wconf 83' lang='lat' dir='ltr'>Orustis</span> <span class='ocrx_word' id='word_1_51' title='bbox 432 662 476 701; x_wconf 93' lang='lat' dir='ltr'>et</span> <span class='ocrx_word' id='word_1_52' title='bbox 505 657 642 714; x_wconf 89' lang='lat' dir='ltr'>pomis</span> <span class='ocrx_word' id='word_1_53' title='bbox 674 656 823 699; x_wconf 84' lang='lat' dir='ltr'>viduas</span> <span class='ocrx_word' id='word_1_54' title='bbox 853 658 1065 699; x_wconf 82' lang='lat' dir='ltr'>venentur</span> <span class='ocrx_word' id='word_1_55' title='bbox 1095 668 1244 696; x_wconf 84' lang='lat' dir='ltr'>avaras</span> 
     </span>
    </p>

    <p class='ocr_par' dir='ltr' id='par_1_7' title="bbox 233 725 1358 785">
     <span class='ocr_line' id='line_1_11' title="bbox 233 725 1358 785; baseline -0.005 -14"><span class='ocrx_word' id='word_1_56' title='bbox 233 728 549 785; x_wconf 82' lang='lat' dir='ltr'>Excipiantque</span> <span class='ocrx_word' id='word_1_57' title='bbox 581 742 726 781; x_wconf 89' lang='lat' dir='ltr'>senes,</span> <span class='ocrx_word' id='word_1_58' title='bbox 758 741 864 783; x_wconf 89' lang='lat' dir='ltr'>quos</span> <span class='ocrx_word' id='word_1_59' title='bbox 896 726 941 767; x_wconf 89' lang='lat' dir='ltr'>in</span> <span class='ocrx_word' id='word_1_60' title='bbox 971 725 1135 767; x_wconf 79' lang='lat' dir='ltr'>vivaria</span> <span class='ocrx_word' id='word_1_61' title='bbox 1164 725 1358 776; x_wconf 79' lang='lat' dir='ltr'>mittant3</span> 
     </span>
    </p>
   </div>
   <div class='ocr_carea' id='block_1_7' title="bbox 234 795 1262 842">
    <p class='ocr_par' dir='ltr' id='par_1_8' title="bbox 234 795 1262 842">
     <span class='ocr_line' id='line_1_12' title="bbox 234 795 1262 842; baseline -0.006 0"><span class='ocrx_word' id='word_1_62' title='bbox 234 799 381 842; x_wconf 81' lang='lat' dir='ltr'>Multis</span> <span class='ocrx_word' id='word_1_63' title='bbox 413 800 578 842; x_wconf 87' lang='lat' dir='ltr'>occulto</span> <span class='ocrx_word' id='word_1_64' title='bbox 610 799 761 841; x_wconf 90' lang='lat' dir='ltr'>crescit</span> <span class='ocrx_word' id='word_1_65' title='bbox 790 811 860 840; x_wconf 89' lang='lat' dir='ltr'>res</span> <span class='ocrx_word' id='word_1_66' title='bbox 891 797 1052 840; x_wconf 89' lang='lat' dir='ltr'>fenore.</span> <span class='ocrx_word' id='word_1_67' title='bbox 1099 795 1262 838; x_wconf 86' lang='lat' dir='ltr'>Verum</span> 
     </span>
    </p>
   </div>
   <div class='ocr_carea' id='block_1_8' title="bbox 1577 791 1632 832">
    <p class='ocr_par' dir='ltr' id='par_1_9' title="bbox 1577 791 1632 832">
     <span class='ocr_line' id='line_1_13' title="bbox 1577 791 1632 832; baseline 0 0"><span class='ocrx_word' id='word_1_68' title='bbox 1577 791 1632 832; x_wconf 82' lang='lat'>80</span> 
     </span>
    </p>
   </div>
   <div class='ocr_carea' id='block_1_9' title="bbox 217 930 1225 977">
    <p class='ocr_par' dir='ltr' id='par_1_10' title="bbox 217 930 1225 977">
     <span class='ocr_line' id='line_1_14' title="bbox 217 930 1225 977; baseline -0.004 -9"><span class='ocrx_word' id='word_1_69' title='bbox 217 936 271 968; x_wconf 82' lang='grc'><strong>78.</strong></span> <span class='ocrx_word' id='word_1_70' title='bbox 295 935 435 968; x_wconf 65' lang='lat' dir='ltr'>Rusti-5</span> <span class='ocrx_word' id='word_1_71' title='bbox 460 934 496 977; x_wconf 90' lang='lat' dir='ltr'>d,</span> <span class='ocrx_word' id='word_1_72' title='bbox 519 933 691 969; x_wconf 89' lang='lat' dir='ltr'>Pottierii</span> <span class='ocrx_word' id='word_1_73' title='bbox 718 943 847 967; x_wconf 90' lang='lat' dir='ltr'>omnes</span> <span class='ocrx_word' id='word_1_74' title='bbox 873 935 910 966; x_wconf 89' lang='lat' dir='ltr'>et</span> <span class='ocrx_word' id='word_1_75' title='bbox 933 931 992 974; x_wconf 87' lang='lat' dir='ltr'>Lt,</span> <span class='ocrx_word' id='word_1_76' title='bbox 1017 932 1160 964; x_wconf 68' lang='lat' dir='ltr'>Frucoeis</span> <span class='ocrx_word' id='word_1_77' title='bbox 1187 930 1225 964; x_wconf 91' lang='lat' dir='ltr'>C.</span> 
     </span>
    </p>
   </div>
   <div class='ocr_carea' id='block_1_10' title="bbox 120 1044 858 1890">
    <p class='ocr_par' dir='ltr' id='par_1_11' title="bbox 120 1044 858 1890">
     <span class='ocr_line' id='line_1_15' title="bbox 120 1044 851 1092; baseline -0.004 -11"><span class='ocrx_word' id='word_1_78' title='bbox 120 1046 252 1092; x_wconf 80' lang='lat' dir='ltr'>populi</span> <span class='ocrx_word' id='word_1_79' title='bbox 268 1046 312 1080; x_wconf 84' lang='lat' dir='ltr'>B.</span> <span class='ocrx_word' id='word_1_80' title='bbox 339 1056 424 1080; x_wconf 89' lang='lat' dir='ltr'>cum</span> <span class='ocrx_word' id='word_1_81' title='bbox 450 1044 702 1080; x_wconf 74' lang='lat' dir='ltr'>delectatione</span> <span class='ocrx_word' id='word_1_82' title='bbox 728 1046 851 1079; x_wconf 84' lang='lat' dir='ltr'>utar.“</span> 
     </span>
     <span class='ocr_line' id='line_1_16' title="bbox 123 1091 852 1137; baseline -0.003 -10"><span class='ocrx_word' id='word_1_83' title='bbox 123 1111 166 1118; x_wconf 94' lang='lat'><strong>—</strong></span> <span class='ocrx_word' id='word_1_84' title='bbox 191 1101 327 1134; x_wconf 71' lang='lat' dir='ltr'>sequar</span> <span class='ocrx_word' id='word_1_85' title='bbox 358 1095 424 1127; x_wconf 79' lang='lat' dir='ltr'>aul</span> <span class='ocrx_word' id='word_1_86' title='bbox 447 1092 612 1135; x_wconf 65' lang='lat' dir='ltr'>suniam]</span> <span class='ocrx_word' id='word_1_87' title='bbox 638 1091 732 1137; x_wconf 88' lang='lat' dir='ltr'>Epp.</span> <span class='ocrx_word' id='word_1_88' title='bbox 761 1094 793 1134; x_wconf 89' lang='lat'>1,</span> <span class='ocrx_word' id='word_1_89' title='bbox 818 1093 852 1133; x_wconf 89' lang='lat'>8,</span> 
     </span>
     <span class='ocr_line' id='line_1_17' title="bbox 122 1140 853 1183; baseline -0.003 -9"><span class='ocrx_word' id='word_1_90' title='bbox 122 1142 184 1174; x_wconf 85' lang='lat'>11:</span> <span class='ocrx_word' id='word_1_91' title='bbox 213 1141 319 1183; x_wconf 75' lang='lat' dir='ltr'>‘Quae</span> <span class='ocrx_word' id='word_1_92' title='bbox 344 1148 500 1174; x_wconf 75' lang='lat' dir='ltr'>nocuere</span> <span class='ocrx_word' id='word_1_93' title='bbox 523 1148 677 1182; x_wconf 78' lang='lat' dir='ltr'>sequar,</span> <span class='ocrx_word' id='word_1_94' title='bbox 711 1140 853 1181; x_wconf 71' lang='lat' dir='ltr'>suqiam</span> 
     </span>
     <span class='ocr_line' id='line_1_18' title="bbox 122 1185 853 1230; baseline -0.003 -9"><span class='ocrx_word' id='word_1_95' title='bbox 122 1196 220 1229; x_wconf 73' lang='lat' dir='ltr'>quae</span> <span class='ocrx_word' id='word_1_96' title='bbox 258 1189 407 1230; x_wconf 74' lang='lat' dir='ltr'>profore</span> <span class='ocrx_word' id='word_1_97' title='bbox 448 1189 604 1221; x_wconf 83' lang='lat' dir='ltr'>credam.</span> <span class='ocrx_word' id='word_1_98' title='bbox 644 1205 687 1210; x_wconf 93' lang='lat'>—</span> <span class='ocrx_word' id='word_1_99' title='bbox 733 1185 853 1228; x_wconf 81' lang='lat' dir='ltr'>Olim]</span> 
     </span>
     <span class='ocr_line' id='line_1_19' title="bbox 122 1234 853 1278; baseline -0.003 -10"><span class='ocrx_word' id='word_1_100' title='bbox 122 1234 234 1269; x_wconf 85' lang='lat' dir='ltr'>solita</span> <span class='ocrx_word' id='word_1_101' title='bbox 249 1235 290 1268; x_wconf 93' lang='lat' dir='ltr'>in</span> <span class='ocrx_word' id='word_1_102' title='bbox 315 1234 464 1269; x_wconf 85' lang='lat' dir='ltr'>fabellis</span> <span class='ocrx_word' id='word_1_103' title='bbox 491 1234 750 1278; x_wconf 83' lang='lat' dir='ltr'>exemplisque</span> <span class='ocrx_word' id='word_1_104' title='bbox 767 1244 853 1277; x_wconf 86' lang='lat' dir='ltr'>par-</span> 
     </span>
     <span class='ocr_line' id='line_1_20' title="bbox 122 1280 853 1325; baseline -0.004 -10"><span class='ocrx_word' id='word_1_105' title='bbox 122 1281 255 1316; x_wconf 77' lang='lat' dir='ltr'>ticula.</span> <span class='ocrx_word' id='word_1_106' title='bbox 297 1280 373 1315; x_wconf 83' lang='lat' dir='ltr'>Cfr.</span> <span class='ocrx_word' id='word_1_107' title='bbox 399 1281 474 1315; x_wconf 87' lang='lat' dir='ltr'>Sat.</span> <span class='ocrx_word' id='word_1_108' title='bbox 501 1283 533 1323; x_wconf 85' lang='lat'>2,</span> <span class='ocrx_word' id='word_1_109' title='bbox 559 1284 592 1320; x_wconf 86' lang='lat'>6,</span> <span class='ocrx_word' id='word_1_110' title='bbox 619 1283 675 1314; x_wconf 80' lang='lat'>79.</span> <span class='ocrx_word' id='word_1_111' title='bbox 700 1280 794 1325; x_wconf 86' lang='lat' dir='ltr'>Epp.</span> <span class='ocrx_word' id='word_1_112' title='bbox 822 1282 853 1322; x_wconf 92' lang='lat'>1,</span> 
     </span>
     <span class='ocr_line' id='line_1_21' title="bbox 126 1327 853 1371; baseline -0.001 -10"><span class='ocrx_word' id='word_1_113' title='bbox 126 1330 181 1371; x_wconf 87' lang='grc'>10,</span> <span class='ocrx_word' id='word_1_114' title='bbox 206 1329 263 1361; x_wconf 83' lang='lat'>42.</span> <span class='ocrx_word' id='word_1_115' title='bbox 282 1347 325 1352; x_wconf 91' lang='lat'>—</span> <span class='ocrx_word' id='word_1_116' title='bbox 342 1327 518 1371; x_wconf 77' lang='lat' dir='ltr'>reseram]</span> <span class='ocrx_word' id='word_1_117' title='bbox 538 1328 746 1371; x_wconf 84' lang='lat' dir='ltr'>„Responsi</span> <span class='ocrx_word' id='word_1_118' title='bbox 770 1328 853 1361; x_wconf 89' lang='lat' dir='ltr'>loco</span> 
     </span>
     <span class='ocr_line' id='line_1_22' title="bbox 124 1373 855 1409; baseline -0.001 0"><span class='ocrx_word' id='word_1_119' title='bbox 124 1374 286 1409; x_wconf 83' lang='lat' dir='ltr'>narrabo</span> <span class='ocrx_word' id='word_1_120' title='bbox 311 1377 436 1409; x_wconf 86' lang='lat' dir='ltr'>notam</span> <span class='ocrx_word' id='word_1_121' title='bbox 461 1375 564 1408; x_wconf 89' lang='lat' dir='ltr'>illam</span> <span class='ocrx_word' id='word_1_122' title='bbox 589 1374 766 1408; x_wconf 80' lang='lat' dir='ltr'>fabellam</span> <span class='ocrx_word' id='word_1_123' title='bbox 782 1373 855 1408; x_wconf 84' lang='lat' dir='ltr'>Ae-</span> 
     </span>
     <span class='ocr_line' id='line_1_23' title="bbox 124 1421 852 1467; baseline -0.003 -11"><span class='ocrx_word' id='word_1_124' title='bbox 124 1421 267 1467; x_wconf 82' lang='lat' dir='ltr'>sopiam</span> <span class='ocrx_word' id='word_1_125' title='bbox 305 1421 438 1465; x_wconf 83' lang='lat' dir='ltr'>(Babr.</span> <span class='ocrx_word' id='word_1_126' title='bbox 479 1423 556 1455; x_wconf 88' lang='grc'><strong>103.</strong></span> <span class='ocrx_word' id='word_1_127' title='bbox 591 1421 675 1455; x_wconf 87' lang='lat' dir='ltr'>Cor.</span> <span class='ocrx_word' id='word_1_128' title='bbox 715 1421 852 1464; x_wconf 82' lang='lat'><strong>137.);“</strong></span> 
     </span>
     <span class='ocr_line' id='line_1_24' title="bbox 125 1468 857 1514; baseline -0.001 -12"><span class='ocrx_word' id='word_1_129' title='bbox 125 1479 202 1514; x_wconf 87' lang='lat' dir='ltr'>qua</span> <span class='ocrx_word' id='word_1_130' title='bbox 226 1469 387 1502; x_wconf 80' lang='lat' dir='ltr'>similem</span> <span class='ocrx_word' id='word_1_131' title='bbox 411 1469 452 1502; x_wconf 90' lang='lat' dir='ltr'>in</span> <span class='ocrx_word' id='word_1_132' title='bbox 478 1468 630 1503; x_wconf 91' lang='lat' dir='ltr'>modum</span> <span class='ocrx_word' id='word_1_133' title='bbox 656 1478 749 1502; x_wconf 91' lang='lat' dir='ltr'>usus</span> <span class='ocrx_word' id='word_1_134' title='bbox 776 1470 857 1502; x_wconf 87' lang='lat' dir='ltr'>erat</span> 
     </span>
     <span class='ocr_line' id='line_1_25' title="bbox 125 1515 857 1560; baseline -0.001 -11"><span class='ocrx_word' id='word_1_135' title='bbox 125 1515 201 1549; x_wconf 86' lang='lat' dir='ltr'>iam</span> <span class='ocrx_word' id='word_1_136' title='bbox 225 1515 400 1550; x_wconf 80' lang='lat' dir='ltr'>Lucilius</span> <span class='ocrx_word' id='word_1_137' title='bbox 416 1527 454 1560; x_wconf 89' lang='lat' dir='ltr'>p.</span> <span class='ocrx_word' id='word_1_138' title='bbox 472 1517 528 1550; x_wconf 86' lang='grc'>70.</span> <span class='ocrx_word' id='word_1_139' title='bbox 555 1515 676 1549; x_wconf 71' lang='lat' dir='ltr'>Gai-L:</span> <span class='ocrx_word' id='word_1_140' title='bbox 702 1517 857 1549; x_wconf 84' lang='lat' dir='ltr'>Leonem</span> 
     </span>
     <span class='ocr_line' id='line_1_26' title="bbox 126 1562 856 1605; baseline -0.001 -9"><span class='ocrx_word' id='word_1_141' title='bbox 126 1565 315 1605; x_wconf 73' lang='lat' dir='ltr'>aearolum</span> <span class='ocrx_word' id='word_1_142' title='bbox 355 1572 399 1596; x_wconf 85' lang='lat' dir='ltr'>ac</span> <span class='ocrx_word' id='word_1_143' title='bbox 441 1563 577 1596; x_wconf 73' lang='lat' dir='ltr'>lassum</span> <span class='ocrx_word' id='word_1_144' title='bbox 610 1562 630 1583; x_wconf 89' lang='lat'><strong><em>*</em></strong></span> <span class='ocrx_word' id='word_1_145' title='bbox 656 1562 676 1583; x_wconf 84' lang='lat'><strong>*</strong></span> <span class='ocrx_word' id='word_1_146' title='bbox 701 1564 856 1596; x_wconf 76' lang='lat' dir='ltr'>deducta</span> 
     </span>
     <span class='ocr_line' id='line_1_27' title="bbox 126 1609 856 1654; baseline -0.003 -10"><span class='ocrx_word' id='word_1_147' title='bbox 126 1609 354 1654; x_wconf 63' lang='lat' dir='ltr'>(demissa.)v</span> <span class='ocrx_word' id='word_1_148' title='bbox 371 1612 457 1644; x_wconf 76' lang='lat' dir='ltr'>lunc</span> <span class='ocrx_word' id='word_1_149' title='bbox 490 1619 575 1644; x_wconf 85' lang='lat' dir='ltr'>voce</span> <span class='ocrx_word' id='word_1_150' title='bbox 603 1611 677 1643; x_wconf 82' lang='lat' dir='ltr'>leo:</span> <span class='ocrx_word' id='word_1_151' title='bbox 720 1610 792 1643; x_wconf 82' lang='lat' dir='ltr'>Cur</span> <span class='ocrx_word' id='word_1_152' title='bbox 816 1612 856 1642; x_wconf 80' lang='lat' dir='ltr'>tu</span> 
     </span>
     <span class='ocr_line' id='line_1_28' title="bbox 124 1655 857 1699; baseline -0.001 -9"><span class='ocrx_word' id='word_1_153' title='bbox 124 1658 208 1699; x_wconf 67' lang='lat' dir='ltr'>ipsa</span> <span class='ocrx_word' id='word_1_154' title='bbox 231 1658 355 1691; x_wconf 81' lang='lat' dir='ltr'>venire</span> <span class='ocrx_word' id='word_1_155' title='bbox 378 1658 462 1691; x_wconf 82' lang='lat' dir='ltr'>Non</span> <span class='ocrx_word' id='word_1_156' title='bbox 484 1658 537 1690; x_wconf 76' lang='lat' dir='ltr'>vis</span> <span class='ocrx_word' id='word_1_157' title='bbox 563 1658 655 1691; x_wconf 75' lang='lat' dir='ltr'>huc?</span> <span class='ocrx_word' id='word_1_158' title='bbox 678 1655 698 1677; x_wconf 88' lang='grc'>*</span> <span class='ocrx_word' id='word_1_159' title='bbox 716 1655 736 1676; x_wconf 83' lang='grc'><strong><em>*</em></strong></span> <span class='ocrx_word' id='word_1_160' title='bbox 762 1657 857 1699; x_wconf 80' lang='lat' dir='ltr'>Quid</span> 
     </span>
     <span class='ocr_line' id='line_1_29' title="bbox 124 1705 855 1746; baseline -0.003 -8"><span class='ocrx_word' id='word_1_161' title='bbox 124 1705 194 1738; x_wconf 70' lang='grc' dir='ltr'><strong>8-1·ῠὶ</strong></span> <span class='ocrx_word' id='word_1_162' title='bbox 215 1705 301 1746; x_wconf 75' lang='lat' dir='ltr'>volt,</span> <span class='ocrx_word' id='word_1_163' title='bbox 327 1712 444 1745; x_wconf 76' lang='lat' dir='ltr'>quare</span> <span class='ocrx_word' id='word_1_164' title='bbox 468 1705 519 1746; x_wconf 73' lang='lat' dir='ltr'>fit,</span> <span class='ocrx_word' id='word_1_165' title='bbox 543 1707 584 1737; x_wconf 78' lang='lat' dir='ltr'>ut</span> <span class='ocrx_word' id='word_1_166' title='bbox 608 1706 707 1737; x_wconf 72' lang='lat' dir='ltr'>intro</span> <span class='ocrx_word' id='word_1_167' title='bbox 731 1713 855 1737; x_wconf 72' lang='lat' dir='ltr'>versus</span> 
     </span>
     <span class='ocr_line' id='line_1_30' title="bbox 128 1753 858 1793; baseline -0.001 -8"><span class='ocrx_word' id='word_1_168' title='bbox 128 1753 161 1785; x_wconf 70' lang='lat' dir='ltr'>el</span> <span class='ocrx_word' id='word_1_169' title='bbox 186 1753 236 1785; x_wconf 79' lang='lat' dir='ltr'>ad</span> <span class='ocrx_word' id='word_1_170' title='bbox 259 1753 293 1784; x_wconf 76' lang='lat' dir='ltr'>le</span> <span class='ocrx_word' id='word_1_171' title='bbox 316 1753 482 1792; x_wconf 77' lang='lat' dir='ltr'>spectent</span> <span class='ocrx_word' id='word_1_172' title='bbox 517 1754 629 1793; x_wconf 79' lang='lat' dir='ltr'>alque</span> <span class='ocrx_word' id='word_1_173' title='bbox 653 1753 775 1793; x_wconf 78' lang='lat' dir='ltr'>serant</span> <span class='ocrx_word' id='word_1_174' title='bbox 800 1760 858 1784; x_wconf 82' lang='lat' dir='ltr'>ve·</span> 
     </span>
     <span class='ocr_line' id='line_1_31' title="bbox 125 1798 857 1840; baseline 0 -9"><span class='ocrx_word' id='word_1_175' title='bbox 125 1799 236 1840; x_wconf 64' lang='grc' dir='ltr'><strong><em>αἰσία</em></strong></span> <span class='ocrx_word' id='word_1_176' title='bbox 259 1807 297 1832; x_wconf 77' lang='lat' dir='ltr'>se</span> <span class='ocrx_word' id='word_1_177' title='bbox 322 1800 445 1832; x_wconf 76' lang='lat' dir='ltr'>omnia</span> <span class='ocrx_word' id='word_1_178' title='bbox 464 1801 642 1840; x_wconf 74' lang='lat' dir='ltr'>prorsus?</span> <span class='ocrx_word' id='word_1_179' title='bbox 669 1798 745 1832; x_wconf 84' lang='lat' dir='ltr'>Cfr.</span> <span class='ocrx_word' id='word_1_180' title='bbox 761 1798 857 1832; x_wconf 83' lang='lat' dir='ltr'>Plat.</span> 
     </span>
     <span class='ocr_line' id='line_1_32' title="bbox 128 1844 527 1890; baseline 0 -11"><span class='ocrx_word' id='word_1_181' title='bbox 128 1845 248 1880; x_wconf 78' lang='lat' dir='ltr'>Alcib.</span> <span class='ocrx_word' id='word_1_182' title='bbox 272 1844 302 1879; x_wconf 89' lang='lat' dir='ltr'>L</span> <span class='ocrx_word' id='word_1_183' title='bbox 327 1856 366 1890; x_wconf 90' lang='lat' dir='ltr'>p.</span> <span class='ocrx_word' id='word_1_184' title='bbox 391 1847 458 1879; x_wconf 87' lang='lat'>123</span> <span class='ocrx_word' id='word_1_185' title='bbox 483 1846 527 1879; x_wconf 82' lang='lat' dir='ltr'>A.</span> 
     </span>
    </p>
   </div>
   <div class='ocr_carea' id='block_1_11' title="bbox 130 1938 869 2732">
    <p class='ocr_par' dir='ltr' id='par_1_12' title="bbox 130 1938 869 2732">
     <span class='ocr_line' id='line_1_33' title="bbox 178 1938 860 1984; baseline 0 -12"><span class='ocrx_word' id='word_1_186' title='bbox 178 1939 298 1973; x_wconf 81' lang='lat'><strong>76-80.</strong></span> <span class='ocrx_word' id='word_1_187' title='bbox 324 1940 446 1972; x_wconf 79' lang='lat' dir='ltr'>Belua</span> <span class='ocrx_word' id='word_1_188' title='bbox 463 1939 548 1982; x_wconf 87' lang='lat' dir='ltr'>cet.]</span> <span class='ocrx_word' id='word_1_189' title='bbox 576 1938 711 1984; x_wconf 76' lang='lat' dir='ltr'>„Volgi</span> <span class='ocrx_word' id='word_1_190' title='bbox 736 1939 860 1983; x_wconf 89' lang='lat' dir='ltr'>plera-</span> 
     </span>
     <span class='ocr_line' id='line_1_34' title="bbox 130 1985 861 2030; baseline 0.003 -12"><span class='ocrx_word' id='word_1_191' title='bbox 130 1995 204 2030; x_wconf 91' lang='lat' dir='ltr'>que</span> <span class='ocrx_word' id='word_1_192' title='bbox 230 1985 371 2019; x_wconf 87' lang='lat' dir='ltr'>iudicia</span> <span class='ocrx_word' id='word_1_193' title='bbox 395 1986 444 2028; x_wconf 69' lang='lat' dir='ltr'>(V.</span> <span class='ocrx_word' id='word_1_194' title='bbox 463 1987 535 2028; x_wconf 87' lang='grc'><strong>71.)</strong></span> <span class='ocrx_word' id='word_1_195' title='bbox 561 1997 604 2020; x_wconf 90' lang='lat' dir='ltr'>ac</span> <span class='ocrx_word' id='word_1_196' title='bbox 630 1986 755 2020; x_wconf 84' lang='lat' dir='ltr'>studia</span> <span class='ocrx_word' id='word_1_197' title='bbox 777 1997 861 2030; x_wconf 91' lang='lat' dir='ltr'>par-</span> 
     </span>
     <span class='ocr_line' id='line_1_35' title="bbox 130 2032 862 2077; baseline 0.003 -13"><span class='ocrx_word' id='word_1_198' title='bbox 130 2033 197 2065; x_wconf 83' lang='lat' dir='ltr'>tim</span> <span class='ocrx_word' id='word_1_199' title='bbox 222 2034 312 2065; x_wconf 87' lang='lat' dir='ltr'>sunt</span> <span class='ocrx_word' id='word_1_200' title='bbox 328 2034 402 2065; x_wconf 87' lang='lat' dir='ltr'>tam</span> <span class='ocrx_word' id='word_1_201' title='bbox 428 2032 576 2067; x_wconf 87' lang='lat' dir='ltr'>diversa</span> <span class='ocrx_word' id='word_1_202' title='bbox 598 2036 712 2077; x_wconf 89' lang='lat' dir='ltr'>atque</span> <span class='ocrx_word' id='word_1_203' title='bbox 729 2034 862 2066; x_wconf 87' lang='lat' dir='ltr'>incon-</span> 
     </span>
     <span class='ocr_line' id='line_1_36' title="bbox 133 2078 862 2122; baseline 0 -10"><span class='ocrx_word' id='word_1_204' title='bbox 133 2078 283 2119; x_wconf 84' lang='lat' dir='ltr'>stantia,</span> <span class='ocrx_word' id='word_1_205' title='bbox 307 2079 443 2122; x_wconf 86' lang='lat' dir='ltr'>partim</span> <span class='ocrx_word' id='word_1_206' title='bbox 469 2080 579 2113; x_wconf 89' lang='lat' dir='ltr'>etiam</span> <span class='ocrx_word' id='word_1_207' title='bbox 597 2083 672 2113; x_wconf 88' lang='lat' dir='ltr'>tam</span> <span class='ocrx_word' id='word_1_208' title='bbox 697 2079 862 2120; x_wconf 84' lang='lat' dir='ltr'>sordida,</span> 
     </span>
     <span class='ocr_line' id='line_1_37' title="bbox 134 2125 862 2168; baseline 0 -10"><span class='ocrx_word' id='word_1_209' title='bbox 134 2133 222 2158; x_wconf 80' lang='lat' dir='ltr'>oum</span> <span class='ocrx_word' id='word_1_210' title='bbox 256 2125 404 2158; x_wconf 86' lang='lat' dir='ltr'>lucrum</span> <span class='ocrx_word' id='word_1_211' title='bbox 438 2126 572 2168; x_wconf 87' lang='lat' dir='ltr'>quovis</span> <span class='ocrx_word' id='word_1_212' title='bbox 604 2126 715 2160; x_wconf 89' lang='lat' dir='ltr'>modo</span> <span class='ocrx_word' id='word_1_213' title='bbox 749 2126 862 2159; x_wconf 88' lang='lat' dir='ltr'>unice</span> 
     </span>
     <span class='ocr_line' id='line_1_38' title="bbox 134 2171 864 2216; baseline 0.001 -11"><span class='ocrx_word' id='word_1_214' title='bbox 134 2171 288 2215; x_wconf 70' lang='lat' dir='ltr'>appetit,</span> <span class='ocrx_word' id='word_1_215' title='bbox 304 2174 347 2205; x_wconf 88' lang='lat' dir='ltr'>ut</span> <span class='ocrx_word' id='word_1_216' title='bbox 359 2171 536 2215; x_wconf 87' lang='lat' dir='ltr'>equidem</span> <span class='ocrx_word' id='word_1_217' title='bbox 553 2182 598 2206; x_wconf 84' lang='lat' dir='ltr'>ea</span> <span class='ocrx_word' id='word_1_218' title='bbox 612 2173 720 2216; x_wconf 90' lang='lat' dir='ltr'>sequi</span> <span class='ocrx_word' id='word_1_219' title='bbox 738 2183 864 2216; x_wconf 89' lang='lat' dir='ltr'>neque</span> 
     </span>
     <span class='ocr_line' id='line_1_39' title="bbox 133 2218 866 2262; baseline -0.001 -10"><span class='ocrx_word' id='word_1_220' title='bbox 133 2218 246 2252; x_wconf 75' lang='lat' dir='ltr'>velim</span> <span class='ocrx_word' id='word_1_221' title='bbox 278 2228 350 2252; x_wconf 89' lang='grc'><strong>1100</strong></span> <span class='ocrx_word' id='word_1_222' title='bbox 383 2219 551 2262; x_wconf 83' lang='lat' dir='ltr'>queam.“</span> <span class='ocrx_word' id='word_1_223' title='bbox 580 2238 622 2242; x_wconf 97' lang='lat'><strong>—</strong></span> <span class='ocrx_word' id='word_1_224' title='bbox 648 2220 866 2252; x_wconf 77' lang='lat' dir='ltr'>multorum-</span> 
     </span>
     <span class='ocr_line' id='line_1_40' title="bbox 135 2265 866 2310; baseline 0 -12"><span class='ocrx_word' id='word_1_225' title='bbox 135 2265 310 2308; x_wconf 76' lang='lat' dir='ltr'>cam&#39;lum]</span> <span class='ocrx_word' id='word_1_226' title='bbox 328 2265 446 2309; x_wconf 80' lang='lat' dir='ltr'>Saepe</span> <span class='ocrx_word' id='word_1_227' title='bbox 463 2265 678 2308; x_wconf 85' lang='lat' dir='ltr'>multitudo,</span> <span class='ocrx_word' id='word_1_228' title='bbox 703 2266 866 2310; x_wconf 77' lang='lat' dir='ltr'>tyranni,</span> 
     </span>
     <span class='ocr_line' id='line_1_41' title="bbox 134 2312 866 2357; baseline -0.001 -11"><span class='ocrx_word' id='word_1_229' title='bbox 134 2312 251 2346; x_wconf 74' lang='lat' dir='ltr'>animi</span> <span class='ocrx_word' id='word_1_230' title='bbox 276 2312 578 2357; x_wconf 83' lang='lat' dir='ltr'>perturbationes</span> <span class='ocrx_word' id='word_1_231' title='bbox 602 2315 866 2357; x_wconf 83' lang='lat' dir='ltr'>comparantur</span> 
     </span>
     <span class='ocr_line' id='line_1_42' title="bbox 136 2357 866 2401; baseline 0.001 -9"><span class='ocrx_word' id='word_1_232' title='bbox 136 2368 220 2392; x_wconf 84' lang='lat' dir='ltr'>eum</span> <span class='ocrx_word' id='word_1_233' title='bbox 236 2360 415 2393; x_wconf 80' lang='lat' dir='ltr'>monstris</span> <span class='ocrx_word' id='word_1_234' title='bbox 441 2357 734 2401; x_wconf 83' lang='grc' dir='ltr'><em>πολυκεφάλοις.</em></span> <span class='ocrx_word' id='word_1_235' title='bbox 759 2359 866 2393; x_wconf 86' lang='lat' dir='ltr'>Plato</span> 
     </span>
     <span class='ocr_line' id='line_1_43' title="bbox 137 2405 867 2452; baseline 0.003 -13"><span class='ocrx_word' id='word_1_236' title='bbox 137 2405 182 2440; x_wconf 91' lang='lat' dir='ltr'>de</span> <span class='ocrx_word' id='word_1_237' title='bbox 207 2405 299 2450; x_wconf 87' lang='lat' dir='ltr'>Rep.</span> <span class='ocrx_word' id='word_1_238' title='bbox 325 2409 359 2440; x_wconf 88' lang='grc'>9.</span> <span class='ocrx_word' id='word_1_239' title='bbox 385 2417 420 2450; x_wconf 88' lang='lat' dir='ltr'>p.</span> <span class='ocrx_word' id='word_1_240' title='bbox 439 2408 519 2440; x_wconf 88' lang='grc'>588.</span> <span class='ocrx_word' id='word_1_241' title='bbox 546 2407 585 2440; x_wconf 83' lang='lat' dir='ltr'>O.</span> <span class='ocrx_word' id='word_1_242' title='bbox 613 2407 659 2441; x_wconf 88' lang='lat' dir='ltr'>de</span> <span class='ocrx_word' id='word_1_243' title='bbox 685 2409 867 2452; x_wconf 84' lang='lat' dir='ltr'>tyranno:</span> 
     </span>
     <span class='ocr_line' id='line_1_44' title="bbox 134 2450 868 2497; baseline 0 -12"><span class='ocrx_word' id='word_1_244' title='bbox 134 2450 285 2486; x_wconf 83' lang='grc' dir='ltr'><em>Πλάττε</em></span> <span class='ocrx_word' id='word_1_245' title='bbox 310 2454 438 2487; x_wconf 77' lang='grc' dir='ltr'>τοίνυν</span> <span class='ocrx_word' id='word_1_246' title='bbox 462 2455 555 2496; x_wconf 82' lang='grc' dir='ltr'><em>μίαν</em></span> <span class='ocrx_word' id='word_1_247' title='bbox 570 2454 641 2497; x_wconf 79' lang='grc' dir='ltr'>μὲν</span> <span class='ocrx_word' id='word_1_248' title='bbox 667 2453 769 2487; x_wconf 83' lang='grc' dir='ltr'><strong><em>ἰδέαν</em></strong></span> <span class='ocrx_word' id='word_1_249' title='bbox 794 2454 868 2496; x_wconf 78' lang='grc' dir='ltr'>θη-</span> 
     </span>
     <span class='ocr_line' id='line_1_45' title="bbox 136 2497 867 2546; baseline 0 -14"><span class='ocrx_word' id='word_1_250' title='bbox 136 2500 222 2546; x_wconf 77' lang='grc' dir='ltr'><em>ρίου</em></span> <span class='ocrx_word' id='word_1_251' title='bbox 264 2499 440 2534; x_wconf 73' lang='grc' dir='ltr'><em>ποικίλου</em></span> <span class='ocrx_word' id='word_1_252' title='bbox 477 2503 544 2534; x_wconf 83' lang='grc' dir='ltr'>καὶ</span> <span class='ocrx_word' id='word_1_253' title='bbox 581 2497 867 2542; x_wconf 79' lang='grc' dir='ltr'><em>πολυκεφάλου,</em></span> 
     </span>
     <span class='ocr_line' id='line_1_46' title="bbox 137 2542 869 2594; baseline -0.001 -14"><span class='ocrx_word' id='word_1_254' title='bbox 137 2542 291 2592; x_wconf 77' lang='grc' dir='ltr'><em>ἡμέρων</em></span> <span class='ocrx_word' id='word_1_255' title='bbox 307 2546 347 2580; x_wconf 77' lang='grc' dir='ltr'>δὲ</span> <span class='ocrx_word' id='word_1_256' title='bbox 364 2547 510 2594; x_wconf 78' lang='grc' dir='ltr'><strong><em>θηρίων</em></strong></span> <span class='ocrx_word' id='word_1_257' title='bbox 521 2544 680 2590; x_wconf 76' lang='grc' dir='ltr'><em>ἔχοντος</em></span> <span class='ocrx_word' id='word_1_258' title='bbox 697 2545 869 2590; x_wconf 80' lang='grc' dir='ltr'><em>κεφαλὰς</em></span> 
     </span>
     <span class='ocr_line' id='line_1_47' title="bbox 137 2591 868 2641; baseline 0.005 -16"><span class='ocrx_word' id='word_1_259' title='bbox 137 2591 264 2640; x_wconf 80' lang='grc' dir='ltr'><em>κύκλῳ</em></span> <span class='ocrx_word' id='word_1_260' title='bbox 287 2596 353 2627; x_wconf 76' lang='grc' dir='ltr'>καὶ</span> <span class='ocrx_word' id='word_1_261' title='bbox 376 2592 530 2641; x_wconf 78' lang='grc' dir='ltr'><em>ἀγρίων.</em></span> <span class='ocrx_word' id='word_1_262' title='bbox 581 2595 868 2638; x_wconf 79' lang='lat' dir='ltr'>„Proverbiumz</span> 
     </span>
     <span class='ocr_line' id='line_1_48' title="bbox 141 2638 868 2686; baseline 0.003 -13"><span class='ocrx_word' id='word_1_263' title='bbox 141 2638 240 2678; x_wconf 80' lang='lat' dir='ltr'>Quot</span> <span class='ocrx_word' id='word_1_264' title='bbox 263 2642 405 2686; x_wconf 85' lang='lat' dir='ltr'>capita,</span> <span class='ocrx_word' id='word_1_265' title='bbox 431 2645 487 2676; x_wconf 78' lang='lat' dir='ltr'>tot</span> <span class='ocrx_word' id='word_1_266' title='bbox 510 2643 676 2676; x_wconf 84' lang='lat' dir='ltr'>sensus.“</span> <span class='ocrx_word' id='word_1_267' title='bbox 730 2642 868 2675; x_wconf 84' lang='lat' dir='ltr'>GLoss.</span> 
     </span>
     <span class='ocr_line' id='line_1_49' title="bbox 143 2687 868 2732; baseline 0.004 -13"><span class='ocrx_word' id='word_1_268' title='bbox 143 2703 185 2710; x_wconf 86' lang='lat'>—·</span> <span class='ocrx_word' id='word_1_269' title='bbox 201 2687 294 2721; x_wconf 72' lang='lat' dir='ltr'>Pare</span> <span class='ocrx_word' id='word_1_270' title='bbox 313 2690 496 2722; x_wconf 71' lang='lat' dir='ltr'>hominum</span> <span class='ocrx_word' id='word_1_271' title='bbox 510 2689 595 2732; x_wconf 70' lang='lat' dir='ltr'>cet]</span> <span class='ocrx_word' id='word_1_272' title='bbox 615 2688 753 2732; x_wconf 78' lang='lat' dir='ltr'>„Varia</span> <span class='ocrx_word' id='word_1_273' title='bbox 770 2689 868 2723; x_wconf 88' lang='lat' dir='ltr'>enim</span> 
     </span>
    </p>
   </div>
   <div class='ocr_carea' id='block_1_12' title="bbox 901 1039 1648 2734">
    <p class='ocr_par' dir='ltr' id='par_1_13' title="bbox 901 1039 1648 2734">
     <span class='ocr_line' id='line_1_50' title="bbox 902 1039 1636 1085; baseline -0.007 -7"><span class='ocrx_word' id='word_1_274' title='bbox 902 1046 993 1078; x_wconf 90' lang='lat' dir='ltr'>sunt</span> <span class='ocrx_word' id='word_1_275' title='bbox 1026 1042 1222 1077; x_wconf 88' lang='lat' dir='ltr'>hominum</span> <span class='ocrx_word' id='word_1_276' title='bbox 1256 1041 1464 1085; x_wconf 82' lang='lat' dir='ltr'>volgarium</span> <span class='ocrx_word' id='word_1_277' title='bbox 1500 1039 1636 1082; x_wconf 84' lang='lat' dir='ltr'>studia,</span> 
     </span>
     <span class='ocr_line' id='line_1_51' title="bbox 902 1088 1636 1134; baseline -0.007 -9"><span class='ocrx_word' id='word_1_278' title='bbox 902 1090 1029 1125; x_wconf 86' lang='lat' dir='ltr'>omnia</span> <span class='ocrx_word' id='word_1_279' title='bbox 1041 1093 1165 1124; x_wconf 89' lang='lat' dir='ltr'>tamen</span> <span class='ocrx_word' id='word_1_280' title='bbox 1180 1088 1408 1134; x_wconf 84' lang='lat' dir='ltr'>quaesticuli</span> <span class='ocrx_word' id='word_1_281' title='bbox 1423 1098 1537 1122; x_wconf 83' lang='lat' dir='ltr'>causa</span> <span class='ocrx_word' id='word_1_282' title='bbox 1554 1097 1636 1120; x_wconf 86' lang='lat' dir='ltr'>sus-</span> 
     </span>
     <span class='ocr_line' id='line_1_52' title="bbox 902 1133 1636 1182; baseline -0.007 -10"><span class='ocrx_word' id='word_1_283' title='bbox 902 1141 1028 1182; x_wconf 81' lang='lat' dir='ltr'>cepta3</span> <span class='ocrx_word' id='word_1_284' title='bbox 1053 1137 1100 1171; x_wconf 88' lang='lat' dir='ltr'>ad</span> <span class='ocrx_word' id='word_1_285' title='bbox 1125 1136 1254 1170; x_wconf 86' lang='lat' dir='ltr'>hocin</span> <span class='ocrx_word' id='word_1_286' title='bbox 1281 1135 1374 1180; x_wconf 88' lang='lat' dir='ltr'>ipsis</span> <span class='ocrx_word' id='word_1_287' title='bbox 1401 1135 1481 1169; x_wconf 89' lang='lat' dir='ltr'>suis</span> <span class='ocrx_word' id='word_1_288' title='bbox 1500 1133 1636 1168; x_wconf 90' lang='lat' dir='ltr'>studiis</span> 
     </span>
     <span class='ocr_line' id='line_1_53' title="bbox 901 1184 1637 1230; baseline -0.007 -11"><span class='ocrx_word' id='word_1_289' title='bbox 901 1195 1098 1230; x_wconf 91' lang='lat' dir='ltr'>nunquam</span> <span class='ocrx_word' id='word_1_290' title='bbox 1124 1184 1194 1218; x_wconf 91' lang='lat' dir='ltr'>sibi</span> <span class='ocrx_word' id='word_1_291' title='bbox 1227 1186 1421 1223; x_wconf 83' lang='lat' dir='ltr'>constant,</span> <span class='ocrx_word' id='word_1_292' title='bbox 1455 1191 1637 1216; x_wconf 85' lang='lat' dir='ltr'>novarum</span> 
     </span>
     <span class='ocr_line' id='line_1_54' title="bbox 903 1229 1637 1276; baseline -0.008 -9"><span class='ocrx_word' id='word_1_293' title='bbox 903 1242 1049 1276; x_wconf 82' lang='lat' dir='ltr'>semper</span> <span class='ocrx_word' id='word_1_294' title='bbox 1090 1232 1325 1275; x_wconf 81' lang='lat' dir='ltr'>voluptatum</span> <span class='ocrx_word' id='word_1_295' title='bbox 1363 1229 1483 1272; x_wconf 84' lang='lat' dir='ltr'>avidi3</span> <span class='ocrx_word' id='word_1_296' title='bbox 1526 1239 1637 1273; x_wconf 88' lang='lat' dir='ltr'>quam</span> 
     </span>
     <span class='ocr_line' id='line_1_55' title="bbox 904 1277 1636 1324; baseline -0.005 -11"><span class='ocrx_word' id='word_1_297' title='bbox 904 1280 1058 1324; x_wconf 89' lang='lat' dir='ltr'>quidem</span> <span class='ocrx_word' id='word_1_298' title='bbox 1073 1278 1262 1322; x_wconf 89' lang='lat' dir='ltr'>duplicem</span> <span class='ocrx_word' id='word_1_299' title='bbox 1273 1277 1557 1321; x_wconf 81' lang='lat' dir='ltr'>perversitatem</span> <span class='ocrx_word' id='word_1_300' title='bbox 1569 1286 1636 1320; x_wconf 90' lang='lat' dir='ltr'>ego</span> 
     </span>
     <span class='ocr_line' id='line_1_56' title="bbox 904 1325 1637 1365; baseline -0.004 -6"><span class='ocrx_word' id='word_1_301' title='bbox 904 1327 1023 1360; x_wconf 83' lang='lat' dir='ltr'>vitare</span> <span class='ocrx_word' id='word_1_302' title='bbox 1058 1326 1207 1359; x_wconf 88' lang='lat' dir='ltr'>conor.“</span> <span class='ocrx_word' id='word_1_303' title='bbox 1237 1343 1279 1348; x_wconf 77' lang='lat'>—-</span> <span class='ocrx_word' id='word_1_304' title='bbox 1307 1325 1411 1365; x_wconf 69' lang='lat' dir='ltr'>uestit</span> <span class='ocrx_word' id='word_1_305' title='bbox 1436 1325 1637 1357; x_wconf 77' lang='lat' dir='ltr'>conducere</span> 
     </span>
     <span class='ocr_line' id='line_1_57' title="bbox 901 1370 1639 1418; baseline -0.005 -12"><span class='ocrx_word' id='word_1_306' title='bbox 901 1373 1065 1415; x_wconf 79' lang='lat' dir='ltr'>publica]</span> <span class='ocrx_word' id='word_1_307' title='bbox 1091 1372 1238 1406; x_wconf 88' lang='lat' dir='ltr'>Primos</span> <span class='ocrx_word' id='word_1_308' title='bbox 1266 1371 1445 1415; x_wconf 89' lang='lat' dir='ltr'>producit</span> <span class='ocrx_word' id='word_1_309' title='bbox 1467 1370 1639 1418; x_wconf 73' lang='lat' dir='ltr'>publica-</span> 
     </span>
     <span class='ocr_line' id='line_1_58' title="bbox 905 1419 1639 1464; baseline -0.007 -9"><span class='ocrx_word' id='word_1_310' title='bbox 905 1431 992 1464; x_wconf 45' lang='lat' dir='ltr'>nos,</span> <span class='ocrx_word' id='word_1_311' title='bbox 1012 1430 1156 1453; x_wconf 89' lang='lat' dir='ltr'>summa</span> <span class='ocrx_word' id='word_1_312' title='bbox 1173 1419 1380 1464; x_wconf 87' lang='lat' dir='ltr'>cupiditate</span> <span class='ocrx_word' id='word_1_313' title='bbox 1399 1419 1639 1462; x_wconf 84' lang='lat' dir='ltr'>scripturam,</span> 
     </span>
     <span class='ocr_line' id='line_1_59' title="bbox 904 1464 1640 1512; baseline -0.005 -11"><span class='ocrx_word' id='word_1_314' title='bbox 904 1467 1072 1512; x_wconf 88' lang='lat' dir='ltr'>portoria</span> <span class='ocrx_word' id='word_1_315' title='bbox 1098 1469 1319 1510; x_wconf 89' lang='lat' dir='ltr'>ceterosque</span> <span class='ocrx_word' id='word_1_316' title='bbox 1343 1465 1517 1510; x_wconf 91' lang='lat' dir='ltr'>publicos</span> <span class='ocrx_word' id='word_1_317' title='bbox 1541 1464 1640 1498; x_wconf 89' lang='lat' dir='ltr'>redi-</span> 
     </span>
     <span class='ocr_line' id='line_1_60' title="bbox 904 1512 1637 1554; baseline -0.005 -6"><span class='ocrx_word' id='word_1_318' title='bbox 904 1518 965 1548; x_wconf 87' lang='lat' dir='ltr'>tus</span> <span class='ocrx_word' id='word_1_319' title='bbox 999 1515 1247 1547; x_wconf 77' lang='lat' dir='ltr'>conducentes.</span> <span class='ocrx_word' id='word_1_320' title='bbox 1275 1532 1318 1536; x_wconf 90' lang='lat'>—</span> <span class='ocrx_word' id='word_1_321' title='bbox 1343 1516 1428 1546; x_wconf 76' lang='lat' dir='ltr'>sunt</span> <span class='ocrx_word' id='word_1_322' title='bbox 1453 1514 1516 1553; x_wconf 77' lang='lat' dir='ltr'>qui</span> <span class='ocrx_word' id='word_1_323' title='bbox 1551 1512 1637 1554; x_wconf 86' lang='lat' dir='ltr'>cet.]</span> 
     </span>
     <span class='ocr_line' id='line_1_61' title="bbox 906 1560 1641 1605; baseline -0.004 -10"><span class='ocrx_word' id='word_1_324' title='bbox 906 1561 1004 1596; x_wconf 86' lang='lat' dir='ltr'>Satis</span> <span class='ocrx_word' id='word_1_325' title='bbox 1021 1571 1145 1596; x_wconf 84' lang='lat' dir='ltr'>amare</span> <span class='ocrx_word' id='word_1_326' title='bbox 1164 1571 1248 1594; x_wconf 90' lang='lat' dir='ltr'>cum</span> <span class='ocrx_word' id='word_1_327' title='bbox 1272 1560 1498 1605; x_wconf 88' lang='lat' dir='ltr'>publicanis,</span> <span class='ocrx_word' id='word_1_328' title='bbox 1527 1570 1641 1603; x_wconf 92' lang='lat' dir='ltr'>eque-</span> 
     </span>
     <span class='ocr_line' id='line_1_62' title="bbox 906 1606 1640 1650; baseline -0.005 -7"><span class='ocrx_word' id='word_1_329' title='bbox 906 1609 994 1643; x_wconf 87' lang='lat' dir='ltr'>stris</span> <span class='ocrx_word' id='word_1_330' title='bbox 1020 1608 1166 1642; x_wconf 87' lang='lat' dir='ltr'>ordinis</span> <span class='ocrx_word' id='word_1_331' title='bbox 1192 1608 1295 1650; x_wconf 82' lang='lat' dir='ltr'>viris,</span> <span class='ocrx_word' id='word_1_332' title='bbox 1322 1607 1521 1641; x_wconf 83' lang='lat' dir='ltr'>committit</span> <span class='ocrx_word' id='word_1_333' title='bbox 1545 1606 1640 1640; x_wconf 82' lang='lat' dir='ltr'>viles</span> 
     </span>
     <span class='ocr_line' id='line_1_63' title="bbox 906 1654 1641 1701; baseline -0.005 -11"><span class='ocrx_word' id='word_1_334' title='bbox 906 1659 1116 1701; x_wconf 84' lang='lat' dir='ltr'>captatores</span> <span class='ocrx_word' id='word_1_335' title='bbox 1143 1655 1427 1699; x_wconf 85' lang='lat' dir='ltr'>(heredipetas),</span> <span class='ocrx_word' id='word_1_336' title='bbox 1453 1654 1519 1698; x_wconf 91' lang='lat' dir='ltr'>qui</span> <span class='ocrx_word' id='word_1_337' title='bbox 1544 1664 1641 1687; x_wconf 84' lang='lat' dir='ltr'>anus</span> 
     </span>
     <span class='ocr_line' id='line_1_64' title="bbox 905 1701 1641 1746; baseline -0.004 -9"><span class='ocrx_word' id='word_1_338' title='bbox 905 1703 1038 1737; x_wconf 78' lang='lat' dir='ltr'>viduas</span> <span class='ocrx_word' id='word_1_339' title='bbox 1064 1713 1252 1746; x_wconf 89' lang='lat' dir='ltr'>senesque</span> <span class='ocrx_word' id='word_1_340' title='bbox 1279 1702 1441 1736; x_wconf 84' lang='lat' dir='ltr'>caelibes</span> <span class='ocrx_word' id='word_1_341' title='bbox 1467 1704 1505 1735; x_wconf 89' lang='lat' dir='ltr'>et</span> <span class='ocrx_word' id='word_1_342' title='bbox 1530 1701 1641 1734; x_wconf 91' lang='lat' dir='ltr'>orbos</span> 
     </span>
     <span class='ocr_line' id='line_1_65' title="bbox 907 1749 1642 1794; baseline -0.004 -10"><span class='ocrx_word' id='word_1_343' title='bbox 907 1751 1018 1785; x_wconf 91' lang='lat' dir='ltr'>donis</span> <span class='ocrx_word' id='word_1_344' title='bbox 1043 1750 1149 1794; x_wconf 82' lang='lat' dir='ltr'>parvi</span> <span class='ocrx_word' id='word_1_345' title='bbox 1166 1749 1293 1794; x_wconf 87' lang='lat' dir='ltr'>pretii,</span> <span class='ocrx_word' id='word_1_346' title='bbox 1319 1749 1384 1783; x_wconf 89' lang='lat' dir='ltr'>sed</span> <span class='ocrx_word' id='word_1_347' title='bbox 1410 1749 1533 1793; x_wconf 84' lang='lat' dir='ltr'>palato</span> <span class='ocrx_word' id='word_1_348' title='bbox 1559 1758 1642 1793; x_wconf 85' lang='lat' dir='ltr'>gra-</span> 
     </span>
     <span class='ocr_line' id='line_1_66' title="bbox 907 1796 1643 1840; baseline -0.005 -8"><span class='ocrx_word' id='word_1_349' title='bbox 907 1799 974 1840; x_wconf 86' lang='lat' dir='ltr'>tis,</span> <span class='ocrx_word' id='word_1_350' title='bbox 1007 1802 1050 1831; x_wconf 88' lang='lat' dir='ltr'>ut</span> <span class='ocrx_word' id='word_1_351' title='bbox 1082 1798 1254 1830; x_wconf 76' lang='lat' dir='ltr'>crustulis</span> <span class='ocrx_word' id='word_1_352' title='bbox 1289 1796 1388 1839; x_wconf 84' lang='lat' dir='ltr'>(Sat.</span> <span class='ocrx_word' id='word_1_353' title='bbox 1426 1799 1464 1835; x_wconf 89' lang='lat'>1,</span> <span class='ocrx_word' id='word_1_354' title='bbox 1500 1798 1538 1837; x_wconf 91' lang='grc'>1,</span> <span class='ocrx_word' id='word_1_355' title='bbox 1573 1797 1643 1837; x_wconf 80' lang='grc'><strong>25.,</strong></span> 
     </span>
     <span class='ocr_line' id='line_1_67' title="bbox 908 1843 1643 1889; baseline -0.004 -11"><span class='ocrx_word' id='word_1_356' title='bbox 908 1855 1023 1889; x_wconf 89' lang='lat' dir='ltr'>opere</span> <span class='ocrx_word' id='word_1_357' title='bbox 1040 1844 1237 1886; x_wconf 87' lang='lat' dir='ltr'>dulciario,</span> <span class='ocrx_word' id='word_1_358' title='bbox 1255 1845 1447 1878; x_wconf 73' lang='lat' dir='ltr'>mustaceis</span> <span class='ocrx_word' id='word_1_359' title='bbox 1465 1843 1594 1876; x_wconf 84' lang='lat' dir='ltr'>Iuven.</span> <span class='ocrx_word' id='word_1_360' title='bbox 1609 1844 1643 1883; x_wconf 86' lang='lat'>6,</span> 
     </span>
     <span class='ocr_line' id='line_1_68' title="bbox 909 1890 1642 1934; baseline -0.004 -9"><span class='ocrx_word' id='word_1_361' title='bbox 909 1893 1006 1934; x_wconf 89' lang='lat'><strong>202.)</strong></span> <span class='ocrx_word' id='word_1_362' title='bbox 1042 1895 1078 1925; x_wconf 90' lang='lat' dir='ltr'>et</span> <span class='ocrx_word' id='word_1_363' title='bbox 1101 1893 1216 1933; x_wconf 76' lang='lat' dir='ltr'>pomis</span> <span class='ocrx_word' id='word_1_364' title='bbox 1250 1891 1438 1933; x_wconf 91' lang='lat' dir='ltr'>(omnium</span> <span class='ocrx_word' id='word_1_365' title='bbox 1465 1890 1642 1924; x_wconf 85' lang='lat' dir='ltr'>arborum</span> 
     </span>
     <span class='ocr_line' id='line_1_69' title="bbox 909 1936 1643 1982; baseline -0.004 -9"><span class='ocrx_word' id='word_1_366' title='bbox 909 1939 1108 1981; x_wconf 83' lang='lat' dir='ltr'>fructibus,</span> <span class='ocrx_word' id='word_1_367' title='bbox 1136 1939 1200 1982; x_wconf 89' lang='lat' dir='ltr'>qui</span> <span class='ocrx_word' id='word_1_368' title='bbox 1218 1939 1371 1982; x_wconf 89' lang='lat' dir='ltr'>pulpam</span> <span class='ocrx_word' id='word_1_369' title='bbox 1389 1937 1541 1979; x_wconf 81' lang='lat' dir='ltr'>habent,</span> <span class='ocrx_word' id='word_1_370' title='bbox 1568 1936 1643 1971; x_wconf 88' lang='lat' dir='ltr'>Sat.</span> 
     </span>
     <span class='ocr_line' id='line_1_70' title="bbox 910 1984 1643 2029; baseline -0.005 -9"><span class='ocrx_word' id='word_1_371' title='bbox 910 1989 943 2029; x_wconf 89' lang='lat'>2,</span> <span class='ocrx_word' id='word_1_372' title='bbox 969 1989 1002 2028; x_wconf 89' lang='lat'>5,</span> <span class='ocrx_word' id='word_1_373' title='bbox 1031 1987 1100 2029; x_wconf 87' lang='lat'><strong>12.)</strong></span> <span class='ocrx_word' id='word_1_374' title='bbox 1127 1986 1357 2027; x_wconf 84' lang='lat' dir='ltr'>alliciebant.</span> <span class='ocrx_word' id='word_1_375' title='bbox 1373 1984 1643 2026; x_wconf 67' lang='lat' dir='ltr'>——Eoecipianss</span> 
     </span>
     <span class='ocr_line' id='line_1_71' title="bbox 910 2031 1643 2073; baseline -0.005 -6"><span class='ocrx_word' id='word_1_376' title='bbox 910 2033 1065 2067; x_wconf 85' lang='lat' dir='ltr'>verbum</span> <span class='ocrx_word' id='word_1_377' title='bbox 1090 2033 1336 2067; x_wconf 81' lang='lat' dir='ltr'>venatoriam.</span> <span class='ocrx_word' id='word_1_378' title='bbox 1363 2031 1432 2065; x_wconf 88' lang='lat' dir='ltr'>od.</span> <span class='ocrx_word' id='word_1_379' title='bbox 1452 2034 1484 2073; x_wconf 86' lang='lat'>3,</span> <span class='ocrx_word' id='word_1_380' title='bbox 1505 2033 1559 2073; x_wconf 86' lang='lat'>12,</span> <span class='ocrx_word' id='word_1_381' title='bbox 1581 2033 1643 2064; x_wconf 85' lang='lat'>12:</span> 
     </span>
     <span class='ocr_line' id='line_1_72' title="bbox 912 2078 1646 2122; baseline -0.005 -8"><span class='ocrx_word' id='word_1_382' title='bbox 912 2082 1075 2121; x_wconf 75' lang='lat' dir='ltr'>excipere</span> <span class='ocrx_word' id='word_1_383' title='bbox 1109 2088 1260 2122; x_wconf 79' lang='lat' dir='ltr'>aprum,</span> <span class='ocrx_word' id='word_1_384' title='bbox 1299 2078 1545 2118; x_wconf 66' lang='grc' dir='ltr'><em>ἐκδέχεσθαι,</em></span> <span class='ocrx_word' id='word_1_385' title='bbox 1583 2079 1646 2110; x_wconf 84' lang='lat' dir='ltr'>ab·</span> 
     </span>
     <span class='ocr_line' id='line_1_73' title="bbox 910 2124 1643 2168; baseline -0.003 -9"><span class='ocrx_word' id='word_1_386' title='bbox 910 2128 1058 2168; x_wconf 74' lang='lat' dir='ltr'>sanqen.</span> <span class='ocrx_word' id='word_1_387' title='bbox 1077 2145 1120 2149; x_wconf 86' lang='lat'><em>-</em></span> <span class='ocrx_word' id='word_1_388' title='bbox 1142 2135 1231 2166; x_wconf 78' lang='lat' dir='ltr'>quos</span> <span class='ocrx_word' id='word_1_389' title='bbox 1255 2128 1295 2158; x_wconf 77' lang='lat' dir='ltr'>in</span> <span class='ocrx_word' id='word_1_390' title='bbox 1311 2127 1458 2159; x_wconf 80' lang='lat' dir='ltr'>vivaria</span> <span class='ocrx_word' id='word_1_391' title='bbox 1481 2124 1643 2167; x_wconf 67' lang='lat' dir='ltr'>millam]</span> 
     </span>
     <span class='ocr_line' id='line_1_74' title="bbox 915 2171 1646 2216; baseline -0.001 -10"><span class='ocrx_word' id='word_1_392' title='bbox 915 2174 1063 2207; x_wconf 60' lang='lat' dir='ltr'>Vivam-ia</span> <span class='ocrx_word' id='word_1_393' title='bbox 1128 2176 1217 2205; x_wconf 87' lang='lat' dir='ltr'>sunt</span> <span class='ocrx_word' id='word_1_394' title='bbox 1280 2173 1520 2216; x_wconf 80' lang='lat' dir='ltr'>receptacula</span> <span class='ocrx_word' id='word_1_395' title='bbox 1586 2171 1646 2205; x_wconf 89' lang='lat' dir='ltr'>vel</span> 
     </span>
     <span class='ocr_line' id='line_1_75' title="bbox 914 2219 1646 2264; baseline -0.001 -11"><span class='ocrx_word' id='word_1_396' title='bbox 914 2223 1053 2264; x_wconf 82' lang='lat' dir='ltr'>saepta,</span> <span class='ocrx_word' id='word_1_397' title='bbox 1070 2219 1135 2252; x_wconf 90' lang='lat' dir='ltr'>ubi</span> <span class='ocrx_word' id='word_1_398' title='bbox 1155 2222 1352 2253; x_wconf 85' lang='lat' dir='ltr'>servantur</span> <span class='ocrx_word' id='word_1_399' title='bbox 1371 2222 1408 2253; x_wconf 88' lang='grc'>01</span> <span class='ocrx_word' id='word_1_400' title='bbox 1426 2219 1646 2264; x_wconf 83' lang='lat' dir='ltr'>saginantur</span> 
     </span>
     <span class='ocr_line' id='line_1_76' title="bbox 915 2266 1645 2311; baseline 0 -11"><span class='ocrx_word' id='word_1_401' title='bbox 915 2267 1036 2300; x_wconf 89' lang='lat' dir='ltr'>omnis</span> <span class='ocrx_word' id='word_1_402' title='bbox 1062 2267 1212 2311; x_wconf 85' lang='lat' dir='ltr'>generis</span> <span class='ocrx_word' id='word_1_403' title='bbox 1230 2266 1406 2300; x_wconf 85' lang='lat' dir='ltr'>animalia</span> <span class='ocrx_word' id='word_1_404' title='bbox 1423 2267 1518 2308; x_wconf 81' lang='lat' dir='ltr'>viva,</span> <span class='ocrx_word' id='word_1_405' title='bbox 1543 2266 1645 2310; x_wconf 89' lang='lat' dir='ltr'>lepo-</span> 
     </span>
     <span class='ocr_line' id='line_1_77' title="bbox 914 2313 1646 2358; baseline 0 -11"><span class='ocrx_word' id='word_1_406' title='bbox 914 2324 995 2355; x_wconf 87' lang='lat' dir='ltr'>res,</span> <span class='ocrx_word' id='word_1_407' title='bbox 1036 2313 1137 2358; x_wconf 91' lang='lat' dir='ltr'>apri,</span> <span class='ocrx_word' id='word_1_408' title='bbox 1180 2314 1316 2358; x_wconf 87' lang='lat' dir='ltr'>glires,</span> <span class='ocrx_word' id='word_1_409' title='bbox 1364 2324 1470 2351; x_wconf 84' lang='lat' dir='ltr'>aves,</span> <span class='ocrx_word' id='word_1_410' title='bbox 1510 2314 1646 2358; x_wconf 84' lang='lat' dir='ltr'>pisces,</span> 
     </span>
     <span class='ocr_line' id='line_1_78' title="bbox 916 2360 1645 2405; baseline 0 -11"><span class='ocrx_word' id='word_1_411' title='bbox 916 2364 1050 2394; x_wconf 86' lang='lat' dir='ltr'>ostrea.</span> <span class='ocrx_word' id='word_1_412' title='bbox 1075 2360 1142 2394; x_wconf 87' lang='lat' dir='ltr'>Est</span> <span class='ocrx_word' id='word_1_413' title='bbox 1165 2361 1300 2405; x_wconf 87' lang='lat' dir='ltr'>igitur:</span> <span class='ocrx_word' id='word_1_414' title='bbox 1327 2371 1512 2404; x_wconf 87' lang='lat' dir='ltr'>„quorum</span> <span class='ocrx_word' id='word_1_415' title='bbox 1537 2361 1645 2394; x_wconf 86' lang='lat' dir='ltr'>here-</span> 
     </span>
     <span class='ocr_line' id='line_1_79' title="bbox 917 2407 1645 2452; baseline 0 -11"><span class='ocrx_word' id='word_1_416' title='bbox 917 2407 1052 2441; x_wconf 84' lang='lat' dir='ltr'>ditates</span> <span class='ocrx_word' id='word_1_417' title='bbox 1093 2407 1298 2452; x_wconf 88' lang='lat' dir='ltr'>aliquando</span> <span class='ocrx_word' id='word_1_418' title='bbox 1341 2407 1557 2442; x_wconf 78' lang='lat' dir='ltr'>devorent.“</span> <span class='ocrx_word' id='word_1_419' title='bbox 1602 2427 1645 2431; x_wconf 90' lang='lat'>-—</span> 
     </span>
     <span class='ocr_line' id='line_1_80' title="bbox 915 2454 1645 2497; baseline 0.001 -10"><span class='ocrx_word' id='word_1_420' title='bbox 915 2455 1248 2497; x_wconf 74' lang='lat' dir='ltr'>occulto--senore]</span> <span class='ocrx_word' id='word_1_421' title='bbox 1277 2455 1387 2497; x_wconf 83' lang='lat' dir='ltr'>„dum</span> <span class='ocrx_word' id='word_1_422' title='bbox 1405 2455 1507 2489; x_wconf 81' lang='lat' dir='ltr'>viros</span> <span class='ocrx_word' id='word_1_423' title='bbox 1525 2454 1645 2488; x_wconf 87' lang='lat' dir='ltr'>bonos</span> 
     </span>
     <span class='ocr_line' id='line_1_81' title="bbox 916 2502 1647 2547; baseline -0.003 -11"><span class='ocrx_word' id='word_1_424' title='bbox 916 2511 1051 2542; x_wconf 57' lang='lat' dir='ltr'>salense</span> <span class='ocrx_word' id='word_1_425' title='bbox 1071 2502 1261 2544; x_wconf 85' lang='lat' dir='ltr'>simulant,</span> <span class='ocrx_word' id='word_1_426' title='bbox 1279 2502 1518 2547; x_wconf 87' lang='lat' dir='ltr'>illegitimum</span> <span class='ocrx_word' id='word_1_427' title='bbox 1535 2502 1647 2535; x_wconf 84' lang='lat' dir='ltr'>fenus</span> 
     </span>
     <span class='ocr_line' id='line_1_82' title="bbox 917 2549 1647 2593; baseline -0.001 -11"><span class='ocrx_word' id='word_1_428' title='bbox 917 2549 1012 2582; x_wconf 83' lang='lat' dir='ltr'>clam</span> <span class='ocrx_word' id='word_1_429' title='bbox 1032 2552 1218 2590; x_wconf 84' lang='lat' dir='ltr'>exercent,</span> <span class='ocrx_word' id='word_1_430' title='bbox 1243 2550 1378 2593; x_wconf 86' lang='lat' dir='ltr'>partim</span> <span class='ocrx_word' id='word_1_431' title='bbox 1397 2549 1516 2583; x_wconf 85' lang='lat' dir='ltr'>maius</span> <span class='ocrx_word' id='word_1_432' title='bbox 1537 2558 1647 2591; x_wconf 88' lang='lat' dir='ltr'>quam</span> 
     </span>
     <span class='ocr_line' id='line_1_83' title="bbox 917 2595 1648 2639; baseline -0.003 -10"><span class='ocrx_word' id='word_1_433' title='bbox 917 2596 1130 2630; x_wconf 87' lang='lat' dir='ltr'>unciarium</span> <span class='ocrx_word' id='word_1_434' title='bbox 1164 2597 1228 2639; x_wconf 90' lang='lat'>(12</span> <span class='ocrx_word' id='word_1_435' title='bbox 1256 2597 1482 2638; x_wconf 81' lang='lat' dir='ltr'>Procenl),</span> <span class='ocrx_word' id='word_1_436' title='bbox 1513 2595 1648 2639; x_wconf 81' lang='lat' dir='ltr'>partim</span> 
     </span>
     <span class='ocr_line' id='line_1_84' title="bbox 917 2641 1646 2688; baseline -0.004 -11"><span class='ocrx_word' id='word_1_437' title='bbox 917 2642 1095 2677; x_wconf 80' lang='lat' dir='ltr'>adversus</span> <span class='ocrx_word' id='word_1_438' title='bbox 1112 2644 1234 2688; x_wconf 89' lang='lat' dir='ltr'>legem</span> <span class='ocrx_word' id='word_1_439' title='bbox 1251 2643 1477 2676; x_wconf 78' lang='lat' dir='ltr'>Plaetorium</span> <span class='ocrx_word' id='word_1_440' title='bbox 1504 2641 1646 2675; x_wconf 85' lang='lat' dir='ltr'>credita</span> 
     </span>
     <span class='ocr_line' id='line_1_85' title="bbox 918 2688 1647 2734; baseline -0.001 -11"><span class='ocrx_word' id='word_1_441' title='bbox 918 2689 1082 2734; x_wconf 86' lang='lat' dir='ltr'>pecunia</span> <span class='ocrx_word' id='word_1_442' title='bbox 1110 2690 1414 2724; x_wconf 80' lang='lat' dir='ltr'>adolescentibus</span> <span class='ocrx_word' id='word_1_443' title='bbox 1439 2688 1557 2722; x_wconf 88' lang='lat' dir='ltr'><strong>XXV.</strong></span> <span class='ocrx_word' id='word_1_444' title='bbox 1582 2699 1647 2722; x_wconf 87' lang='lat' dir='ltr'>an·</span> 
     </span>
    </p>
   </div>
  </div>
 </body>
</html>
