<?xml version="1.0" encoding="UTF-8"?>
<!DOCTYPE html PUBLIC "-//W3C//DTD XHTML 1.0 Transitional//EN"
    "http://www.w3.org/TR/xhtml1/DTD/xhtml1-transitional.dtd">
<html xmlns="http://www.w3.org/1999/xhtml" xml:lang="en" lang="en">
 <head>
  <title>
</title>
<meta http-equiv="Content-Type" content="text/html;charset=utf-8" />
  <meta name='ocr-system' content='tesseract 3.04.00' />
  <meta name='ocr-capabilities' content='ocr_page ocr_carea ocr_par ocr_line ocrx_word'/>
</head>
<body>
  <div class='ocr_page' id='page_1' title='image "./qhoratiusflaccus00horauoft_0239.png"; bbox 0 0 1774 2930; ppageno 0'>
   <div class='ocr_carea' id='block_1_1' title="bbox 0 0 312 62">
    <p class='ocr_par' dir='ltr' id='par_1_1' title="bbox 0 0 312 62">
     <span class='ocr_line' id='line_1_1' title="bbox 0 0 312 62; baseline 0 2868"><span class='ocrx_word' id='word_1_1' title='bbox 0 0 312 62; x_wconf 95' lang='lat' dir='ltr'><strong> </strong></span> 
     </span>
    </p>
   </div>
   <div class='ocr_carea' id='block_1_2' title="bbox 661 127 1089 166">
    <p class='ocr_par' dir='ltr' id='par_1_2' title="bbox 661 127 1089 166">
     <span class='ocr_line' id='line_1_2' title="bbox 661 127 1089 166; baseline -0.007 0"><span class='ocrx_word' id='word_1_2' title='bbox 661 131 757 166; x_wconf 79' lang='lat' dir='ltr'><strong>Lm.</strong></span> <span class='ocrx_word' id='word_1_3' title='bbox 778 130 830 166; x_wconf 86' lang='lat'><strong>11.</strong></span> <span class='ocrx_word' id='word_1_4' title='bbox 877 128 981 164; x_wconf 71' lang='lat' dir='ltr'><strong>su.</strong></span> <span class='ocrx_word' id='word_1_5' title='bbox 1003 127 1089 163; x_wconf 80' lang='lat' dir='ltr'><strong>vn.</strong></span> 
     </span>
    </p>
   </div>
   <div class='ocr_carea' id='block_1_3' title="bbox 1543 126 1627 167">
    <p class='ocr_par' dir='ltr' id='par_1_3' title="bbox 1543 126 1627 167">
     <span class='ocr_line' id='line_1_3' title="bbox 1543 126 1627 167; baseline -0.012 0"><span class='ocrx_word' id='word_1_6' title='bbox 1543 126 1627 167; x_wconf 82' lang='lat'><strong>231</strong></span> 
     </span>
    </p>
   </div>
   <div class='ocr_carea' id='block_1_4' title="bbox 236 198 1335 287">
    <p class='ocr_par' dir='ltr' id='par_1_4' title="bbox 236 198 1335 287">
     <span class='ocr_line' id='line_1_4' title="bbox 236 198 1335 287; baseline -0.01 -7"><span class='ocrx_word' id='word_1_7' title='bbox 236 235 337 279; x_wconf 78' lang='lat' dir='ltr'><strong>Non</strong></span> <span class='ocrx_word' id='word_1_8' title='bbox 364 234 517 278; x_wconf 83' lang='lat' dir='ltr'><strong>habitu</strong></span> <span class='ocrx_word' id='word_1_9' title='bbox 545 236 736 276; x_wconf 79' lang='lat' dir='ltr'><strong>mutatve</strong></span> <span class='ocrx_word' id='word_1_10' title='bbox 765 232 875 285; x_wconf 84' lang='lat' dir='ltr'><strong>loeo,</strong></span> <span class='ocrx_word' id='word_1_11' title='bbox 903 232 1107 287; x_wconf 74' lang='lat' dir='ltr'><strong>peccatve</strong></span> <span class='ocrx_word' id='word_1_12' title='bbox 1137 198 1335 285; x_wconf 78' lang='lat' dir='ltr'><strong>superne.</strong></span> 
     </span>
    </p>
   </div>
   <div class='ocr_carea' id='block_1_5' title="bbox 240 298 1395 357">
    <p class='ocr_par' dir='ltr' id='par_1_5' title="bbox 240 298 1395 357">
     <span class='ocr_line' id='line_1_5' title="bbox 240 298 1395 357; baseline -0.01 -7"><span class='ocrx_word' id='word_1_13' title='bbox 240 306 350 349; x_wconf 75' lang='lat' dir='ltr'><strong>Cum</strong></span> <span class='ocrx_word' id='word_1_14' title='bbox 380 310 425 348; x_wconf 86' lang='lat' dir='ltr'><strong>te</strong></span> <span class='ocrx_word' id='word_1_15' title='bbox 455 303 655 348; x_wconf 85' lang='lat' dir='ltr'><strong>formidet</strong></span> <span class='ocrx_word' id='word_1_16' title='bbox 683 302 839 344; x_wconf 88' lang='lat' dir='ltr'><strong>mulier</strong></span> <span class='ocrx_word' id='word_1_17' title='bbox 867 314 1008 357; x_wconf 89' lang='lat' dir='ltr'><strong>neque</strong></span> <span class='ocrx_word' id='word_1_18' title='bbox 1038 298 1184 342; x_wconf 85' lang='lat' dir='ltr'><strong>credat</strong></span> <span class='ocrx_word' id='word_1_19' title='bbox 1214 298 1395 351; x_wconf 88' lang='lat' dir='ltr'><strong>amanti,</strong></span> 
     </span>
    </p>
   </div>
   <div class='ocr_carea' id='block_1_6' title="bbox 1575 296 1632 338">
    <p class='ocr_par' dir='ltr' id='par_1_6' title="bbox 1575 296 1632 338">
     <span class='ocr_line' id='line_1_6' title="bbox 1575 296 1632 338; baseline 0.018 -1"><span class='ocrx_word' id='word_1_20' title='bbox 1575 296 1632 338; x_wconf 83' lang='lat'><strong>65</strong></span> 
     </span>
    </p>
   </div>
   <div class='ocr_carea' id='block_1_7' title="bbox 183 369 1581 643">
    <p class='ocr_par' dir='ltr' id='par_1_7' title="bbox 239 369 1327 430">
     <span class='ocr_line' id='line_1_7' title="bbox 239 369 1327 430; baseline -0.009 -10"><span class='ocrx_word' id='word_1_21' title='bbox 239 377 328 420; x_wconf 87' lang='lat' dir='ltr'><strong>Ibis</strong></span> <span class='ocrx_word' id='word_1_22' title='bbox 359 377 439 418; x_wconf 89' lang='lat' dir='ltr'><strong>sub</strong></span> <span class='ocrx_word' id='word_1_23' title='bbox 470 375 633 417; x_wconf 83' lang='lat' dir='ltr'><strong>furcam</strong></span> <span class='ocrx_word' id='word_1_24' title='bbox 662 372 851 430; x_wconf 86' lang='lat' dir='ltr'><strong>prudens</strong></span> <span class='ocrx_word' id='word_1_25' title='bbox 882 371 1138 426; x_wconf 87' lang='lat' dir='ltr'><strong>dominoque</strong></span> <span class='ocrx_word' id='word_1_26' title='bbox 1168 369 1327 412; x_wconf 84' lang='lat' dir='ltr'><strong>furenti</strong></span> 
     </span>
    </p>

    <p class='ocr_par' dir='ltr' id='par_1_8' title="bbox 183 438 1581 643">
     <span class='ocr_line' id='line_1_8' title="bbox 183 438 1581 496; baseline -0.009 -5"><span class='ocrx_word' id='word_1_27' title='bbox 183 459 191 465; x_wconf 88' lang='lat'>·</span> <span class='ocrx_word' id='word_1_28' title='bbox 241 447 492 492; x_wconf 84' lang='lat' dir='ltr'><strong>Committes</strong></span> <span class='ocrx_word' id='word_1_29' title='bbox 512 460 605 488; x_wconf 91' lang='lat' dir='ltr'><strong>rem</strong></span> <span class='ocrx_word' id='word_1_30' title='bbox 625 458 796 487; x_wconf 89' lang='lat' dir='ltr'><strong>omnem</strong></span> <span class='ocrx_word' id='word_1_31' title='bbox 817 447 860 485; x_wconf 91' lang='lat' dir='ltr'><strong>et</strong></span> <span class='ocrx_word' id='word_1_32' title='bbox 879 443 1014 484; x_wconf 80' lang='lat' dir='ltr'><strong>vitam</strong></span> <span class='ocrx_word' id='word_1_33' title='bbox 1033 445 1079 484; x_wconf 91' lang='lat' dir='ltr'><strong>et</strong></span> <span class='ocrx_word' id='word_1_34' title='bbox 1097 455 1195 483; x_wconf 90' lang='lat' dir='ltr'><strong>cum</strong></span> <span class='ocrx_word' id='word_1_35' title='bbox 1214 453 1391 496; x_wconf 90' lang='lat' dir='ltr'><strong>corpore</strong></span> <span class='ocrx_word' id='word_1_36' title='bbox 1411 438 1581 480; x_wconf 78' lang='lat' dir='ltr'><strong>famam.</strong></span> 
     </span>
     <span class='ocr_line' id='line_1_9' title="bbox 239 511 1273 570; baseline -0.009 -9"><span class='ocrx_word' id='word_1_37' title='bbox 239 517 415 561; x_wconf 82' lang='lat' dir='ltr'><strong>Evasti:</strong></span> <span class='ocrx_word' id='word_1_38' title='bbox 447 516 588 570; x_wconf 89' lang='lat' dir='ltr'><strong>credo,</strong></span> <span class='ocrx_word' id='word_1_39' title='bbox 617 519 783 558; x_wconf 88' lang='lat' dir='ltr'><strong>metues</strong></span> <span class='ocrx_word' id='word_1_40' title='bbox 814 513 1048 569; x_wconf 84' lang='lat' dir='ltr'><strong>doctusque</strong></span> <span class='ocrx_word' id='word_1_41' title='bbox 1079 511 1273 564; x_wconf 75' lang='lat' dir='ltr'><strong>cavebi83</strong></span> 
     </span>
     <span class='ocr_line' id='line_1_10' title="bbox 242 581 1463 643; baseline -0.008 -11"><span class='ocrx_word' id='word_1_42' title='bbox 242 589 448 641; x_wconf 80' lang='lat' dir='ltr'><strong>Quaeres,</strong></span> <span class='ocrx_word' id='word_1_43' title='bbox 480 586 648 643; x_wconf 89' lang='lat' dir='ltr'><strong>quando</strong></span> <span class='ocrx_word' id='word_1_44' title='bbox 676 586 833 628; x_wconf 88' lang='lat' dir='ltr'><strong>iterum</strong></span> <span class='ocrx_word' id='word_1_45' title='bbox 860 597 1020 640; x_wconf 85' lang='lat' dir='ltr'><strong>paveas</strong></span> <span class='ocrx_word' id='word_1_46' title='bbox 1051 583 1291 637; x_wconf 85' lang='lat' dir='ltr'><strong>iterumque</strong></span> <span class='ocrx_word' id='word_1_47' title='bbox 1321 581 1463 637; x_wconf 87' lang='lat' dir='ltr'><strong>perire</strong></span> 
     </span>
    </p>
   </div>
   <div class='ocr_carea' id='block_1_8' title="bbox 241 652 1322 712">
    <p class='ocr_par' dir='ltr' id='par_1_9' title="bbox 241 652 1322 712">
     <span class='ocr_line' id='line_1_11' title="bbox 241 652 1322 712; baseline -0.007 -11"><span class='ocrx_word' id='word_1_48' title='bbox 241 658 404 712; x_wconf 89' lang='lat' dir='ltr'><strong>Possis,</strong></span> <span class='ocrx_word' id='word_1_49' title='bbox 437 672 461 700; x_wconf 93' lang='lat' dir='ltr'><strong>o</strong></span> <span class='ocrx_word' id='word_1_50' title='bbox 492 658 620 699; x_wconf 82' lang='lat' dir='ltr'><strong>toties</strong></span> <span class='ocrx_word' id='word_1_51' title='bbox 652 655 827 698; x_wconf 79' lang='lat' dir='ltr'><strong>servus!</strong></span> <span class='ocrx_word' id='word_1_52' title='bbox 860 654 982 702; x_wconf 84' lang='lat' dir='ltr'><strong>Quae</strong></span> <span class='ocrx_word' id='word_1_53' title='bbox 1013 653 1141 696; x_wconf 89' lang='lat' dir='ltr'><strong>belua</strong></span> <span class='ocrx_word' id='word_1_54' title='bbox 1169 652 1322 709; x_wconf 90' lang='lat' dir='ltr'><strong>ruptis,</strong></span> 
     </span>
    </p>
   </div>
   <div class='ocr_carea' id='block_1_9' title="bbox 1582 650 1636 690">
    <p class='ocr_par' dir='ltr' id='par_1_10' title="bbox 1582 650 1636 690">
     <span class='ocr_line' id='line_1_12' title="bbox 1582 650 1636 690; baseline 0.019 -1"><span class='ocrx_word' id='word_1_55' title='bbox 1582 650 1636 690; x_wconf 81' lang='lat'><strong>70</strong></span> 
     </span>
    </p>
   </div>
   <div class='ocr_carea' id='block_1_10' title="bbox 242 723 1641 996">
    <p class='ocr_par' dir='ltr' id='par_1_11' title="bbox 242 723 1344 783">
     <span class='ocr_line' id='line_1_13' title="bbox 242 723 1344 783; baseline -0.007 -11"><span class='ocrx_word' id='word_1_56' title='bbox 242 729 352 772; x_wconf 87' lang='lat' dir='ltr'><strong>Cum</strong></span> <span class='ocrx_word' id='word_1_57' title='bbox 382 728 516 771; x_wconf 87' lang='lat' dir='ltr'><strong>semel</strong></span> <span class='ocrx_word' id='word_1_58' title='bbox 540 726 710 783; x_wconf 82' lang='lat' dir='ltr'><strong>effugit,</strong></span> <span class='ocrx_word' id='word_1_59' title='bbox 739 725 879 768; x_wconf 82' lang='lat' dir='ltr'><strong>reddit</strong></span> <span class='ocrx_word' id='word_1_60' title='bbox 909 739 956 767; x_wconf 88' lang='lat' dir='ltr'><strong>se</strong></span> <span class='ocrx_word' id='word_1_61' title='bbox 986 738 1121 780; x_wconf 84' lang='lat' dir='ltr'><strong>prava</strong></span> <span class='ocrx_word' id='word_1_62' title='bbox 1149 723 1344 765; x_wconf 79' lang='lat' dir='ltr'><strong>catenis?</strong></span> 
     </span>
    </p>

    <p class='ocr_par' dir='ltr' id='par_1_12' title="bbox 242 791 1641 924">
     <span class='ocr_line' id='line_1_14' title="bbox 242 791 1641 851; baseline -0.008 -9"><span class='ocrx_word' id='word_1_63' title='bbox 242 799 340 842; x_wconf 83' lang='lat' dir='ltr'><strong>Non</strong></span> <span class='ocrx_word' id='word_1_64' title='bbox 361 814 455 841; x_wconf 90' lang='lat' dir='ltr'><strong>sum</strong></span> <span class='ocrx_word' id='word_1_65' title='bbox 474 797 692 850; x_wconf 87' lang='lat' dir='ltr'><strong>moechus,</strong></span> <span class='ocrx_word' id='word_1_66' title='bbox 713 797 791 838; x_wconf 85' lang='lat' dir='ltr'><strong>ais.</strong></span> <span class='ocrx_word' id='word_1_67' title='bbox 820 795 973 851; x_wconf 80' lang='lat' dir='ltr'><strong>Neque</strong></span> <span class='ocrx_word' id='word_1_68' title='bbox 994 809 1089 850; x_wconf 87' lang='lat' dir='ltr'><strong>ego,</strong></span> <span class='ocrx_word' id='word_1_69' title='bbox 1116 793 1303 846; x_wconf 82' lang='lat' dir='ltr'><strong>hercule,</strong></span> <span class='ocrx_word' id='word_1_70' title='bbox 1331 792 1412 845; x_wconf 87' lang='lat' dir='ltr'><strong>fur,</strong></span> <span class='ocrx_word' id='word_1_71' title='bbox 1440 791 1515 834; x_wconf 90' lang='lat' dir='ltr'><strong>ubi</strong></span> <span class='ocrx_word' id='word_1_72' title='bbox 1535 805 1641 832; x_wconf 84' lang='lat' dir='ltr'><strong>vasa</strong></span> 
     </span>
     <span class='ocr_line' id='line_1_15' title="bbox 242 864 1323 924; baseline -0.006 -13"><span class='ocrx_word' id='word_1_73' title='bbox 242 871 472 913; x_wconf 83' lang='lat' dir='ltr'><strong>Praetereo</strong></span> <span class='ocrx_word' id='word_1_74' title='bbox 505 869 677 924; x_wconf 88' lang='lat' dir='ltr'><strong>sapiens</strong></span> <span class='ocrx_word' id='word_1_75' title='bbox 711 871 936 923; x_wconf 85' lang='lat' dir='ltr'><strong>argentea:</strong></span> <span class='ocrx_word' id='word_1_76' title='bbox 969 865 1072 908; x_wconf 89' lang='lat' dir='ltr'><strong>tolle</strong></span> <span class='ocrx_word' id='word_1_77' title='bbox 1102 864 1323 921; x_wconf 89' lang='lat' dir='ltr'><strong>periclum,</strong></span> 
     </span>
    </p>

    <p class='ocr_par' dir='ltr' id='par_1_13' title="bbox 242 935 1257 996">
     <span class='ocr_line' id='line_1_16' title="bbox 242 935 1257 996; baseline -0.008 -12"><span class='ocrx_word' id='word_1_78' title='bbox 242 941 334 984; x_wconf 84' lang='lat' dir='ltr'><strong>Iam</strong></span> <span class='ocrx_word' id='word_1_79' title='bbox 363 954 474 996; x_wconf 81' lang='lat' dir='ltr'><strong>vaga</strong></span> <span class='ocrx_word' id='word_1_80' title='bbox 501 939 694 996; x_wconf 81' lang='lat' dir='ltr'><strong>prosiliet</strong></span> <span class='ocrx_word' id='word_1_81' title='bbox 724 937 856 980; x_wconf 84' lang='lat' dir='ltr'><strong>frenis</strong></span> <span class='ocrx_word' id='word_1_82' title='bbox 886 940 1040 979; x_wconf 86' lang='lat' dir='ltr'><strong>natura</strong></span> <span class='ocrx_word' id='word_1_83' title='bbox 1067 935 1257 978; x_wconf 81' lang='lat' dir='ltr'><strong>remotis.</strong></span> 
     </span>
    </p>
   </div>
   <div class='ocr_carea' id='block_1_11' title="bbox 245 1005 1479 1064">
    <p class='ocr_par' dir='ltr' id='par_1_14' title="bbox 245 1005 1479 1064">
     <span class='ocr_line' id='line_1_17' title="bbox 245 1005 1479 1064; baseline -0.006 -11"><span class='ocrx_word' id='word_1_84' title='bbox 245 1011 369 1054; x_wconf 78' lang='lat' dir='ltr'><strong>Tune</strong></span> <span class='ocrx_word' id='word_1_85' title='bbox 398 1010 504 1052; x_wconf 87' lang='lat' dir='ltr'><strong>mihi</strong></span> <span class='ocrx_word' id='word_1_86' title='bbox 536 1009 748 1062; x_wconf 88' lang='lat' dir='ltr'><strong>dominus,</strong></span> <span class='ocrx_word' id='word_1_87' title='bbox 779 1022 921 1051; x_wconf 89' lang='lat' dir='ltr'><strong>rerum</strong></span> <span class='ocrx_word' id='word_1_88' title='bbox 951 1007 1143 1064; x_wconf 85' lang='lat' dir='ltr'><strong>imperiis</strong></span> <span class='ocrx_word' id='word_1_89' title='bbox 1173 1005 1479 1061; x_wconf 89' lang='lat' dir='ltr'><strong>hominumque</strong></span> 
     </span>
    </p>
   </div>
   <div class='ocr_carea' id='block_1_12' title="bbox 1584 1003 1640 1044">
    <p class='ocr_par' dir='ltr' id='par_1_15' title="bbox 1584 1003 1640 1044">
     <span class='ocr_line' id='line_1_18' title="bbox 1584 1003 1640 1044; baseline 0 0"><span class='ocrx_word' id='word_1_90' title='bbox 1584 1003 1640 1044; x_wconf 83' lang='lat'><strong>75</strong></span> 
     </span>
    </p>
   </div>
   <div class='ocr_carea' id='block_1_13' title="bbox 245 1077 1499 1137">
    <p class='ocr_par' dir='ltr' id='par_1_16' title="bbox 245 1077 1499 1137">
     <span class='ocr_line' id='line_1_19' title="bbox 245 1077 1499 1137; baseline -0.006 -13"><span class='ocrx_word' id='word_1_91' title='bbox 245 1081 329 1124; x_wconf 83' lang='lat' dir='ltr'><strong>Tot</strong></span> <span class='ocrx_word' id='word_1_92' title='bbox 358 1081 575 1137; x_wconf 90' lang='lat' dir='ltr'><strong>tantisque</strong></span> <span class='ocrx_word' id='word_1_93' title='bbox 606 1081 757 1133; x_wconf 87' lang='lat' dir='ltr'><strong>minor,</strong></span> <span class='ocrx_word' id='word_1_94' title='bbox 790 1093 917 1135; x_wconf 90' lang='lat' dir='ltr'><strong>quem</strong></span> <span class='ocrx_word' id='word_1_95' title='bbox 947 1083 1014 1120; x_wconf 85' lang='lat' dir='ltr'><strong>ter</strong></span> <span class='ocrx_word' id='word_1_96' title='bbox 1043 1077 1234 1120; x_wconf 71' lang='lat' dir='ltr'><strong>vindicta</strong></span> <span class='ocrx_word' id='word_1_97' title='bbox 1263 1080 1499 1132; x_wconf 79' lang='lat' dir='ltr'><strong>quaterque</strong></span> 
     </span>
    </p>
   </div>
   <div class='ocr_carea' id='block_1_14' title="bbox 52 1235 859 1276">
    <p class='ocr_par' dir='ltr' id='par_1_17' title="bbox 52 1235 859 1276">
     <span class='ocr_line' id='line_1_20' title="bbox 52 1235 859 1276; baseline -0.006 -6"><span class='ocrx_word' id='word_1_98' title='bbox 52 1243 58 1246; x_wconf 85' lang='lat'>&#39;</span> <span class='ocrx_word' id='word_1_99' title='bbox 127 1238 216 1270; x_wconf 69' lang='lat' dir='ltr'><strong>tuae</strong></span> <span class='ocrx_word' id='word_1_100' title='bbox 239 1235 447 1276; x_wconf 78' lang='lat' dir='ltr'><strong>conveniat,</strong></span> <span class='ocrx_word' id='word_1_101' title='bbox 472 1238 510 1268; x_wconf 91' lang='lat' dir='ltr'><strong>et</strong></span> <span class='ocrx_word' id='word_1_102' title='bbox 532 1244 674 1268; x_wconf 87' lang='lat' dir='ltr'><strong>morem</strong></span> <span class='ocrx_word' id='word_1_103' title='bbox 698 1236 859 1267; x_wconf 80' lang='lat' dir='ltr'><strong>tantum-</strong></span> 
     </span>
    </p>
   </div>
   <div class='ocr_carea' id='block_1_15' title="bbox 127 1279 872 2732">
    <p class='ocr_par' dir='ltr' id='par_1_18' title="bbox 127 1279 862 1514">
     <span class='ocr_line' id='line_1_21' title="bbox 127 1279 860 1327; baseline -0.005 -11"><span class='ocrx_word' id='word_1_104' title='bbox 127 1281 238 1316; x_wconf 85' lang='lat' dir='ltr'><strong>modo</strong></span> <span class='ocrx_word' id='word_1_105' title='bbox 262 1281 331 1316; x_wconf 77' lang='lat' dir='ltr'><strong>tibi</strong></span> <span class='ocrx_word' id='word_1_106' title='bbox 355 1281 467 1327; x_wconf 84' lang='lat' dir='ltr'><strong>gerit,</strong></span> <span class='ocrx_word' id='word_1_107' title='bbox 497 1281 587 1314; x_wconf 89' lang='lat' dir='ltr'><strong>dum</strong></span> <span class='ocrx_word' id='word_1_108' title='bbox 612 1283 648 1314; x_wconf 86' lang='lat' dir='ltr'><strong>te</strong></span> <span class='ocrx_word' id='word_1_109' title='bbox 675 1291 750 1314; x_wconf 89' lang='lat' dir='ltr'><strong>non</strong></span> <span class='ocrx_word' id='word_1_110' title='bbox 777 1279 860 1321; x_wconf 87' lang='lat' dir='ltr'><strong>init,</strong></span> 
     </span>
     <span class='ocr_line' id='line_1_22' title="bbox 130 1327 861 1373; baseline -0.005 -10"><span class='ocrx_word' id='word_1_111' title='bbox 130 1328 196 1362; x_wconf 84' lang='lat' dir='ltr'><strong>sed</strong></span> <span class='ocrx_word' id='word_1_112' title='bbox 226 1329 400 1363; x_wconf 84' lang='lat' dir='ltr'><strong>muliebri</strong></span> <span class='ocrx_word' id='word_1_113' title='bbox 432 1328 616 1373; x_wconf 86' lang='lat' dir='ltr'><strong>patientia</strong></span> <span class='ocrx_word' id='word_1_114' title='bbox 646 1338 728 1361; x_wconf 87' lang='lat' dir='ltr'><strong>sese</strong></span> <span class='ocrx_word' id='word_1_115' title='bbox 759 1327 861 1370; x_wconf 88' lang='lat' dir='ltr'><strong>supi-</strong></span> 
     </span>
     <span class='ocr_line' id='line_1_23' title="bbox 130 1373 861 1420; baseline -0.004 -11"><span class='ocrx_word' id='word_1_116' title='bbox 130 1378 198 1409; x_wconf 78' lang='lat' dir='ltr'><strong>nat</strong></span> <span class='ocrx_word' id='word_1_117' title='bbox 243 1375 311 1409; x_wconf 82' lang='lat' dir='ltr'><strong>tibi</strong></span> <span class='ocrx_word' id='word_1_118' title='bbox 359 1385 522 1420; x_wconf 75' lang='lat' dir='ltr'><strong>superne</strong></span> <span class='ocrx_word' id='word_1_119' title='bbox 563 1374 727 1418; x_wconf 82' lang='lat' dir='ltr'><strong>patranti</strong></span> <span class='ocrx_word' id='word_1_120' title='bbox 777 1373 861 1416; x_wconf 79' lang='grc' dir='ltr'>(βι-</span> 
     </span>
     <span class='ocr_line' id='line_1_24' title="bbox 130 1420 862 1464; baseline -0.003 -9"><span class='ocrx_word' id='word_1_121' title='bbox 130 1421 308 1464; x_wconf 53' lang='lat' dir='ltr'><strong>rofino!</strong></span> <span class='ocrx_word' id='word_1_122' title='bbox 323 1440 367 1446; x_wconf 97' lang='lat'><strong>—</strong></span> <span class='ocrx_word' id='word_1_123' title='bbox 379 1423 548 1464; x_wconf 75' lang='lat' dir='ltr'><strong>peccatve</strong></span> <span class='ocrx_word' id='word_1_124' title='bbox 570 1420 742 1463; x_wconf 73' lang='lat' dir='ltr'><strong>superne]</strong></span> <span class='ocrx_word' id='word_1_125' title='bbox 769 1431 862 1462; x_wconf 82' lang='lat' dir='ltr'><strong>„ne-</strong></span> 
     </span>
     <span class='ocr_line' id='line_1_25' title="bbox 131 1468 696 1514; baseline -0.004 -11"><span class='ocrx_word' id='word_1_126' title='bbox 131 1479 207 1514; x_wconf 86' lang='lat' dir='ltr'><strong>que</strong></span> <span class='ocrx_word' id='word_1_127' title='bbox 230 1469 426 1513; x_wconf 83' lang='lat' dir='ltr'><strong>resupinat</strong></span> <span class='ocrx_word' id='word_1_128' title='bbox 448 1468 696 1502; x_wconf 85' lang='lat' dir='ltr'><strong>adulterum.“</strong></span> 
     </span>
    </p>

    <p class='ocr_par' dir='ltr' id='par_1_19' title="bbox 129 1514 871 2545">
     <span class='ocr_line' id='line_1_26' title="bbox 179 1514 861 1558; baseline -0.003 -8"><span class='ocrx_word' id='word_1_129' title='bbox 179 1517 301 1550; x_wconf 78' lang='lat'><strong>65-6&#39;1.</strong></span> <span class='ocrx_word' id='word_1_130' title='bbox 327 1517 415 1550; x_wconf 71' lang='lat' dir='ltr'><strong>Cum</strong></span> <span class='ocrx_word' id='word_1_131' title='bbox 431 1518 465 1549; x_wconf 77' lang='lat' dir='ltr'><strong>le</strong></span> <span class='ocrx_word' id='word_1_132' title='bbox 479 1517 650 1557; x_wconf 72' lang='lat' dir='ltr'><strong>formidet</strong></span> <span class='ocrx_word' id='word_1_133' title='bbox 667 1514 752 1558; x_wconf 90' lang='lat' dir='ltr'><strong>cet.]</strong></span> <span class='ocrx_word' id='word_1_134' title='bbox 780 1514 861 1556; x_wconf 84' lang='lat' dir='ltr'><strong>„Eo</strong></span> 
     </span>
     <span class='ocr_line' id='line_1_27' title="bbox 132 1562 862 1608; baseline -0.004 -10"><span class='ocrx_word' id='word_1_135' title='bbox 132 1573 284 1608; x_wconf 84' lang='lat' dir='ltr'><strong>quoqne</strong></span> <span class='ocrx_word' id='word_1_136' title='bbox 308 1564 459 1597; x_wconf 88' lang='lat' dir='ltr'><strong>nomine</strong></span> <span class='ocrx_word' id='word_1_137' title='bbox 484 1562 552 1596; x_wconf 82' lang='lat' dir='ltr'><strong>illa</strong></span> <span class='ocrx_word' id='word_1_138' title='bbox 583 1562 709 1596; x_wconf 86' lang='lat' dir='ltr'><strong>minus</strong></span> <span class='ocrx_word' id='word_1_139' title='bbox 735 1566 793 1595; x_wconf 87' lang='lat' dir='ltr'><strong>est</strong></span> <span class='ocrx_word' id='word_1_140' title='bbox 824 1565 862 1595; x_wconf 83' lang='lat' dir='ltr'><strong>te</strong></span> 
     </span>
     <span class='ocr_line' id='line_1_28' title="bbox 130 1609 863 1655; baseline -0.004 -11"><span class='ocrx_word' id='word_1_141' title='bbox 130 1609 261 1653; x_wconf 76' lang='lat' dir='ltr'><strong>noxia,</strong></span> <span class='ocrx_word' id='word_1_142' title='bbox 296 1610 397 1655; x_wconf 88' lang='lat' dir='ltr'><strong>quod</strong></span> <span class='ocrx_word' id='word_1_143' title='bbox 430 1613 620 1654; x_wconf 64' lang='lat' dir='ltr'><strong>tamquam</strong></span> <span class='ocrx_word' id='word_1_144' title='bbox 644 1609 781 1642; x_wconf 89' lang='lat' dir='ltr'><strong>mulier</strong></span> <span class='ocrx_word' id='word_1_145' title='bbox 804 1609 863 1642; x_wconf 89' lang='lat' dir='ltr'><strong>in-</strong></span> 
     </span>
     <span class='ocr_line' id='line_1_29' title="bbox 130 1656 862 1701; baseline -0.003 -10"><span class='ocrx_word' id='word_1_146' title='bbox 130 1656 238 1691; x_wconf 81' lang='lat' dir='ltr'><strong>firma</strong></span> <span class='ocrx_word' id='word_1_147' title='bbox 258 1660 296 1691; x_wconf 86' lang='lat' dir='ltr'><strong>te</strong></span> <span class='ocrx_word' id='word_1_148' title='bbox 315 1658 387 1691; x_wconf 81' lang='lat' dir='ltr'><strong>etsi</strong></span> <span class='ocrx_word' id='word_1_149' title='bbox 408 1657 529 1701; x_wconf 78' lang='lat' dir='ltr'><strong>ipsius</strong></span> <span class='ocrx_word' id='word_1_150' title='bbox 546 1658 749 1691; x_wconf 88' lang='lat' dir='ltr'><strong>amatorem</strong></span> <span class='ocrx_word' id='word_1_151' title='bbox 767 1666 862 1690; x_wconf 90' lang='lat' dir='ltr'><strong>sem-</strong></span> 
     </span>
     <span class='ocr_line' id='line_1_30' title="bbox 129 1703 862 1748; baseline -0.003 -10"><span class='ocrx_word' id='word_1_152' title='bbox 129 1714 198 1748; x_wconf 86' lang='lat' dir='ltr'><strong>per</strong></span> <span class='ocrx_word' id='word_1_153' title='bbox 221 1703 422 1738; x_wconf 84' lang='lat' dir='ltr'><strong>formidine</strong></span> <span class='ocrx_word' id='word_1_154' title='bbox 446 1705 590 1748; x_wconf 82' lang='lat' dir='ltr'><strong>percita</strong></span> <span class='ocrx_word' id='word_1_155' title='bbox 613 1703 766 1747; x_wconf 84' lang='lat' dir='ltr'><strong>recipit,</strong></span> <span class='ocrx_word' id='word_1_156' title='bbox 791 1713 862 1736; x_wconf 88' lang='lat' dir='ltr'><strong>nec</strong></span> 
     </span>
     <span class='ocr_line' id='line_1_31' title="bbox 131 1750 863 1796; baseline -0.004 -10"><span class='ocrx_word' id='word_1_157' title='bbox 131 1750 287 1786; x_wconf 76' lang='lat' dir='ltr'><strong>confidit</strong></span> <span class='ocrx_word' id='word_1_158' title='bbox 309 1751 523 1796; x_wconf 77' lang='lat' dir='ltr'><strong>promissis,</strong></span> <span class='ocrx_word' id='word_1_159' title='bbox 549 1751 614 1785; x_wconf 89' lang='lat' dir='ltr'><strong>sed</strong></span> <span class='ocrx_word' id='word_1_160' title='bbox 639 1751 745 1784; x_wconf 83' lang='lat' dir='ltr'><strong>timet</strong></span> <span class='ocrx_word' id='word_1_161' title='bbox 770 1761 863 1784; x_wconf 89' lang='lat' dir='ltr'><strong>sem-</strong></span> 
     </span>
     <span class='ocr_line' id='line_1_32' title="bbox 131 1797 864 1842; baseline -0.003 -10"><span class='ocrx_word' id='word_1_162' title='bbox 131 1809 219 1842; x_wconf 88' lang='lat' dir='ltr'><strong>per,</strong></span> <span class='ocrx_word' id='word_1_163' title='bbox 252 1809 301 1832; x_wconf 87' lang='lat' dir='ltr'><strong>ne</strong></span> <span class='ocrx_word' id='word_1_164' title='bbox 334 1809 357 1832; x_wconf 85' lang='lat' dir='ltr'><strong>a</strong></span> <span class='ocrx_word' id='word_1_165' title='bbox 388 1801 425 1832; x_wconf 88' lang='lat' dir='ltr'><strong>te</strong></span> <span class='ocrx_word' id='word_1_166' title='bbox 450 1798 659 1842; x_wconf 86' lang='lat' dir='ltr'><strong>decipiatur</strong></span> <span class='ocrx_word' id='word_1_167' title='bbox 692 1808 736 1831; x_wconf 86' lang='lat' dir='ltr'><strong>ac</strong></span> <span class='ocrx_word' id='word_1_168' title='bbox 766 1797 864 1831; x_wconf 83' lang='lat' dir='ltr'><strong>mala</strong></span> 
     </span>
     <span class='ocr_line' id='line_1_33' title="bbox 130 1844 865 1890; baseline -0.003 -11"><span class='ocrx_word' id='word_1_169' title='bbox 130 1844 230 1879; x_wconf 78' lang='lat' dir='ltr'><strong>fama</strong></span> <span class='ocrx_word' id='word_1_170' title='bbox 258 1845 420 1890; x_wconf 89' lang='lat' dir='ltr'><strong>primum</strong></span> <span class='ocrx_word' id='word_1_171' title='bbox 449 1846 549 1879; x_wconf 88' lang='lat' dir='ltr'><strong>inter</strong></span> <span class='ocrx_word' id='word_1_172' title='bbox 574 1845 742 1887; x_wconf 84' lang='lat' dir='ltr'><strong>sodales,</strong></span> <span class='ocrx_word' id='word_1_173' title='bbox 779 1855 865 1878; x_wconf 85' lang='lat' dir='ltr'><strong>mox</strong></span> 
     </span>
     <span class='ocr_line' id='line_1_34' title="bbox 131 1891 866 1938; baseline -0.001 -12"><span class='ocrx_word' id='word_1_174' title='bbox 131 1891 232 1936; x_wconf 80' lang='lat' dir='ltr'><strong>apud</strong></span> <span class='ocrx_word' id='word_1_175' title='bbox 256 1893 407 1938; x_wconf 80' lang='lat' dir='ltr'><strong>volgum</strong></span> <span class='ocrx_word' id='word_1_176' title='bbox 431 1892 613 1926; x_wconf 76' lang='lat' dir='ltr'><strong>laedatur.</strong></span> <span class='ocrx_word' id='word_1_177' title='bbox 651 1892 709 1925; x_wconf 86' lang='lat' dir='ltr'><strong>Tu</strong></span> <span class='ocrx_word' id='word_1_178' title='bbox 734 1894 866 1925; x_wconf 86' lang='lat' dir='ltr'><strong>contra</strong></span> 
     </span>
     <span class='ocr_line' id='line_1_35' title="bbox 131 1938 864 1982; baseline -0.003 -9"><span class='ocrx_word' id='word_1_179' title='bbox 131 1938 300 1982; x_wconf 85' lang='lat' dir='ltr'><strong>prudens</strong></span> <span class='ocrx_word' id='word_1_180' title='bbox 332 1949 375 1973; x_wconf 81' lang='lat' dir='ltr'><strong>ac</strong></span> <span class='ocrx_word' id='word_1_181' title='bbox 409 1939 534 1973; x_wconf 89' lang='lat' dir='ltr'><strong>sciens</strong></span> <span class='ocrx_word' id='word_1_182' title='bbox 568 1943 604 1972; x_wconf 87' lang='lat' dir='ltr'><strong>te</strong></span> <span class='ocrx_word' id='word_1_183' title='bbox 635 1939 864 1982; x_wconf 46' lang='lat' dir='ltr'><strong>turpi-simis</strong></span> 
     </span>
     <span class='ocr_line' id='line_1_36' title="bbox 134 1985 866 2030; baseline -0.001 -11"><span class='ocrx_word' id='word_1_184' title='bbox 134 1986 289 2029; x_wconf 78' lang='lat' dir='ltr'><strong>exponis</strong></span> <span class='ocrx_word' id='word_1_185' title='bbox 313 1987 479 2030; x_wconf 78' lang='lat' dir='ltr'><strong>poenis.“</strong></span> <span class='ocrx_word' id='word_1_186' title='bbox 499 2005 538 2010; x_wconf 92' lang='lat'><em>-</em></span> <span class='ocrx_word' id='word_1_187' title='bbox 561 1985 651 2028; x_wconf 73' lang='lat' dir='ltr'><strong>Ibis]</strong></span> <span class='ocrx_word' id='word_1_188' title='bbox 678 1985 866 2019; x_wconf 88' lang='lat' dir='ltr'><strong>Omissum</strong></span> 
     </span>
     <span class='ocr_line' id='line_1_37' title="bbox 134 2032 865 2076; baseline 0.001 -11"><span class='ocrx_word' id='word_1_189' title='bbox 134 2042 158 2065; x_wconf 83' lang='lat' dir='ltr'><strong>a</strong></span> <span class='ocrx_word' id='word_1_190' title='bbox 185 2033 298 2075; x_wconf 74' lang='lat' dir='ltr'><strong>poeta</strong></span> <span class='ocrx_word' id='word_1_191' title='bbox 326 2043 534 2076; x_wconf 87' lang='lat' dir='ltr'><strong>pronomen</strong></span> <span class='ocrx_word' id='word_1_192' title='bbox 560 2036 599 2065; x_wconf 78' lang='lat' dir='ltr'><strong>lu</strong></span> <span class='ocrx_word' id='word_1_193' title='bbox 622 2032 865 2066; x_wconf 88' lang='lat' dir='ltr'><strong>Heindorfius</strong></span> 
     </span>
     <span class='ocr_line' id='line_1_38' title="bbox 135 2078 866 2120; baseline -0.001 -8"><span class='ocrx_word' id='word_1_194' title='bbox 135 2081 238 2112; x_wconf 84' lang='lat' dir='ltr'><strong>recte</strong></span> <span class='ocrx_word' id='word_1_195' title='bbox 274 2078 441 2112; x_wconf 79' lang='lat' dir='ltr'><strong>defendit</strong></span> <span class='ocrx_word' id='word_1_196' title='bbox 477 2090 523 2113; x_wconf 84' lang='lat' dir='ltr'><strong>ex</strong></span> <span class='ocrx_word' id='word_1_197' title='bbox 559 2078 634 2112; x_wconf 83' lang='lat' dir='ltr'><strong>Sat.</strong></span> <span class='ocrx_word' id='word_1_198' title='bbox 661 2082 700 2120; x_wconf 87' lang='lat'><strong>1,</strong></span> <span class='ocrx_word' id='word_1_199' title='bbox 734 2082 776 2120; x_wconf 83' lang='lat'><strong>2,</strong></span> <span class='ocrx_word' id='word_1_200' title='bbox 810 2081 866 2112; x_wconf 87' lang='grc'><strong>90.</strong></span> 
     </span>
     <span class='ocr_line' id='line_1_39' title="bbox 136 2125 867 2169; baseline 0 -11"><span class='ocrx_word' id='word_1_201' title='bbox 136 2126 171 2167; x_wconf 83' lang='grc'>2,</span> <span class='ocrx_word' id='word_1_202' title='bbox 195 2127 229 2167; x_wconf 80' lang='lat'><strong>3,</strong></span> <span class='ocrx_word' id='word_1_203' title='bbox 253 2126 333 2158; x_wconf 88' lang='grc'>212.</span> <span class='ocrx_word' id='word_1_204' title='bbox 358 2128 396 2158; x_wconf 84' lang='lat' dir='ltr'><strong>et</strong></span> <span class='ocrx_word' id='word_1_205' title='bbox 419 2126 498 2159; x_wconf 83' lang='lat'><strong>234.</strong></span> <span class='ocrx_word' id='word_1_206' title='bbox 538 2125 632 2169; x_wconf 85' lang='lat' dir='ltr'><strong>Epp.</strong></span> <span class='ocrx_word' id='word_1_207' title='bbox 660 2129 697 2167; x_wconf 84' lang='lat'><strong>1,</strong></span> <span class='ocrx_word' id='word_1_208' title='bbox 725 2129 785 2167; x_wconf 82' lang='lat'><strong>14,</strong></span> <span class='ocrx_word' id='word_1_209' title='bbox 809 2128 867 2158; x_wconf 82' lang='lat'><strong>40.</strong></span> 
     </span>
     <span class='ocr_line' id='line_1_40' title="bbox 136 2172 868 2216; baseline 0 -11"><span class='ocrx_word' id='word_1_210' title='bbox 136 2189 185 2196; x_wconf 79' lang='lat'><strong>—-</strong></span> <span class='ocrx_word' id='word_1_211' title='bbox 193 2173 260 2205; x_wconf 69' lang='lat' dir='ltr'><strong>sub</strong></span> <span class='ocrx_word' id='word_1_212' title='bbox 271 2173 417 2213; x_wconf 72' lang='lat' dir='ltr'><strong>furcam</strong></span> <span class='ocrx_word' id='word_1_213' title='bbox 429 2172 514 2215; x_wconf 59' lang='grc' dir='ltr'><strong>σοι]</strong></span> <span class='ocrx_word' id='word_1_214' title='bbox 533 2172 596 2213; x_wconf 83' lang='lat' dir='ltr'><strong>„in</strong></span> <span class='ocrx_word' id='word_1_215' title='bbox 612 2173 868 2216; x_wconf 78' lang='lat' dir='ltr'><strong>turpissimam</strong></span> 
     </span>
     <span class='ocr_line' id='line_1_41' title="bbox 138 2218 868 2260; baseline -0.001 -8"><span class='ocrx_word' id='word_1_216' title='bbox 138 2218 367 2260; x_wconf 82' lang='lat' dir='ltr'><strong>servitutem,</strong></span> <span class='ocrx_word' id='word_1_217' title='bbox 392 2218 497 2260; x_wconf 85' lang='lat' dir='ltr'><strong>adeo,</strong></span> <span class='ocrx_word' id='word_1_218' title='bbox 524 2221 566 2252; x_wconf 89' lang='lat' dir='ltr'><strong>ut</strong></span> <span class='ocrx_word' id='word_1_219' title='bbox 589 2219 622 2252; x_wconf 87' lang='lat' dir='ltr'><strong>si</strong></span> <span class='ocrx_word' id='word_1_220' title='bbox 639 2218 772 2252; x_wconf 83' lang='lat' dir='ltr'><strong>marito</strong></span> <span class='ocrx_word' id='word_1_221' title='bbox 794 2230 815 2252; x_wconf 82' lang='lat' dir='ltr'><strong>a</strong></span> <span class='ocrx_word' id='word_1_222' title='bbox 832 2221 868 2252; x_wconf 85' lang='lat' dir='ltr'><strong>te</strong></span> 
     </span>
     <span class='ocr_line' id='line_1_42' title="bbox 137 2265 869 2309; baseline -0.001 -10"><span class='ocrx_word' id='word_1_223' title='bbox 137 2265 239 2299; x_wconf 84' lang='lat' dir='ltr'><strong>laeso</strong></span> <span class='ocrx_word' id='word_1_224' title='bbox 276 2266 461 2309; x_wconf 80' lang='lat' dir='ltr'><strong>placeret,</strong></span> <span class='ocrx_word' id='word_1_225' title='bbox 503 2265 601 2299; x_wconf 88' lang='lat' dir='ltr'><strong>sicut</strong></span> <span class='ocrx_word' id='word_1_226' title='bbox 640 2265 869 2309; x_wconf 86' lang='lat' dir='ltr'><strong>mancipium</strong></span> 
     </span>
     <span class='ocr_line' id='line_1_43' title="bbox 138 2312 870 2356; baseline 0 -11"><span class='ocrx_word' id='word_1_227' title='bbox 138 2322 302 2356; x_wconf 84' lang='lat' dir='ltr'><strong>nequam</strong></span> <span class='ocrx_word' id='word_1_228' title='bbox 334 2315 371 2346; x_wconf 81' lang='lat' dir='ltr'><strong>te</strong></span> <span class='ocrx_word' id='word_1_229' title='bbox 405 2312 474 2346; x_wconf 84' lang='lat' dir='ltr'><strong>sub</strong></span> <span class='ocrx_word' id='word_1_230' title='bbox 504 2312 611 2345; x_wconf 80' lang='lat' dir='ltr'><strong>furca</strong></span> <span class='ocrx_word' id='word_1_231' title='bbox 634 2312 796 2347; x_wconf 77' lang='lat' dir='ltr'><strong>vinciret</strong></span> <span class='ocrx_word' id='word_1_232' title='bbox 825 2323 870 2346; x_wconf 87' lang='lat' dir='ltr'><strong>ac</strong></span> 
     </span>
     <span class='ocr_line' id='line_1_44' title="bbox 138 2359 870 2401; baseline 0.001 -10"><span class='ocrx_word' id='word_1_233' title='bbox 138 2359 388 2394; x_wconf 75' lang='lat' dir='ltr'><strong>verberaret.“</strong></span> <span class='ocrx_word' id='word_1_234' title='bbox 417 2378 456 2382; x_wconf 95' lang='lat'>—</span> <span class='ocrx_word' id='word_1_235' title='bbox 486 2359 577 2401; x_wconf 80' lang='lat' dir='ltr'><strong>rem]</strong></span> <span class='ocrx_word' id='word_1_236' title='bbox 605 2359 870 2401; x_wconf 81' lang='lat' dir='ltr'><strong>„familiarem,</strong></span> 
     </span>
     <span class='ocr_line' id='line_1_45' title="bbox 138 2406 869 2450; baseline 0 -10"><span class='ocrx_word' id='word_1_237' title='bbox 138 2416 185 2440; x_wconf 78' lang='lat' dir='ltr'><strong>ex</strong></span> <span class='ocrx_word' id='word_1_238' title='bbox 209 2417 283 2450; x_wconf 86' lang='lat' dir='ltr'><strong>qua</strong></span> <span class='ocrx_word' id='word_1_239' title='bbox 307 2406 462 2439; x_wconf 78' lang='lat' dir='ltr'><strong>multam</strong></span> <span class='ocrx_word' id='word_1_240' title='bbox 487 2406 522 2440; x_wconf 85' lang='lat' dir='ltr'><strong>ei</strong></span> <span class='ocrx_word' id='word_1_241' title='bbox 556 2407 718 2450; x_wconf 86' lang='lat' dir='ltr'><strong>pendes,</strong></span> <span class='ocrx_word' id='word_1_242' title='bbox 752 2417 800 2439; x_wconf 90' lang='lat' dir='ltr'><strong>ne</strong></span> <span class='ocrx_word' id='word_1_243' title='bbox 833 2409 869 2440; x_wconf 77' lang='lat' dir='ltr'><strong>te</strong></span> 
     </span>
     <span class='ocr_line' id='line_1_46' title="bbox 138 2453 871 2494; baseline -0.001 -7"><span class='ocrx_word' id='word_1_244' title='bbox 138 2453 294 2487; x_wconf 76' lang='lat' dir='ltr'><strong>castrari</strong></span> <span class='ocrx_word' id='word_1_245' title='bbox 327 2453 488 2487; x_wconf 79' lang='lat' dir='ltr'><strong>iubeat-⁴⁴</strong></span> <span class='ocrx_word' id='word_1_246' title='bbox 540 2453 644 2487; x_wconf 87' lang='lat' dir='ltr'><strong>Conf.</strong></span> <span class='ocrx_word' id='word_1_247' title='bbox 672 2453 746 2487; x_wconf 85' lang='lat' dir='ltr'><strong>Sat.</strong></span> <span class='ocrx_word' id='word_1_248' title='bbox 776 2456 811 2493; x_wconf 89' lang='grc'>1,</span> <span class='ocrx_word' id='word_1_249' title='bbox 837 2455 871 2494; x_wconf 91' lang='grc'>2,</span> 
     </span>
     <span class='ocr_line' id='line_1_47' title="bbox 138 2501 466 2545; baseline 0.003 -12"><span class='ocrx_word' id='word_1_250' title='bbox 138 2501 291 2533; x_wconf 77' lang='lat'>41—46.</span> <span class='ocrx_word' id='word_1_251' title='bbox 317 2501 383 2533; x_wconf 85' lang='lat'><strong>132</strong></span> <span class='ocrx_word' id='word_1_252' title='bbox 410 2511 466 2545; x_wconf 88' lang='lat' dir='ltr'><strong>sq.</strong></span> 
     </span>
    </p>

    <p class='ocr_par' dir='ltr' id='par_1_20' title="bbox 139 2546 872 2732">
     <span class='ocr_line' id='line_1_48' title="bbox 186 2546 872 2590; baseline 0 -10"><span class='ocrx_word' id='word_1_253' title='bbox 186 2548 306 2580; x_wconf 71' lang='lat'><strong>68:11.</strong></span> <span class='ocrx_word' id='word_1_254' title='bbox 332 2548 455 2580; x_wconf 67' lang='lat' dir='ltr'><strong>Evasit·</strong></span> <span class='ocrx_word' id='word_1_255' title='bbox 472 2547 557 2590; x_wconf 86' lang='lat' dir='ltr'><strong>cet.]</strong></span> <span class='ocrx_word' id='word_1_256' title='bbox 585 2546 658 2588; x_wconf 75' lang='lat' dir='ltr'><strong>„Ne</strong></span> <span class='ocrx_word' id='word_1_257' title='bbox 685 2550 763 2580; x_wconf 75' lang='lat' dir='ltr'><strong>‘tum</strong></span> <span class='ocrx_word' id='word_1_258' title='bbox 788 2547 872 2590; x_wconf 87' lang='lat' dir='ltr'><strong>qui·</strong></span> 
     </span>
     <span class='ocr_line' id='line_1_49' title="bbox 139 2592 871 2635; baseline 0.003 -9"><span class='ocrx_word' id='word_1_259' title='bbox 139 2592 235 2635; x_wconf 89' lang='lat' dir='ltr'><strong>dem,</strong></span> <span class='ocrx_word' id='word_1_260' title='bbox 260 2603 344 2626; x_wconf 90' lang='lat' dir='ltr'><strong>cum</strong></span> <span class='ocrx_word' id='word_1_261' title='bbox 369 2594 521 2628; x_wconf 85' lang='lat' dir='ltr'><strong>fortuna</strong></span> <span class='ocrx_word' id='word_1_262' title='bbox 545 2594 694 2628; x_wconf 75' lang='lat' dir='ltr'><strong>favente</strong></span> <span class='ocrx_word' id='word_1_263' title='bbox 720 2594 871 2628; x_wconf 71' lang='lat' dir='ltr'><strong>evasisti</strong></span> 
     </span>
     <span class='ocr_line' id='line_1_50' title="bbox 139 2641 871 2686; baseline 0.001 -13"><span class='ocrx_word' id='word_1_264' title='bbox 139 2650 282 2684; x_wconf 88' lang='lat' dir='ltr'><strong>poenae</strong></span> <span class='ocrx_word' id='word_1_265' title='bbox 294 2641 518 2684; x_wconf 87' lang='lat' dir='ltr'><strong>periculum,</strong></span> <span class='ocrx_word' id='word_1_266' title='bbox 536 2642 766 2686; x_wconf 79' lang='lat' dir='ltr'><strong>experientia</strong></span> <span class='ocrx_word' id='word_1_267' title='bbox 784 2641 871 2674; x_wconf 91' lang='lat' dir='ltr'><strong>edo-</strong></span> 
     </span>
     <span class='ocr_line' id='line_1_51' title="bbox 142 2687 871 2732; baseline 0.001 -12"><span class='ocrx_word' id='word_1_268' title='bbox 142 2688 224 2720; x_wconf 82' lang='lat' dir='ltr'><strong>ctus</strong></span> <span class='ocrx_word' id='word_1_269' title='bbox 249 2687 408 2722; x_wconf 81' lang='lat' dir='ltr'><strong>cavebis.</strong></span> <span class='ocrx_word' id='word_1_270' title='bbox 449 2687 576 2730; x_wconf 80' lang='lat' dir='ltr'><strong>Immo,</strong></span> <span class='ocrx_word' id='word_1_271' title='bbox 603 2699 698 2732; x_wconf 89' lang='lat' dir='ltr'><strong>quae</strong></span> <span class='ocrx_word' id='word_1_272' title='bbox 724 2691 789 2722; x_wconf 86' lang='lat' dir='ltr'><strong>tua</strong></span> <span class='ocrx_word' id='word_1_273' title='bbox 814 2692 871 2721; x_wconf 89' lang='lat' dir='ltr'><strong>est</strong></span> 
     </span>
    </p>
   </div>
   <div class='ocr_carea' id='block_1_16' title="bbox 906 1227 1652 2404">
    <p class='ocr_par' dir='ltr' id='par_1_21' title="bbox 906 1227 1649 1790">
     <span class='ocr_line' id='line_1_52' title="bbox 906 1227 1645 1276; baseline -0.007 -11"><span class='ocrx_word' id='word_1_274' title='bbox 906 1231 1146 1276; x_wconf 82' lang='lat' dir='ltr'><strong>perversitas,</strong></span> <span class='ocrx_word' id='word_1_275' title='bbox 1171 1241 1305 1264; x_wconf 85' lang='lat' dir='ltr'><strong>novam</strong></span> <span class='ocrx_word' id='word_1_276' title='bbox 1328 1228 1563 1263; x_wconf 85' lang='lat' dir='ltr'><strong>occasionem</strong></span> <span class='ocrx_word' id='word_1_277' title='bbox 1587 1227 1645 1260; x_wconf 88' lang='lat' dir='ltr'><strong>in-</strong></span> 
     </span>
     <span class='ocr_line' id='line_1_53' title="bbox 907 1275 1645 1323; baseline -0.007 -11"><span class='ocrx_word' id='word_1_278' title='bbox 907 1278 1112 1323; x_wconf 82' lang='lat' dir='ltr'><strong>vestigabis</strong></span> <span class='ocrx_word' id='word_1_279' title='bbox 1145 1277 1307 1322; x_wconf 88' lang='lat' dir='ltr'><strong>periculi</strong></span> <span class='ocrx_word' id='word_1_280' title='bbox 1337 1276 1442 1309; x_wconf 88' lang='lat' dir='ltr'><strong>illius</strong></span> <span class='ocrx_word' id='word_1_281' title='bbox 1475 1275 1544 1309; x_wconf 86' lang='lat' dir='ltr'><strong>tibi</strong></span> <span class='ocrx_word' id='word_1_282' title='bbox 1576 1275 1645 1308; x_wconf 80' lang='lat' dir='ltr'><strong>ite-</strong></span> 
     </span>
     <span class='ocr_line' id='line_1_54' title="bbox 908 1322 1644 1362; baseline -0.005 -3"><span class='ocrx_word' id='word_1_283' title='bbox 908 1336 990 1359; x_wconf 89' lang='lat' dir='ltr'><strong>rum</strong></span> <span class='ocrx_word' id='word_1_284' title='bbox 1017 1324 1279 1359; x_wconf 84' lang='lat' dir='ltr'><strong>contrahendi.</strong></span> <span class='ocrx_word' id='word_1_285' title='bbox 1328 1322 1485 1362; x_wconf 85' lang='lat' dir='ltr'><strong>Quoties</strong></span> <span class='ocrx_word' id='word_1_286' title='bbox 1518 1324 1644 1355; x_wconf 85' lang='lat' dir='ltr'><strong>autem</strong></span> 
     </span>
     <span class='ocr_line' id='line_1_55' title="bbox 908 1370 1646 1414; baseline -0.005 -8"><span class='ocrx_word' id='word_1_287' title='bbox 908 1372 1132 1414; x_wconf 84' lang='lat' dir='ltr'><strong>moecharis,</strong></span> <span class='ocrx_word' id='word_1_288' title='bbox 1148 1372 1259 1405; x_wconf 82' lang='lat' dir='ltr'><strong>toties</strong></span> <span class='ocrx_word' id='word_1_289' title='bbox 1277 1370 1445 1404; x_wconf 84' lang='lat' dir='ltr'><strong>libidinis</strong></span> <span class='ocrx_word' id='word_1_290' title='bbox 1464 1372 1550 1403; x_wconf 83' lang='lat' dir='ltr'><strong>tuae</strong></span> <span class='ocrx_word' id='word_1_291' title='bbox 1568 1379 1646 1403; x_wconf 84' lang='lat' dir='ltr'><strong>ser·</strong></span> 
     </span>
     <span class='ocr_line' id='line_1_56' title="bbox 909 1415 1645 1466; baseline -0.007 -13"><span class='ocrx_word' id='word_1_292' title='bbox 909 1420 1078 1466; x_wconf 43' lang='lat' dir='ltr'><strong>vutges.u</strong></span> <span class='ocrx_word' id='word_1_293' title='bbox 1128 1418 1185 1452; x_wconf 90' lang='lat' dir='ltr'><strong>De</strong></span> <span class='ocrx_word' id='word_1_294' title='bbox 1215 1418 1338 1452; x_wconf 80' lang='lat' dir='ltr'><strong>forma</strong></span> <span class='ocrx_word' id='word_1_295' title='bbox 1362 1418 1475 1451; x_wconf 66' lang='lat' dir='ltr'><strong>evasii</strong></span> <span class='ocrx_word' id='word_1_296' title='bbox 1498 1416 1573 1450; x_wconf 76' lang='lat' dir='ltr'><strong>vid.</strong></span> <span class='ocrx_word' id='word_1_297' title='bbox 1597 1415 1645 1449; x_wconf 86' lang='lat' dir='ltr'><strong>ad</strong></span> 
     </span>
     <span class='ocr_line' id='line_1_57' title="bbox 910 1463 1645 1509; baseline -0.007 -9"><span class='ocrx_word' id='word_1_298' title='bbox 910 1467 984 1500; x_wconf 87' lang='lat' dir='ltr'><strong>Sat.</strong></span> <span class='ocrx_word' id='word_1_299' title='bbox 1014 1470 1044 1508; x_wconf 89' lang='lat'><strong>1,</strong></span> <span class='ocrx_word' id='word_1_300' title='bbox 1070 1469 1104 1509; x_wconf 80' lang='lat'><strong>9,</strong></span> <span class='ocrx_word' id='word_1_301' title='bbox 1129 1468 1187 1500; x_wconf 81' lang='lat'><strong>73.</strong></span> <span class='ocrx_word' id='word_1_302' title='bbox 1228 1465 1377 1499; x_wconf 80' lang='lat' dir='ltr'><strong>Omissa</strong></span> <span class='ocrx_word' id='word_1_303' title='bbox 1399 1463 1589 1509; x_wconf 84' lang='lat' dir='ltr'><strong>particula</strong></span> <span class='ocrx_word' id='word_1_304' title='bbox 1610 1464 1645 1495; x_wconf 74' lang='lat' dir='ltr'><strong>si</strong></span> 
     </span>
     <span class='ocr_line' id='line_1_58' title="bbox 909 1510 1645 1548; baseline -0.007 0"><span class='ocrx_word' id='word_1_305' title='bbox 909 1515 971 1548; x_wconf 81' lang='lat' dir='ltr'><strong>vel</strong></span> <span class='ocrx_word' id='word_1_306' title='bbox 1004 1522 1086 1547; x_wconf 79' lang='lat' dir='ltr'><strong>cum</strong></span> <span class='ocrx_word' id='word_1_307' title='bbox 1117 1513 1373 1547; x_wconf 83' lang='lat' dir='ltr'><strong>nervosiorem</strong></span> <span class='ocrx_word' id='word_1_308' title='bbox 1407 1510 1533 1545; x_wconf 84' lang='lat' dir='ltr'><strong>reddit</strong></span> <span class='ocrx_word' id='word_1_309' title='bbox 1561 1521 1645 1544; x_wconf 76' lang='lat' dir='ltr'><strong>ora-</strong></span> 
     </span>
     <span class='ocr_line' id='line_1_59' title="bbox 910 1558 1643 1600; baseline -0.007 -5"><span class='ocrx_word' id='word_1_310' title='bbox 910 1561 1064 1595; x_wconf 87' lang='lat' dir='ltr'><strong>tionem.</strong></span> <span class='ocrx_word' id='word_1_311' title='bbox 1113 1559 1221 1594; x_wconf 75' lang='lat' dir='ltr'><strong>Conf.</strong></span> <span class='ocrx_word' id='word_1_312' title='bbox 1255 1558 1331 1593; x_wconf 75' lang='lat' dir='ltr'><strong>Sat.</strong></span> <span class='ocrx_word' id='word_1_313' title='bbox 1365 1560 1407 1600; x_wconf 89' lang='grc'><strong>2,</strong></span> <span class='ocrx_word' id='word_1_314' title='bbox 1439 1561 1482 1600; x_wconf 86' lang='grc'>6,</span> <span class='ocrx_word' id='word_1_315' title='bbox 1515 1559 1572 1591; x_wconf 83' lang='grc'><strong>48.</strong></span> <span class='ocrx_word' id='word_1_316' title='bbox 1599 1576 1643 1581; x_wconf 89' lang='grc'>-</span> 
     </span>
     <span class='ocr_line' id='line_1_60' title="bbox 910 1604 1645 1650; baseline -0.007 -8"><span class='ocrx_word' id='word_1_317' title='bbox 910 1608 1032 1650; x_wconf 77' lang='lat' dir='ltr'><strong>credo]</strong></span> <span class='ocrx_word' id='word_1_318' title='bbox 1058 1607 1217 1641; x_wconf 85' lang='lat' dir='ltr'><strong>ironice.</strong></span> <span class='ocrx_word' id='word_1_319' title='bbox 1237 1626 1279 1630; x_wconf 91' lang='lat'>—</span> <span class='ocrx_word' id='word_1_320' title='bbox 1300 1608 1403 1648; x_wconf 78' lang='lat' dir='ltr'><strong>Quae</strong></span> <span class='ocrx_word' id='word_1_321' title='bbox 1425 1606 1534 1638; x_wconf 73' lang='lat' dir='ltr'><strong>belua</strong></span> <span class='ocrx_word' id='word_1_322' title='bbox 1559 1604 1645 1650; x_wconf 58' lang='lat' dir='ltr'><strong>cet]</strong></span> 
     </span>
     <span class='ocr_line' id='line_1_61' title="bbox 909 1650 1649 1692; baseline -0.008 -3"><span class='ocrx_word' id='word_1_323' title='bbox 909 1655 1157 1689; x_wconf 76' lang='lat' dir='ltr'><strong>Proverbium</strong></span> <span class='ocrx_word' id='word_1_324' title='bbox 1188 1656 1290 1688; x_wconf 80' lang='lat' dir='ltr'><strong>erat:</strong></span> <span class='ocrx_word' id='word_1_325' title='bbox 1321 1652 1410 1686; x_wconf 78' lang='grc' dir='ltr'><strong>Ἀλλ’</strong></span> <span class='ocrx_word' id='word_1_326' title='bbox 1436 1650 1510 1685; x_wconf 80' lang='grc' dir='ltr'><strong>οὐκ</strong></span> <span class='ocrx_word' id='word_1_327' title='bbox 1533 1651 1649 1692; x_wconf 73' lang='grc' dir='ltr'><em>αὖθις</em></span> 
     </span>
     <span class='ocr_line' id='line_1_62' title="bbox 910 1696 1647 1745; baseline -0.005 -10"><span class='ocrx_word' id='word_1_328' title='bbox 910 1699 1068 1744; x_wconf 75' lang='grc' dir='ltr'><strong><em>ἀλώπηξ</em></strong></span> <span class='ocrx_word' id='word_1_329' title='bbox 1093 1698 1249 1745; x_wconf 73' lang='grc' dir='ltr'>(πάγαις</span> <span class='ocrx_word' id='word_1_330' title='bbox 1265 1696 1483 1741; x_wconf 75' lang='grc' dir='ltr'>ἁλώσεται).</span> <span class='ocrx_word' id='word_1_331' title='bbox 1509 1698 1647 1733; x_wconf 89' lang='lat' dir='ltr'><strong>Zenob.</strong></span> 
     </span>
     <span class='ocr_line' id='line_1_63' title="bbox 914 1752 1030 1790; baseline -0.009 -7"><span class='ocrx_word' id='word_1_332' title='bbox 914 1754 945 1790; x_wconf 82' lang='lat'><strong>1,</strong></span> <span class='ocrx_word' id='word_1_333' title='bbox 973 1752 1030 1784; x_wconf 81' lang='lat'><strong>67.</strong></span> 
     </span>
    </p>

    <p class='ocr_par' dir='ltr' id='par_1_22' title="bbox 911 1793 1652 2404">
     <span class='ocr_line' id='line_1_64' title="bbox 959 1793 1648 1838; baseline -0.007 -7"><span class='ocrx_word' id='word_1_334' title='bbox 959 1798 1111 1831; x_wconf 71' lang='lat'><strong>72—77.</strong></span> <span class='ocrx_word' id='word_1_335' title='bbox 1142 1797 1226 1830; x_wconf 78' lang='lat' dir='ltr'><strong>Non</strong></span> <span class='ocrx_word' id='word_1_336' title='bbox 1248 1804 1329 1828; x_wconf 74' lang='lat' dir='ltr'><strong>sum</strong></span> <span class='ocrx_word' id='word_1_337' title='bbox 1353 1795 1438 1838; x_wconf 87' lang='lat' dir='ltr'><strong>cet.]</strong></span> <span class='ocrx_word' id='word_1_338' title='bbox 1474 1793 1568 1826; x_wconf 91' lang='lat' dir='ltr'><strong>Inde</strong></span> <span class='ocrx_word' id='word_1_339' title='bbox 1600 1793 1648 1826; x_wconf 88' lang='lat' dir='ltr'><strong>ab</strong></span> 
     </span>
     <span class='ocr_line' id='line_1_65' title="bbox 911 1841 1649 1878; baseline -0.007 0"><span class='ocrx_word' id='word_1_340' title='bbox 911 1845 983 1878; x_wconf 89' lang='lat' dir='ltr'><strong>hoc</strong></span> <span class='ocrx_word' id='word_1_341' title='bbox 1007 1854 1120 1877; x_wconf 80' lang='lat' dir='ltr'><strong>versu</strong></span> <span class='ocrx_word' id='word_1_342' title='bbox 1145 1842 1381 1877; x_wconf 83' lang='lat' dir='ltr'><strong>declamandi</strong></span> <span class='ocrx_word' id='word_1_343' title='bbox 1406 1841 1555 1875; x_wconf 82' lang='lat' dir='ltr'><strong>fervore</strong></span> <span class='ocrx_word' id='word_1_344' title='bbox 1573 1850 1649 1873; x_wconf 81' lang='lat' dir='ltr'><strong>ma-</strong></span> 
     </span>
     <span class='ocr_line' id='line_1_66' title="bbox 911 1888 1649 1937; baseline -0.007 -12"><span class='ocrx_word' id='word_1_345' title='bbox 911 1892 970 1937; x_wconf 88' lang='lat' dir='ltr'><strong>gis</strong></span> <span class='ocrx_word' id='word_1_346' title='bbox 995 1891 1192 1935; x_wconf 84' lang='lat' dir='ltr'><strong>magisque</strong></span> <span class='ocrx_word' id='word_1_347' title='bbox 1216 1889 1395 1933; x_wconf 88' lang='lat' dir='ltr'><strong>abreptus</strong></span> <span class='ocrx_word' id='word_1_348' title='bbox 1412 1888 1540 1922; x_wconf 77' lang='lat' dir='ltr'><strong>Davus</strong></span> <span class='ocrx_word' id='word_1_349' title='bbox 1564 1898 1649 1921; x_wconf 86' lang='lat' dir='ltr'><strong>sen-</strong></span> 
     </span>
     <span class='ocr_line' id='line_1_67' title="bbox 914 1934 1648 1979; baseline -0.005 -8"><span class='ocrx_word' id='word_1_350' title='bbox 914 1939 985 1972; x_wconf 92' lang='lat' dir='ltr'><strong>sim</strong></span> <span class='ocrx_word' id='word_1_351' title='bbox 1019 1938 1161 1972; x_wconf 88' lang='lat' dir='ltr'><strong>oblitus</strong></span> <span class='ocrx_word' id='word_1_352' title='bbox 1199 1948 1239 1971; x_wconf 89' lang='lat' dir='ltr'><strong>se</strong></span> <span class='ocrx_word' id='word_1_353' title='bbox 1276 1936 1450 1971; x_wconf 84' lang='lat' dir='ltr'><strong>ianitoris</strong></span> <span class='ocrx_word' id='word_1_354' title='bbox 1482 1934 1648 1979; x_wconf 81' lang='lat' dir='ltr'><strong>Crispini</strong></span> 
     </span>
     <span class='ocr_line' id='line_1_68' title="bbox 913 1984 1648 2030; baseline -0.007 -11"><span class='ocrx_word' id='word_1_355' title='bbox 913 1990 1041 2030; x_wconf 84' lang='lat' dir='ltr'><strong>partes</strong></span> <span class='ocrx_word' id='word_1_356' title='bbox 1081 1985 1262 2025; x_wconf 75' lang='lat' dir='ltr'><strong>recitare,</strong></span> <span class='ocrx_word' id='word_1_357' title='bbox 1302 1984 1459 2028; x_wconf 87' lang='lat' dir='ltr'><strong>propius</strong></span> <span class='ocrx_word' id='word_1_358' title='bbox 1501 1992 1648 2025; x_wconf 86' lang='lat' dir='ltr'><strong>semper</strong></span> 
     </span>
     <span class='ocr_line' id='line_1_69' title="bbox 914 2029 1649 2076; baseline -0.007 -10"><span class='ocrx_word' id='word_1_359' title='bbox 914 2034 1049 2066; x_wconf 88' lang='lat' dir='ltr'><strong>herum</strong></span> <span class='ocrx_word' id='word_1_360' title='bbox 1073 2033 1197 2076; x_wconf 85' lang='lat' dir='ltr'><strong>ipsum</strong></span> <span class='ocrx_word' id='word_1_361' title='bbox 1222 2034 1343 2075; x_wconf 85' lang='lat' dir='ltr'><strong>urget.</strong></span> <span class='ocrx_word' id='word_1_362' title='bbox 1392 2030 1465 2063; x_wconf 89' lang='lat' dir='ltr'><strong>Hic</strong></span> <span class='ocrx_word' id='word_1_363' title='bbox 1491 2029 1649 2062; x_wconf 83' lang='lat' dir='ltr'><strong>maxime</strong></span> 
     </span>
     <span class='ocr_line' id='line_1_70' title="bbox 915 2075 1650 2113; baseline -0.008 0"><span class='ocrx_word' id='word_1_364' title='bbox 915 2082 1040 2113; x_wconf 79' lang='lat' dir='ltr'><strong>autem</strong></span> <span class='ocrx_word' id='word_1_365' title='bbox 1077 2079 1156 2112; x_wconf 90' lang='lat' dir='ltr'><strong>noli</strong></span> <span class='ocrx_word' id='word_1_366' title='bbox 1194 2078 1367 2112; x_wconf 77' lang='lat' dir='ltr'><strong>oblivisci</strong></span> <span class='ocrx_word' id='word_1_367' title='bbox 1405 2087 1556 2110; x_wconf 81' lang='lat' dir='ltr'><strong>servum</strong></span> <span class='ocrx_word' id='word_1_368' title='bbox 1593 2075 1650 2108; x_wconf 89' lang='lat' dir='ltr'><strong>uti</strong></span> 
     </span>
     <span class='ocr_line' id='line_1_71' title="bbox 917 2122 1650 2159; baseline -0.007 0"><span class='ocrx_word' id='word_1_369' title='bbox 917 2125 1216 2159; x_wconf 84' lang='lat' dir='ltr'><strong>Saturnaliorum</strong></span> <span class='ocrx_word' id='word_1_370' title='bbox 1250 2124 1424 2157; x_wconf 82' lang='lat' dir='ltr'><strong>libertate</strong></span> <span class='ocrx_word' id='word_1_371' title='bbox 1457 2122 1529 2156; x_wconf 85' lang='lat' dir='ltr'><strong>sibi</strong></span> <span class='ocrx_word' id='word_1_372' title='bbox 1561 2132 1650 2155; x_wconf 89' lang='lat' dir='ltr'><strong>con-</strong></span> 
     </span>
     <span class='ocr_line' id='line_1_72' title="bbox 916 2169 1651 2214; baseline -0.004 -9"><span class='ocrx_word' id='word_1_373' title='bbox 916 2182 1035 2205; x_wconf 82' lang='lat' dir='ltr'><strong>cessa.</strong></span> <span class='ocrx_word' id='word_1_374' title='bbox 1054 2191 1098 2195; x_wconf 90' lang='lat'><strong>-—</strong></span> <span class='ocrx_word' id='word_1_375' title='bbox 1115 2180 1211 2213; x_wconf 71' lang='lat' dir='ltr'><strong>vaqa</strong></span> <span class='ocrx_word' id='word_1_376' title='bbox 1234 2170 1413 2212; x_wconf 71' lang='lat' dir='ltr'><strong>prosiliet]</strong></span> <span class='ocrx_word' id='word_1_377' title='bbox 1441 2169 1651 2214; x_wconf 81' lang='lat' dir='ltr'><strong>„impetum</strong></span> 
     </span>
     <span class='ocr_line' id='line_1_73' title="bbox 918 2217 1649 2261; baseline -0.004 -9"><span class='ocrx_word' id='word_1_378' title='bbox 918 2229 1027 2252; x_wconf 89' lang='lat' dir='ltr'><strong>suum</strong></span> <span class='ocrx_word' id='word_1_379' title='bbox 1051 2227 1167 2259; x_wconf 69' lang='lat' dir='ltr'><strong>vaae,</strong></span> <span class='ocrx_word' id='word_1_380' title='bbox 1192 2218 1330 2259; x_wconf 86' lang='lat' dir='ltr'><strong>libera,</strong></span> <span class='ocrx_word' id='word_1_381' title='bbox 1362 2217 1577 2261; x_wconf 74' lang='lat' dir='ltr'><strong>sequetur.“</strong></span> <span class='ocrx_word' id='word_1_382' title='bbox 1606 2235 1649 2239; x_wconf 96' lang='lat'><strong>—</strong></span> 
     </span>
     <span class='ocr_line' id='line_1_74' title="bbox 916 2264 1652 2308; baseline -0.003 -10"><span class='ocrx_word' id='word_1_383' title='bbox 916 2265 1058 2308; x_wconf 81' lang='lat' dir='ltr'><strong>minor]</strong></span> <span class='ocrx_word' id='word_1_384' title='bbox 1103 2264 1354 2307; x_wconf 75' lang='lat' dir='ltr'><strong>„obnoxius.“</strong></span> <span class='ocrx_word' id='word_1_385' title='bbox 1382 2283 1426 2287; x_wconf 97' lang='lat'><strong>—</strong></span> <span class='ocrx_word' id='word_1_386' title='bbox 1452 2273 1559 2304; x_wconf 81' lang='lat' dir='ltr'><strong>quem</strong></span> <span class='ocrx_word' id='word_1_387' title='bbox 1595 2266 1652 2296; x_wconf 73' lang='lat' dir='ltr'><strong>ter</strong></span> 
     </span>
     <span class='ocr_line' id='line_1_75' title="bbox 916 2310 1651 2355; baseline -0.003 -9"><span class='ocrx_word' id='word_1_388' title='bbox 916 2314 1077 2346; x_wconf 73' lang='lat' dir='ltr'><strong>vindicta</strong></span> <span class='ocrx_word' id='word_1_389' title='bbox 1102 2313 1188 2355; x_wconf 62' lang='lat' dir='ltr'><strong>cet]</strong></span> <span class='ocrx_word' id='word_1_390' title='bbox 1226 2312 1366 2354; x_wconf 85' lang='lat' dir='ltr'><strong>„homo</strong></span> <span class='ocrx_word' id='word_1_391' title='bbox 1398 2310 1492 2345; x_wconf 86' lang='lat' dir='ltr'><strong>adeo</strong></span> <span class='ocrx_word' id='word_1_392' title='bbox 1519 2321 1651 2344; x_wconf 81' lang='lat' dir='ltr'><strong>servus</strong></span> 
     </span>
     <span class='ocr_line' id='line_1_76' title="bbox 919 2358 1651 2404; baseline -0.003 -12"><span class='ocrx_word' id='word_1_393' title='bbox 919 2359 1187 2404; x_wconf 83' lang='lat' dir='ltr'><strong>cupiditatibus</strong></span> <span class='ocrx_word' id='word_1_394' title='bbox 1213 2369 1257 2392; x_wconf 87' lang='lat' dir='ltr'><strong>ac</strong></span> <span class='ocrx_word' id='word_1_395' title='bbox 1287 2358 1497 2400; x_wconf 80' lang='lat' dir='ltr'><strong>formidini,</strong></span> <span class='ocrx_word' id='word_1_396' title='bbox 1530 2361 1572 2390; x_wconf 85' lang='lat' dir='ltr'><strong>ut</strong></span> <span class='ocrx_word' id='word_1_397' title='bbox 1603 2368 1651 2390; x_wconf 90' lang='lat' dir='ltr'><strong>ne</strong></span> 
     </span>
    </p>
   </div>
   <div class='ocr_carea' id='block_1_17' title="bbox 919 2405 1723 2451">
    <p class='ocr_par' dir='ltr' id='par_1_23' title="bbox 919 2405 1723 2451">
     <span class='ocr_line' id='line_1_77' title="bbox 919 2405 1723 2451; baseline -0.004 -11"><span class='ocrx_word' id='word_1_398' title='bbox 919 2407 1069 2450; x_wconf 84' lang='lat' dir='ltr'><strong>saepius</strong></span> <span class='ocrx_word' id='word_1_399' title='bbox 1087 2406 1238 2451; x_wconf 87' lang='lat' dir='ltr'><strong>quidem</strong></span> <span class='ocrx_word' id='word_1_400' title='bbox 1262 2406 1423 2450; x_wconf 82' lang='lat' dir='ltr'><strong>repetita</strong></span> <span class='ocrx_word' id='word_1_401' title='bbox 1447 2405 1651 2438; x_wconf 88' lang='lat' dir='ltr'><strong>manumis-</strong></span> <span class='ocrx_word' id='word_1_402' title='bbox 1717 2438 1723 2442; x_wconf 81' lang='grc'>,</span> 
     </span>
    </p>
   </div>
   <div class='ocr_carea' id='block_1_18' title="bbox 917 2452 1655 2730">
    <p class='ocr_par' dir='ltr' id='par_1_24' title="bbox 917 2452 1655 2730">
     <span class='ocr_line' id='line_1_78' title="bbox 918 2452 1650 2497; baseline -0.004 -10"><span class='ocrx_word' id='word_1_403' title='bbox 918 2453 975 2487; x_wconf 88' lang='lat' dir='ltr'><strong>sio</strong></span> <span class='ocrx_word' id='word_1_404' title='bbox 1000 2464 1068 2497; x_wconf 91' lang='lat' dir='ltr'><strong>per</strong></span> <span class='ocrx_word' id='word_1_405' title='bbox 1090 2453 1294 2487; x_wconf 71' lang='lat' dir='ltr'><strong>vindictam</strong></span> <span class='ocrx_word' id='word_1_406' title='bbox 1317 2456 1354 2486; x_wconf 88' lang='lat' dir='ltr'><strong>te</strong></span> <span class='ocrx_word' id='word_1_407' title='bbox 1377 2463 1466 2486; x_wconf 87' lang='lat' dir='ltr'><strong>vere</strong></span> <span class='ocrx_word' id='word_1_408' title='bbox 1491 2452 1650 2485; x_wconf 86' lang='lat' dir='ltr'><strong>liberum</strong></span> 
     </span>
     <span class='ocr_line' id='line_1_79' title="bbox 917 2498 1653 2545; baseline -0.004 -11"><span class='ocrx_word' id='word_1_409' title='bbox 917 2500 1076 2534; x_wconf 88' lang='lat' dir='ltr'><strong>reddere</strong></span> <span class='ocrx_word' id='word_1_410' title='bbox 1102 2502 1248 2545; x_wconf 85' lang='lat' dir='ltr'><strong>queat.“</strong></span> <span class='ocrx_word' id='word_1_411' title='bbox 1281 2500 1442 2543; x_wconf 83' lang='lat' dir='ltr'><strong>(Reapse</strong></span> <span class='ocrx_word' id='word_1_412' title='bbox 1467 2499 1509 2532; x_wconf 91' lang='lat' dir='ltr'><strong>in</strong></span> <span class='ocrx_word' id='word_1_413' title='bbox 1535 2498 1653 2532; x_wconf 86' lang='lat' dir='ltr'><strong>servis</strong></span> 
     </span>
     <span class='ocr_line' id='line_1_80' title="bbox 919 2545 1653 2581; baseline -0.004 -1"><span class='ocrx_word' id='word_1_414' title='bbox 919 2558 996 2580; x_wconf 86' lang='lat' dir='ltr'><strong>una</strong></span> <span class='ocrx_word' id='word_1_415' title='bbox 1019 2547 1211 2581; x_wconf 81' lang='lat' dir='ltr'><strong>dumtaxat</strong></span> <span class='ocrx_word' id='word_1_416' title='bbox 1234 2547 1402 2580; x_wconf 79' lang='lat' dir='ltr'><strong>vindicta</strong></span> <span class='ocrx_word' id='word_1_417' title='bbox 1431 2548 1556 2580; x_wconf 85' lang='lat' dir='ltr'><strong>locum</strong></span> <span class='ocrx_word' id='word_1_418' title='bbox 1588 2545 1653 2578; x_wconf 85' lang='lat' dir='ltr'><strong>ha-</strong></span> 
     </span>
     <span class='ocr_line' id='line_1_81' title="bbox 917 2594 1655 2637; baseline -0.004 -9"><span class='ocrx_word' id='word_1_419' title='bbox 917 2594 1059 2636; x_wconf 87' lang='lat' dir='ltr'><strong>bebat.)</strong></span> <span class='ocrx_word' id='word_1_420' title='bbox 1085 2594 1220 2628; x_wconf 87' lang='lat' dir='ltr'><strong>Forma</strong></span> <span class='ocrx_word' id='word_1_421' title='bbox 1241 2597 1365 2627; x_wconf 82' lang='lat' dir='ltr'><strong>autem</strong></span> <span class='ocrx_word' id='word_1_422' title='bbox 1388 2594 1555 2637; x_wconf 81' lang='lat' dir='ltr'><strong>legitima</strong></span> <span class='ocrx_word' id='word_1_423' title='bbox 1578 2602 1655 2625; x_wconf 78' lang='lat' dir='ltr'><strong>ma-</strong></span> 
     </span>
     <span class='ocr_line' id='line_1_82' title="bbox 918 2639 1654 2685; baseline -0.005 -10"><span class='ocrx_word' id='word_1_424' title='bbox 918 2642 1163 2675; x_wconf 83' lang='lat' dir='ltr'><strong>numissionis</strong></span> <span class='ocrx_word' id='word_1_425' title='bbox 1181 2640 1413 2685; x_wconf 85' lang='lat' dir='ltr'><strong>temporibus</strong></span> <span class='ocrx_word' id='word_1_426' title='bbox 1431 2639 1654 2683; x_wconf 83' lang='lat' dir='ltr'><strong>antiquiori-</strong></span> 
     </span>
     <span class='ocr_line' id='line_1_83' title="bbox 918 2686 1655 2730; baseline -0.004 -8"><span class='ocrx_word' id='word_1_427' title='bbox 918 2687 989 2722; x_wconf 85' lang='lat' dir='ltr'><strong>bus</strong></span> <span class='ocrx_word' id='word_1_428' title='bbox 1013 2688 1106 2722; x_wconf 90' lang='lat' dir='ltr'><strong>haec</strong></span> <span class='ocrx_word' id='word_1_429' title='bbox 1127 2688 1247 2722; x_wconf 85' lang='lat' dir='ltr'><strong>fuisse</strong></span> <span class='ocrx_word' id='word_1_430' title='bbox 1264 2687 1434 2720; x_wconf 81' lang='lat' dir='ltr'><strong>videtur:</strong></span> <span class='ocrx_word' id='word_1_431' title='bbox 1455 2686 1655 2730; x_wconf 81' lang='lat' dir='ltr'><strong>Compare-</strong></span> 
     </span>
    </p>
   </div>
  </div>
 </body>
</html>
