1774 2930
145 168 230 209 232

643 168 852 203 HORATII
875 169 1160 205 SATIRARUM

261 269 469 325 Imposita
498 269 613 311 haud
643 284 832 326 unquam
863 271 1023 313 misera
1052 270 1278 314 formidine
1314 273 1484 328 privet?

261 339 385 383 Adde
417 355 547 397 super
578 340 716 394 dictis,
750 340 863 396 quod
893 355 979 383 non
1009 342 1146 384 levius
1177 343 1340 385 valeat:
1372 347 1487 386 nam'

263 410 364 454 Sive
394 412 578 454 vicarius
611 415 690 465 est,
724 412 796 467 qui
829 426 951 454 servo
982 416 1118 469 paret,
1151 413 1214 455 uti
1243 427 1335 456 mos

262 481 419 524 Vester
441 482 513 536 ait,
537 496 614 524 seu
637 497 891 538 conservus3
914 483 993 525 tibi
1015 484 1117 539 quid
1139 498 1234 525 sum
1255 485 1367 540 ego?
1396 484 1562 542 Nempe
1605 485 1659 525 80

264 553 344 606 Tu,
378 553 483 594 mihi
516 554 588 609 qui
620 554 856 609 imperitas,
890 554 961 596 alii
994 555 1128 597 servis
1160 556 1291 597 miser
1321 559 1449 612 atque

261 623 442 666 Duceris
474 628 523 666 ut
553 625 696 667 nervis
728 625 879 667 alienis
912 625 1068 667 mobile
1098 626 1274 681 lignum.

239 768 294 799 81.
322 767 389 798 alii
415 766 504 800 Cod.
529 766 663 800 Bland.
690 766 887 811 antiquiss.
914 770 950 801 et
974 767 1039 801 alii
1066 767 1140 802 duo
1167 767 1345 812 Cruqufi,
1370 768 1459 802 item
1484 770 1614 801 noster

190 812 242 845 E:
271 814 356 846 aliis
382 813 586 858 bScp,LCt‚
612 814 821 857 Bentleius,
845 814 924 847 ΕΜ.

141 943 204 977 bat
230 954 354 977 coram
379 947 551 988 praetore
583 945 727 978 urbano
762 944 880 978 domi-

141 1001 214 1025 nus
241 1001 326 1024 cum
354 1002 461 1025 servo
479 992 698 1036 amicusque
725 991 879 1033 domini,

140 1041 308 1072 assertor
345 1039 386 1072 in
423 1038 655 1081 libertatem3
705 1039 879 1073 dominus

142 1095 291 1120 servum
323 1085 490 1120 vindicta
524 1086 701 1131 (virgula)
735 1087 795 1119 vel
826 1086 878 1119 fe-

142 1134 250 1166 stuca
275 1133 372 1167 dicis
392 1144 506 1167 causa
529 1133 776 1178 percutiebat,
803 1144 878 1177 quo

142 1190 248 1214 suam
281 1181 321 1213 in
355 1192 441 1214 eum
471 1183 693 1225 potestatem
726 1180 879 1214 manife-

141 1229 275 1270 staret3
302 1231 380 1261 tum
406 1231 572 1262 assertor
598 1229 637 1261 in
663 1227 879 1262 libertatem

140 1275 238 1308 hanc
251 1275 450 1309 formulam
463 1275 752 1319 pronuntiabat:
770 1277 880 1308 Hunc

143 1323 323 1356 hominem
351 1323 507 1356 liberum
535 1332 609 1356 esse
642 1324 702 1356 aio
729 1332 775 1356 ea:
797 1323 879 1355 iure

142 1370 352 1410 Quiritium.
400 1370 586 1404 Dominus
611 1371 716 1403 velut
741 1369 878 1404 cedens

140 1416 356 1451 adversario
374 1417 460 1451 ficto
476 1429 483 1451 :
510 1420 620 1451 Hunc
640 1419 818 1450 hominem
838 1418 879 1450 li-

141 1465 269 1497 berum
287 1474 361 1498 esse
377 1467 478 1498 volo:
505 1465 582 1498 vel:
607 1466 714 1498 liber
732 1467 805 1498 esto
824 1467 879 1498 αι-

141 1520 209 1551 que
229 1513 338 1554 abito,
363 1521 434 1553 quo
451 1514 569 1549 voles‚·
596 1512 683 1547 dein
704 1523 787 1546 eum
808 1513 878 1546 cir-

141 1560 361 1604 cumagebat
410 1562 447 1593 et
499 1571 614 1594 manu
665 1559 879 1603 emittebat3

140 1609 272 1650 postea
301 1610 452 1650 praetor
486 1607 675 1650 edicebat,
710 1607 879 1640 eum'ho-

139 1654 273 1686 minem
301 1655 455 1687 liberum
481 1664 553 1688 esse
581 1664 626 1688 ea:
649 1656 730 1688 iure
758 1655 879 1696 Quiri-

141 1702 242 1734 tium.
269 1701 550 1736 Posterioribus
568 1696 801 1746 temporibus
816 1702 879 1735 do—

141 1748 232 1781 mini
273 1749 354 1783 loco
392 1750 501 1783 lictor
541 1760 664 1783 coram
704 1751 878 1793 praetore

140 1795 307 1830 vindicta
343 1797 520 1841 tangebat
557 1807 706 1831 servum
748 1807 878 1830 manu-

141 1842 375 1877 mittendum.
410 1843 516 1877 Conf.
542 1844 647 1877 Pers.
675 1843 748 1876 Sat.
775 1845 808 1884 5,
835 1845 877 1876 75

142 1900 196 1934 sq.
223 1901 307 1924 cum
336 1890 554 1925 Scholiasta.
594 1891 789 1924 Sententia
814 1901 878 1923 au-

140 1939 214 1970 tem
233 1937 440 1972 Horatiana
463 1938 581 1982 petita
600 1940 656 1971 est
673 1948 719 1971 ex
737 1937 879 1971 Stoico-

141 1995 224 2017 rum
253 1985 402 2019 scholis.
452 1986 555 2020 Pers.
584 1987 615 2027 5,
644 1987 734 2018 124:
771 1986 878 2018 Liber

142 2041 219 2072 eqo.
273 2034 371 2066 Unde
405 2034 532 2066 datum
566 2034 630 2066 hoc
651 2033 791 2074 xsumis,
827 2035 878 2065 ιοι

140 2080 282 2113 subdite
316 2082 449 2113 rebus?
485 2082 542 2114 An
566 2081 752 2113 dominum
777 2081 879 2121 iquo-

140 2135 223 2169 ras,
261 2128 334 2160 nisi
366 2136 473 2168 quem
506 2129 669 2161 vindicta
700 2127 879 2160 relaxat?

140 2192 185 2215 .—
203 2175 338 2217 privel]
366 2175 556 2217 „liberet.“
593 2174 669 2208 Cic.
696 2174 741 2208 de
768 2174 878 2208 Finn.

143 2223 182 2263 1,
212 2224 273 2264 11,
300 2224 367 2256 37:
407 2224 493 2256 Cum
523 2223 718 2264 privamur
742 2223 879 2264 dolore,

140 2270 221 2309 ipsa
250 2270 464 2303 liberatione
496 2273 528 2303 et
553 2271 738 2303 vacuitate
764 2271 879 2302 omnis

140 2317 328 2350 moles-liae
354 2319 563 2358 gaudemus.

191 2411 312 2444 78-80.
338 2420 449 2452 super
473 2412 590 2454 dictis]
619 2409 714 2457 πρὸς
731 2415 810 2453 τοῖς
827 2412 878 2443 εἰ-

141 2459 334 2505 ρημένοις.
386 2458 491 2492 Oonf.
520 2458 593 2492 Sat.
629 2461 669 2501 2,
702 2461 741 2499 6,
775 2461 806 2492 3.
835 2478 877 2481 —

141 2505 326 2547 vicarius]
367 2505 504 2539 Servus
531 2507 695 2540 vicarius
727 2506 759 2539 is
788 2508 878 2547 erat,

143 2563 255 2596 quem
275 2563 405 2586 servus
425 2553 640 2587 ordinarius
660 2564 727 2587 suo
746 2564 791 2586 ex
813 2564 877 2596 pe-

144 2599 244 2633 culio
263 2599 309 2633 ad
329 2611 412 2633 eum
430 2599 542 2633 finem
563 2604 713 2642 emerat,
738 2603 780 2633 ut
797 2601 877 2634 vice

143 2657 212 2681 sua
228 2647 453 2692 fungeretur
470 2647 509 2680 in
525 2647 658 2681 officiis
678 2647 878 2681 servilibus

143 2694 406 2738 exsequendis.
472 2695 519 2727 At
561 2705 644 2727 cum
686 2695 879 2739 peculium

142 2751 288 2785 semper
314 2744 413 2776 esset
442 2741 482 2775 in
509 2741 648 2775 domini
682 2744 878 2785 potestate,

928 945 1040 979 etiam
1067 945 1164 979 servi
1191 955 1323 979 servus
1355 942 1394 988 (ὁ
1420 944 1487 978 τοῦ
1513 945 1660 977 οἱκέτοιΥ

928 993 1080 1035 οἰκέτης
1105 992 1328 1037 Theophilo)
1366 992 1406 1026 in
1432 991 1560 1026 eadem
1587 1002 1662 1026 ma-

929 1039 1060 1082 nebat3
1086 1039 1254 1084 adeoque
1272 1041 1436 1073 vicarius
1453 1039 1566 1073 simul
1584 1041 1663 1073 erat

928 1095 1120 1120 conservus
1139 1087 1236 1120 servi
1255 1086 1450 1120 ordinarii.
1478 1086 1597 1120 Inscr.
1614 1097 1661 1119 m.

927 1132 1008 1167 Lat.
1034 1133 1078 1167 N.
1105 1135 1192 1167 362:
1226 1136 1372 1167 Donato
1399 1135 1564 1167 Caesaris
1587 1135 1661 1166 Au-

928 1182 1023 1221 {Jusli
1055 1182 1230 1215 salviano
1268 1182 1369 1224 (non
1401 1181 1557 1222 liberto,
1596 1179 1660 1214 sed

929 1238 1035 1261 servo
1061 1228 1234 1274 Augusti,
1258 1228 1349 1262 huic
1374 1239 1396 1262 a
1422 1227 1544 1262 Salvio
1570 1238 1662 1272 quo-

927 1274 1012 1308 dam
1053 1275 1192 1320 legato)
1236 1277 1401 1309 exactori
1440 1275 1662 1308 tributorum

927 1323 967 1354 in
998 1323 1170 1356 Helvetia
1204 1323 1408 1356 communis
1442 1323 1564 1365 (nom.
1589 1322 1662 1367 pr.)

927 1370 1099 1403 vicarius.
1138 1369 1277 1404 Servus
1299 1370 1461 1403 vio-arms
1484 1379 1664 1403 memora-

929 1418 991 1450 tur
1024 1417 1098 1450 iam
1129 1428 1151 1451 a
1180 1417 1316 1451 Plauto
1341 1417 1446 1451 Asin.
1472 1417 1513 1458 2,
1539 1419 1579 1458 4,
1605 1417 1662 1450 28.

930 1483 973 1486 —
987 1473 1064 1497 mos
1084 1464 1214 1507 Vester]
1241 1465 1378 1498 civium
1395 1463 1662 1506 Romanorum,

929 1511 1200 1556 ingenuorum,
1235 1511 1373 1556 quibus
1405 1521 1444 1545 80
1477 1521 1553 1545 11011
1580 1510 1662 1545 81110

929 1561 1030 1592 certa
1064 1559 1226 1604 quadam
1263 1558 1513 1593 amaritudine
1545 1558 1662 1592 animi

929 1607 1086 1650 opponit
1107 1606 1287 1640 miserum
1312 1605 1554 1650 mancipium,
1579 1605 1663 1639 sine

927 1656 1044 1697 patre,
1071 1653 1154 1687 sine
1180 1656 1302 1699 gente,
1329 1653 1411 1687 sine
1437 1653 1598 1686 civitate.
1620 1670 1661 1675 —

927 1710 991 1734 seu
1017 1701 1226 1743 conservus]
1263 1700 1382 1733 Paulo
1421 1699 1569 1733 cautius
1607 1699 1662 1732 lo-

929 1748 1079 1792 quitur,
1123 1758 1206 1781 cum
1248 1747 1399 1792 proprie
1440 1746 1512 1779 1100
1546 1746 1662 1780 velit:

929 1794 1051 1837 „Quid
1068 1795 1172 1828 aliud
1191 1805 1230 1828 es
1252 1797 1294 1828 tu
1315 1794 1419 1836 mihi,
1445 1803 1557 1838 quam
1576 1803 1664 1827 con-

928 1843 1114 1876 80111181ιι

976 1890 1127 1922 81-88.
1153 1888 1234 1932 alii]
1259 1888 1423 1930 domino,
1452 1888 1602 1922 libidini
1628 1890 1664 1922 et

929 1936 1135 1981 cupiditati.
1178 1935 1285 1969 Conf.
1311 1946 1345 1968 v.
1370 1937 1426 1969 93.
1467 1934 1547 1978 „Ut
1570 1935 1663 1968 mihi

926 1984 1042 2017 herus
1070 1994 1108 2017 es
1135 1987 1188 2025 tu,
1215 1983 1269 2017 sic
1295 1982 1392 2016 alius
1418 1982 1520 2016 tibi.“
1550 2001 1591 2005 —
1622 1983 1664 2015 lu·-

928 2031 1052 2074 qnum]
1078 2031 1193 2070 Quasi
1213 2030 1453 2074 contemptim
1472 2029 1527 2063 sic
1545 2031 1662 2071 vocat,

927 2078 1097 2122 adeoque
1124 2078 1234 2122 longe
1253 2077 1375 2122 aptior
1399 2079 1456 2111 est
1480 2076 1663 2111 librorum

927 2126 1040 2159 lectio
1067 2136 1180 2170 quam
1205 2125 1359 2159 Douzae
1387 2123 1485 2158 illud
1508 2125 1663 2166 sianum,

927 2184 960 2206 v,
987 2173 1100 2207 nimis
1130 2172 1262 2217 utique
1287 2171 1490 2206 infinitum.
1541 2170 1663 2216 Signi-

927 2220 1015 2254 ficat
1063 2216 1350 2267 νευρόσπαστα,
1405 2219 1662 2260 Marionellen,

929 2278 1020 2312 quas
1057 2267 1241 2312 Apuleius
1278 2267 1323 2300 de
1362 2265 1502 2299 Mundo
1542 2275 1573 2299 c.
1605 2267 1662 2299 27.

927 2317 1035 2349 vocat
1077 2316 1253 2356 liqneolas
1290 2314 1475 2346 hominum
1515 2314 1661 2354 Maras,

927 2373 949 2396 a
987 2362 1212 2396 circulatore
1250 2361 1378 2405 aliquo
1416 2359 1580 2393 fidiculis
1621 2358 1661 2391 in

927 2410 1024 2443 hanc
1050 2409 1109 2442 vel
1134 2409 1236 2442 illam
1261 2410 1404 2452 partem
1431 2408 1587 2447 tractas,
1621 2407 1663 2439 ut

929 2457 1036 2501 quasi
1062 2455 1280 2501 gesticulari
1305 2454 1516 2488 videantur.
1552 2452 1661 2486 Com-

927 2504 1071 2548 paratio
1090 2505 1181 2537 haec
1199 2502 1385 2536 tralaticia
1402 2504 1483 2535 erat
1507 2500 1547 2534 in
1566 2499 1662 2533 Stoi-

928 2562 1056 2585 corum
1095 2550 1246 2584 scholis.
1301 2548 1350 2582 M.
1386 2548 1566 2582 Antonin.
1606 2547 1660 2588 10,

928 2600 995 2632 38:
1032 2598 1236 2640 Μέμνησο,
1270 2591 1331 2629 ὅτι
1367 2593 1413 2629 τὸ
1449 2603 1663 2640 νευροσπα-

929 2645 1045 2679 στοῦν
1070 2645 1174 2678 ἐστὶν
1199 2644 1324 2677 ἐκεῖνο
1350 2640 1394 2676 τὸ
1418 2638 1526 2675 ἔνδον
1555 2640 1663 2685 ἐγκε-

928 2693 1156 2740 κρυμμένον·
1175 2691 1299 2724 ἐκεῖνο
1322 2687 1512 2736 ῥητορεία,
1537 2689 1661 2721 έκεῖνο

927 2737 1015 2784 ζωή,
1040 2739 1175 2776 ἐκεῖνο,
1209 2740 1242 2771 εἰ
1270 2737 1329 2771 δεῖ
1350 2739 1478 2774 εἰπεῖν,
1510 2731 1662 2780 ἅνθρω-
