1774 2930
151 164 237 206 304
637 165 845 200 HORATII
867 165 1215 202 EPISTOLARUM

150 265 190 298 in
223 265 374 300 vivendi
407 277 547 312 genere
580 268 764 311 perpetuo
798 269 926 309 nutet,
963 268 1276 312 quemadmodum
1312 269 1460 304 faciunt
1497 271 1674 315 plerique
1719 265 1723 269 ’

149 313 338 348 mortales.
389 313 579 348 Obbarius
604 314 796 358 Epistolae
830 317 1095 359 argumentum
1118 316 1191 351 hoe
1215 318 1411 362 proponit:
1451 317 1542 360 „Est
1573 329 1677 352 sum—

149 371 251 394 mum
278 360 418 395 bonum
443 361 560 406 idque
585 361 749 405 positum
774 361 815 394 in
842 372 886 395 ea
910 361 1061 396 vivendi
1086 363 1251 406 ratione,
1276 367 1319 398 ut
1341 364 1671 409 perturbationum

150 418 286 452 expers
311 408 375 451 sis,
401 409 498 442 nihil
524 419 647 453 neque
673 409 832 453 cupiens
859 419 930 443 neo
954 409 1103 444 timens.
1146 410 1289 450 Quodsi
1313 412 1407 446 haee
1431 412 1608 447 condicio
1634 415 1674 447 te

149 455 276 489 reddit
308 456 474 500 perfecte
506 457 677 498 beatum,
714 457 811 490 hanc
843 465 958 489 unam
989 457 1125 491 ceteris
1159 458 1294 492 studiis
1329 459 1476 494 omissis
1510 470 1675 504 sequere

149 502 337 536 virtutem.
388 503 433 536 V.
462 505 588 537 1—14.
638 503 742 543 Quae
769 503 801 537 si
827 503 874 537 ad
898 503 995 538 bene
1019 505 1219 539 vivendum
1244 517 1322 540 non
1357 506 1447 541 satis
1479 517 1591 551 posse
1616 508 1670 541 vi-

150 549 321 593 debitur,
358 551 405 585 ad
431 552 644 585 diviliarum
678 562 862 585 summum
902 552 1043 585 bonum
1080 554 1116 586 te
1153 553 1285 587 confer
1319 555 1355 588 et
1387 555 1428 587 in
1461 565 1506 588 eo
1539 565 1670 589 eonse-

150 597 302 641 quendo
338 598 448 642 quasi
482 599 766 633 tabernaculum
792 599 889 632 vitae
920 599 1074 633 colloca.
1123 599 1168 634 V.
1196 602 1346 634 15—21.
1394 601 1498 636 Idem
1530 602 1675 635 facien-

149 644 249 687 dum,
276 655 361 679 cum
387 646 455 679 tibi
479 647 724 690 proposueris
748 646 902 680 tertium
928 646 1114 691 quoddam
1140 649 1275 682 summi
1299 648 1390 682 boni
1413 659 1545 694 genus,
1571 649 1672 693 quod

151 692 321 726 cernitur
346 693 387 726 in
413 695 592 727 honorum
617 693 868 738 amplitudine
893 705 936 727 ac
964 694 1163 738 splendore
1190 695 1249 738 (V.
1267 697 1449 739 49-55.),
1474 697 1535 730 vel
1561 707 1672 740 quar-

149 742 248 782 tum,
286 740 388 784 quod
421 740 534 774 situm
569 744 627 775 est
659 741 699 774 in
734 743 810 774 vila
845 742 950 775 lauta
974 753 1204 787 mensaeque
1237 742 1398 778 deliciis.
1447 743 1492 777 V.
1518 746 1670 778 56—64.

151 786 216 820 Sin
243 787 363 833 magis
388 788 576 832 placuerit
600 788 704 822 aliud
730 799 917 822 summum
942 789 1103 831 bonum,
1137 790 1240 834 quod
1265 793 1321 825 est
1345 791 1385 824 in
1411 800 1555 835 amore,
1580 791 1671 825 huic

148 837 270 869 totum
298 838 335 869 te
360 835 476 869 trade.
526 835 571 869 V.
599 838 654 870 65.
681 838 736 870 66.
786 836 888 870 Haec
916 837 1067 881 quidem
1092 837 1213 871 habeo
1248 849 1455 882 exponere:
1489 841 1530 872 tu
1557 839 1588 873 si
1614 849 1672 873 sa-

149 882 259 916 niora
282 883 515 928 melioraque
542 883 651 926 scies,
675 894 733 917 me
761 883 873 927 doce;
900 885 959 918 sin
985 884 1124 927 minus,
1149 887 1256 919 utere
1281 886 1386 920 meis.
1436 885 1480 919 V.
1507 887 1564 920 67.
1590 886 1669 920 68.“

151 929 433 974 „Despicientia
466 942 594 965 rerum
621 933 860 965 externarum
885 932 945 966 via
970 932 1015 966 ad
1042 932 1137 966 bene
1166 931 1350 978 beateque
1377 933 1578 967 vivendum
1604 935 1671 976 est,

148 977 270 1011 virtus
298 978 378 1012 sola
402 978 501 1012 bona
526 979 830 1023 expetendaque,
856 979 929 1013 alia
956 980 1100 1022 omnia,
1127 991 1223 1024 quae
1248 981 1358 1026 volgo
1384 981 1511 1025 expeti
1537 981 1679 1023 solent,

150 1024 293 1059 caduca
317 1036 361 1059 ac
387 1026 519 1060 saltem
552 1036 637 1059 cum
663 1026 739 1060 vita
771 1026 975 1060 amittenda
1008 1038 1133 1071 neque
1160 1038 1199 1061 re
1226 1038 1315 1062 vera
1348 1028 1515 1062 salubria
1547 1027 1670 1062 sunt.“

147 1071 361 1106 BRIEGLEB.
410 1073 539 1106 Animi
573 1083 686 1107 causa
722 1074 961 1108 memoranda
994 1074 1142 1108 videtur
1175 1085 1270 1107 vana
1301 1074 1498 1110 Bouhierii
1531 1076 1680 1120 opinio,

147 1121 200 1153 ita
225 1119 423 1154 Horatium
457 1120 581 1165 ipsum
614 1131 746 1154 versus
781 1120 995 1155 ordinasse:
1024 1124 1151 1164 1—-14,
1177 1123 1329 1164 28-48,
1356 1124 1411 1165 17,
1439 1124 1494 1165 18,
1520 1124 1673 1166 20-23,

148 1169 302 1210 49—55,
330 1170 386 1210 19,
412 1169 564 1210 24-27,
591 1169 742 1210 56—66,
769 1170 825 1211 15,
853 1171 907 1211 16,
934 1171 990 1211 67,
1016 1171 1073 1203 68.
1123 1169 1309 1213 Scriptam
1340 1169 1438 1203 hanc
1463 1169 1675 1214 Epistulam

149 1214 355 1249 arbitratur
379 1214 530 1249 Franke
555 1227 588 1250 a.
615 1226 652 1249 u.
680 1225 711 1248 c.
738 1217 817 1249 729.
842 1218 995 1260 propter
1022 1227 1054 1249 v.
1081 1218 1150 1260 26„
1175 1216 1363 1251 Obbarius
1388 1228 1422 1251 a.
1447 1218 1528 1251 734.

662 1405 1002 1448 EPISTOLA
1030 1406 1151 1448 vn.

267 1492 468 1549 Quinque
500 1493 592 1536 dies
624 1493 703 1535 tibi
735 1493 950 1550 pollicitus
980 1508 1050 1536 me
1080 1508 1179 1536 rure
1210 1493 1418 1548 futurum,

267 1564 477 1607 Sextilem
508 1568 646 1606 totum
677 1565 864 1607 mendax
896 1565 1128 1607 desideror.
1190 1565 1325 1621 Atqui

268 1635 314 1677 Si
344 1650 414 1678 me
444 1625 590 1678 vivere
622 1636 687 1677 vis
720 1650 871 1686 sanum
901 1640 1102 1692 recteque
1133 1636 1367 1690 valentem,

267 1706 407 1755 Quam
438 1707 543 1748 mihi
575 1707 650 1749 das
683 1722 831 1763 aegro,
865 1707 986 1749 dabis
1018 1711 1241 1762 aegrotare
1271 1706 1460 1759 timenti,

242 1837 316 1870 ΕΡ.
353 1836 435 1870 VH.
471 1838 503 1870 3.
536 1838 590 1869 vis
615 1845 747 1870 sanum
772 1839 935 1876 recteque
960 1837 1141 1868 valentem
1165 1834 1395 1879 bScdp,LCt,
1423 1835 1623 1870 Bentleius

196 1886 232 1917 et
258 1883 307 1917 O:
339 1885 395 1917 vis
419 1887 583 1924 recteque
607 1885 732 1917 videre
758 1885 939 1916 valentem
963 1882 1014 1925 E,
1048 1885 1124 1917 tres
1148 1882 1333 1925 Pottierii,
1359 1893 1406 1917 ex
1430 1883 1515 1917 aliis
1540 1883 1620 1926 ΕΜ,

194 1932 246 1964 vis
273 1933 436 1972 recteque
461 1932 585 1972 viuere
610 1932 794 1964 valentem
818 1930 1014 1964 Bentleius
1040 1930 1080 1963 in
1105 1929 1310 1964 Addendis.

195 2037 278 2071 VII.
314 2037 371 2071 De
405 2037 519 2071 huius
550 2036 742 2081 Epistolae
773 2048 884 2082 argu-

146 2088 273 2119 mento
299 2085 383 2118 vide
409 2085 632 2118 Excursum.

197 2135 268 2166 1-6.
296 2133 462 2174 Quinque
488 2132 585 2175 dies]
624 2134 666 2165 ut
699 2142 769 2166 nos
802 2133 884 2165 acm

148 2182 264 2222 Taqe,
291 2191 473 2214 numerus
499 2179 692 2221 infinitus,
722 2190 798 2213 non
825 2179 883 2212 ni-

147 2228 217 2261 mis
243 2230 419 2262 accurate
446 2227 652 2272 urgendus.
681 2226 788 2260 Conf.
807 2226 882 2260 Sat.

151 2278 188 2317 1,
224 2278 263 2317 3,
301 2277 342 2308 16
370 2286 426 2319 sq.
453 2294 496 2298 —-
522 2275 634 2317 rure]
669 2274 708 2308 in
744 2274 883 2308 Sabino

147 2333 242 2364 meo,
267 2323 394 2366 potius
422 2333 544 2366 quam,
571 2324 613 2355 ut
638 2322 703 2355 alii
729 2324 883 2366 propter

148 2380 181 2402 v.
196 2372 252 2403 45.
268 2369 513 2412 arbitrantur,
531 2370 571 2403 in
591 2369 702 2402 amici
721 2369 883 2402 alicuius

148 2416 239 2450 villa
263 2416 476 2451 Tiburtina.
496 2436 538 2440 —-
559 2417 744 2459 Seoetilem]
771 2417 882 2450 Anno

148 2464 297 2498 demum
323 2475 358 2496 u.
386 2475 417 2497 c.
445 2466 523 2497 746.
550 2464 612 2497 hic
645 2464 786 2498 mensis
810 2465 882 2496 Au-

148 2513 273 2552 oustus
307 2511 522 2544 nominatus
557 2515 624 2544 est.
673 2511 745 2544 Dio
780 2510 882 2544 Cass.

149 2561 206 2601 55,
232 2561 265 2592 6.
285 2577 327 2582 -
345 2560 507 2591 mendam
530 2558 729 2601 desideror]
747 2558 884 2592 Dedita

149 2617 283 2650 opera,
309 2616 383 2650 quo
409 2605 560 2639 facilius
585 2605 782 2640 Maecenas
808 2606 881 2640 sibi

149 2653 337 2698 ignoscat,
367 2655 441 2687 tam
467 2653 708 2687 vehementer
734 2653 815 2697 ipse
842 2663 881 2687 se

149 2701 313 2743 accusat,
339 2711 415 2734 non
441 2711 528 2745 quo,
558 2703 600 2733 ut
626 2700 801 2734 nonnulli
819 2710 881 2734 vo-

150 2747 245 2791 lunt,
272 2748 458 2782 mendacii
477 2748 623 2792 culpam
645 2749 763 2781 amico
783 2747 883 2781 obie-

934 2037 1029 2070 cerit
1064 2037 1201 2070 fautor.
1239 2055 1282 2060 —-
1320 2036 1451 2079 Atqui]
1492 2037 1559 2070 καί
1595 2046 1674 2069 τοι,

935 2083 1166 2126 „Oonfiteom
1199 2086 1382 2126 attamen,
1408 2093 1493 2117 eum
1517 2084 1588 2118 hoc
1613 2083 1677 2118 sie-

934 2142 973 2165 se
990 2132 1136 2174 habeat,
1162 2131 1268 2165 dabis
1293 2131 1485 2165 licentiam
1511 2131 1604 2165 eet.“
1621 2150 1666 2154 —

932 2180 969 2213 si
993 2187 1050 2212 me
1072 2179 1158 2221 eet]
1184 2178 1323 2212 Nostra
1346 2179 1456 2212 lectio
1483 2178 1667 2212 sermonis

933 2226 1146 2270 quotidiani
1180 2226 1342 2260 formula
1369 2228 1427 2260 est
1458 2225 1666 2270 reperitur-

934 2285 1007 2318 que
1034 2274 1146 2308 etiam
1170 2273 1264 2317 Epp.
1293 2275 1325 2315 1,
1352 2275 1408 2315 16,
1434 2275 1491 2307 21.
1530 2273 1604 2306 Sat.
1632 2274 1675 2314 2,

933 2322 966 2363 5,
995 2323 1080 2355 11οε
1110 2322 1192 2355 Vive
1217 2321 1381 2361 valeque.
1415 2320 1541 2354 Plauti
1561 2319 1664 2353 Trin.

934 2370 965 2411 1,
985 2370 1017 2411 2,
1038 2371 1099 2402 14:
1126 2370 1222 2402 Bene
1249 2369 1369 2401 hercle
1395 2370 1445 2401 est
1469 2368 1576 2400 illam
1600 2368 1666 2400 cibi

931 2417 1054 2449 valere
1081 2418 1114 2449 et
1138 2417 1270 2449 vivere.
1318 2415 1455 2449 Bacch.
1482 2417 1514 2456 2,
1541 2416 1574 2454 2,
1601 2416 1663 2448 11;

936 2464 1071 2497 Vivitne
1104 2466 1136 2496 ec
1168 2463 1288 2496 valet?
1336 2462 1432 2497 Ibid.
1457 2473 1490 2495 v.
1519 2464 1580 2495 14:
1613 2462 1666 2494 vi-

931 2512 980 2544 vit
1007 2512 1040 2544 el
1063 2511 1171 2543 valet.
1222 2509 1373 2543 Terent.
1409 2509 1545 2543 Heaut.
1571 2510 1604 2550 3,
1631 2509 1673 2550 lr

933 2560 996 2591 21:
1039 2558 1138 2592 Valet
1164 2559 1272 2597 atque
1297 2558 1394 2590 vivit.
1444 2556 1520 2590 Cic.
1545 2554 1661 2589 Aoad.

932 2607 965 2647 2,
992 2607 1024 2647 7,
1053 2606 1114 2638 19:
1147 2606 1186 2638 Si
1211 2604 1378 2646 (sensus)
1403 2605 1486 2636 sani
1509 2604 1594 2635 mm
1619 2611 1663 2635 ac

930 2653 1101 2686 valentes.
1165 2651 1297 2685 Celsus
1342 2653 1380 2694 1,
1423 2652 1462 2683 1:
1510 2650 1671 2683 Sanus

933 2702 1055 2742 homo,
1082 2701 1202 2739 quiet
1230 2700 1342 2731 bene
1365 2698 1494 2731 valet
1520 2700 1551 2730 el
1573 2705 1663 2730 suae

930 2748 1065 2789 spontis
1092 2749 1159 2789 est,
1186 2747 1297 2779 nullis
1321 2754 1358 2778 se
1385 2745 1547 2786 obliqare
1574 2745 1670 2785 leat·-
