1774 2930
698 197 791 232 Alis
815 195 1042 231 POETIOA.

1535 190 1622 234 523

226 302 311 352 Qui
342 301 510 355 didicit,
541 300 706 357 patriae
738 297 840 355 quid
869 297 1025 340 debeat
1055 299 1099 339 et
1129 294 1232 352 quid
1261 294 1429 348 amicis,

224 373 321 422 Quo
351 373 407 415 sit
438 385 580 414 amore
610 383 786 427 parens,
818 383 902 425 quo
933 368 1064 410 frater
1093 365 1300 409 amandus
1332 370 1376 408 et
1404 364 1584 421 hospes,

226 443 351 493 Quod
382 443 439 485 sit
470 441 717 498 conscripti,
750 439 863 497 quod
892 438 1045 481 iudicis
1076 436 1282 490 officium,
1315 450 1424 492 quae

223 514 376 558 Partes
406 515 451 555 in
480 513 642 556 bellum
670 511 791 553 missi
822 510 962 563 ducis,
993 509 1067 551 ille
1097 507 1287 564 profecto

1535 505 1622 547 315

224 585 422 628 Reddere
451 597 661 641 personae
691 582 772 624 scit
802 579 1099 623 convenientia
1129 578 1296 634 cuique.

222 655 457 712 Respicere
489 653 708 710 exemplar
739 653 852 694 vitae
882 664 1133 706 morumque
1164 649 1320 692 iubebo

223 726 408 768 Doctum
439 725 695 767 imitatorem
727 727 770 766 et
798 723 918 764 vivas
949 721 1050 763 hinc
1081 719 1236 762 ducere
1267 733 1408 762 voces.

223 796 442 839 Interdum
472 795 665 851 speciosa
693 794 798 836 locis
830 796 1076 847 morataque
1106 795 1224 833 recte

202 944 283 977 318.
307 952 415 977 veras
440 952 541 976 unus
565 940 790 983 Hochederi,
814 939 956 985 Regius
984 940 1038 972 12.
1063 942 1102 973 et
1127 949 1223 972 corr.
1252 939 1319 980 17.,
1343 936 1471 971 Lamb.

109 1066 233 1109 beant,
257 1067 337 1100 tum
361 1065 510 1104 demum
525 1064 637 1099 facile
661 1074 726 1098 eos
752 1065 840 1108 poe-

106 1113 183 1148 tice
207 1112 415 1157 exprimere
431 1115 544 1156 atque
568 1110 707 1145 imitari
733 1113 839 1165 pote-

107 1159 181 1203 ris3
198 1159 282 1194 sine
298 1159 365 1194 tali
383 1159 598 1204 cognitione
616 1157 744 1192 inanis
763 1158 839 1191 eris

109 1209 148 1241 et
186 1206 309 1241 futilis
350 1206 554 1251 scriptor.“
604 1205 837 1249 Porphyrio:

110 1253 289 1295 „Asinius
311 1253 435 1288 Pollio
461 1253 560 1286 idem
586 1252 697 1286 dixit:
738 1253 838 1285 Mate

107 1301 252 1334 hercule
275 1301 418 1334 eveniat
438 1301 569 1342 verbis,
594 1300 666 1332 nisi
689 1307 768 1332 rem
783 1308 838 1332 se-

109 1348 313 1388 quanturtss
342 1347 419 1382 Cic.
444 1347 490 1380 de
517 1346 581 1380 Or.
607 1348 640 1387 3,
666 1348 723 1387 50,
751 1348 837 1379 194:

108 1396 251 1428 tantum
281 1395 435 1428 hominis
470 1394 648 1435 inuenio-si
683 1401 726 1426 ac
766 1401 838 1426 me-

107 1442 221 1474 moris
268 1441 476 1483 (Antipatri
514 1440 672 1482 Sidonii)
720 1441 838 1473 valuit

107 1489 332 1530 exercitatio,
356 1491 407 1529 ut,
433 1496 514 1521 cum
530 1496 567 1520 se
582 1489 701 1520 mente
718 1495 762 1520 ac
777 1496 838 1520 vo-

110 1536 250 1568 luntate
267 1536 472 1568 coniecisset
496 1536 536 1567 in
555 1542 708 1575 versum,
726 1535 838 1567 verba

106 1584 354 1622 sequerentur.
383 1581 610 1622 „Menander
629 1590 711 1614 cum
730 1580 837 1614 fabu-

106 1628 181 1662 lam
206 1627 472 1673 disposuisset,
499 1627 643 1662 etiamsi
669 1627 838 1661 nondum

107 1675 281 1709 versibus
297 1675 528 1717 adornasset,
553 1674 702 1708 dicebat
726 1685 765 1708 se
783 1677 837 1708 ta-

107 1730 194 1755 nen
210 1722 285 1756 iam
310 1722 551 1766 complesse.“
578 1722 673 1755 Aen.
692 1740 732 1744 —
751 1730 837 1763 pro-

105 1769 223 1802 visam
245 1777 326 1803 rem
341 1769 426 1812 cet]
453 1769 549 1810 „tale
574 1772 837 1813 argumentum

108 1825 192 1849 cum
217 1826 392 1850 successu
410 1827 432 1850 a
457 1820 494 1849 te
511 1816 705 1849 inventum
724 1818 837 1859 atque

107 1866 282 1897 accurate
312 1863 540 1907 pensitatum
565 1862 681 1896 verba
705 1873 838 1896 conve-

108 1909 255 1943 nientia
277 1910 377 1944 ultro
404 1910 471 1943 tibi
498 1909 835 1943 subministrabit!

159 1957 357 1990 312-318,
400 1958 472 1998 Qui
510 1958 634 1989 didicit
673 1966 708 1997 p.
752 1956 837 1999 cet]

108 2001 183 2036 Per
209 2005 328 2036 totum
352 2003 390 2036 h.
407 2003 432 2036 l.
457 2006 629 2036 versatur
654 2003 837 2046 imprimis

4 2048 6 2050 ’
76 2077 79 2079 .
109 2050 213 2083 eirca
238 2046 285 2081 τὰ
308 2045 407 2092 ἢθη
442 2049 532 2093 quia
555 2050 595 2082 in
629 2050 734 2093 poesi
760 2059 839 2083 sce-

108 2096 195 2131 nica
218 2096 350 2130 horum
367 2097 524 2130 maxime
541 2097 636 2129 ratio
663 2096 836 2130 habenda

109 2145 187 2187 est;
212 2144 337 2176 didicit
353 2146 476 2176 autem
501 2143 599 2176 hanc
608 2142 734 2176 artem
751 2153 836 2187 par-

108 2190 175 2223 tim
200 2200 222 2223 a
245 2190 483 2234 philosophis
507 2187 650 2233 ἠθικὴν
675 2192 837 2223 tractan-

108 2236 221 2279 tibus,
245 2237 381 2281 partim
406 2237 486 2281 ipse
504 2236 626 2270 varios
642 2237 836 2270 hominum

108 2294 232 2317 mores
257 2286 430 2317 accurate
455 2284 666 2328 explorans.
685 2302 728 2307 —
755 2292 837 2317 con-

108 2332 235 2372 scripti
249 2331 256 2372 1
298 2331 551 2372 „senatoris‚“
596 2341 640 2364 ex
677 2330 838 2364 formula

106 2379 233 2418 patres
272 2378 475 2418 conscripti.
526 2376 736 2422 Singularis
769 2388 836 2411 au-

109 2426 185 2457 tem
220 2424 291 2457 hac
328 2423 602 2469 significatione
645 2435 720 2458 uno
761 2424 837 2458 for-

110 2473 209 2504 tasse
235 2471 306 2504 hoc
331 2470 415 2504 loco
449 2470 647 2515 reperitur.
675 2491 717 2494 —
742 2472 837 2504 Red-

109 2516 262 2560 dere]„
267 2518 472 2551 attribuere
497 2517 554 2557 id,
585 2518 686 2562 quod
712 2518 747 2551 ei
774 2518 836 2552 de-

109 2563 259 2598 betur!⁴
290 2584 329 2588 —-
356 2566 547 2606 Respicere
572 2565 656 2618 cet3]
682 2565 837 2599 Praeter

108 2605 382 2656 philosophiam
396 2612 572 2646 moralem
589 2611 700 2646 etiam
717 2612 835 2656 ipsam

110 2657 221 2691 vitam
266 2659 465 2692 humanam
513 2659 671 2703 eiusque
711 2659 835 2694 varios

112 2713 219 2738 casus
252 2705 391 2739 intueri
424 2705 539 2740 iubet.
567 2725 610 2729 —
646 2707 836 2747 exemplar

111 2750 230 2793 vitae]
272 2753 394 2795 „vita,
435 2752 558 2796 qualis
600 2752 706 2786 nobis
749 2763 836 2787 con·

889 1062 1160 1117 templantibus
1178 1061 1368 1106 apparet.“
1386 1078 1435 1087 »-
1450 1059 1623 1103 Doctum]

890 1110 979 1155 „qui
1013 1109 1085 1143 arti
1117 1108 1334 1143 satisfaciat.
1340 1108 1357 1126 ⁸⁶
1385 1126 1428 1132 --
1453 1109 1590 1141 vivas-
1605 1125 1623 1133 -

886 1156 1011 1199 voces]
1051 1166 1178 1201 „quae
1217 1153 1263 1188 τὰ
1299 1152 1379 1199 ἤθη
1414 1156 1478 1188 καὶ
1510 1150 1622 1198 πάθη

888 1207 990 1238 recte
1032 1206 1145 1248 atque
1188 1202 1354 1237 dilucide
1396 1202 1622 1247 exprimant,

888 1262 974 1285 vere
1023 1251 1256 1284 naturales&⁴
1330 1249 1418 1283 Alia
1465 1248 1619 1293 quidem

888 1297 1183 1343 significatione,
1221 1297 1287 1331 sed
1323 1296 1457 1331 iisdem
1493 1295 1621 1330 verbis

887 1344 993 1379 Plato
1033 1345 1191 1378 Phaedr.
1240 1355 1275 1388 p.
1317 1346 1398 1377 276.
1438 1343 1482 1376 Α.
1524 1342 1623 1377 dixit

887 1389 1004 1436 λόγον
1040 1391 1162 1433 ζῶντα
1197 1393 1262 1424 καὶ
1298 1387 1491 1433 εαψυχον.
1542 1389 1620 1424 cie.

887 1438 1095 1480 adAtt2,
1123 1440 1183 1472 12:
1220 1439 1402 1480 lutitant,
1429 1439 1622 1478 quinium

885 1482 1011 1529 ζώσης
1035 1485 1194 1529 φωνῆς’.)
1243 1484 1385 1518 Verum
1417 1484 1518 1538 apud
1542 1484 1621 1519 Ho-

886 1533 1022 1567 ratium
1048 1536 1106 1566 est
1139 1530 1183 1566 τό
1215 1531 1404 1575 ἐμπαθές,
1439 1529 1483 1565 τὸ
1509 1543 1550 1564 εν

886 1580 950 1624 γὲς
975 1580 1224 1622 Graecorum3
1255 1588 1383 1621 veras,
1417 1578 1519 1624 quod
1550 1543 1621 1613 {iii

885 1628 1114 1671 praeferunt,
1139 1637 1216 1660 non
1241 1629 1299 1661 est
1323 1626 1398 1660 nisi
1416 1626 1618 1671 glossema,

887 1685 957 1708 nec
983 1675 1074 1708 satis
1107 1677 1271 1716 rectum3
1304 1684 1392 1707 nam
1423 1682 1531 1707 verae
1555 1682 1622 1707 vo-

886 1730 942 1754 ces
967 1721 1136 1755 Lucretii
1164 1724 1202 1762 3,
1227 1723 1304 1763 57.,
1329 1718 1443 1764 φωνή
1468 1718 1621 1764 ἀληθὴς

886 1767 1045 1802 Luciani
1061 1767 1163 1813 Nigr.
1188 1770 1256 1809 29.,
1283 1770 1372 1801 sunt
1396 1767 1522 1812 potius
1540 1778 1620 1811 eae,

887 1826 983 1859 quae
1017 1815 1235 1859 conspirant
1268 1825 1354 1849 cum
1387 1815 1521 1849 intimo
1547 1815 1617 1849 ali-

887 1862 995 1897 cuius
1021 1873 1148 1905 sensu,
1173 1863 1267 1896 alias
1293 1862 1491 1896 occultato.

934 1911 1048 1943 319—
1053 1911 1133 1943 322.
1171 1911 1361 1943 Interdum
1394 1909 1479 1952 cet.]
1511 1909 1619 1943 Mon-

887 1959 981 1990 strat
997 1957 1056 1991 vel
1073 1957 1230 1990 maxime
1248 1957 1503 1990 necessarium
1522 1967 1617 1999 esse,

886 2007 928 2036 ut
952 2014 1198 2047 personarum
1219 2014 1341 2037 mores
1367 2006 1469 2037 recte
1495 2003 1619 2047 expri-

887 2054 1057 2091 mantur,
1091 2050 1182 2094 quia
1210 2050 1256 2084 ab
1288 2051 1360 2083 hac
1392 2061 1434 2084 re
1470 2050 1618 2094 potissi-

883 2107 984 2129 mum
1023 2097 1186 2141 pendeat
1225 2097 1375 2131 fabulae
1417 2107 1618 2131 successus

884 2146 1210 2188 spectatorumque
1234 2143 1452 2188 applausus.
1472 2163 1514 2167 -—
1532 2153 1619 2185 spe-

885 2192 982 2223 ciosa
1026 2190 1132 2233 locis]
1180 2192 1257 2223 mit
1305 2192 1495 2225 schenen
1537 2192 1617 2225 Ge-

884 2238 1073 2279 danken,
1156 2239 1389 2271 einzelnen
1466 2239 1616 2272 ΙιόσΙιει

884 2285 1163 2326 oelunqenen
1223 2287 1428 2327 Partien3
1492 2285 1617 2327 „locis

886 2332 1149 2365 communibus
1185 2332 1285 2374 (Cic.
1318 2331 1423 2366 Brut.
1459 2334 1523 2374 12,
1557 2334 1614 2366 46.

885 2377 987 2412 Orat.
1026 2379 1244 2421 36‚126.‚)
1281 2358 1617 2426 girs'oeoc,q1iibus

884 2425 1016 2459 insunt
1056 2425 1205 2470 γνῶμαι
1242 2426 1429 2460 evidentia
1467 2437 1535 2460 sua
1571 2437 1616 2460 ae

884 2474 1040 2506 veritate
1073 2473 1283 2507 allicientes
1318 2477 1355 2507 et
1378 2474 1615 2518 permulcen-

885 2521 940 2553 tes
965 2520 1178 2554 auditorum
1195 2520 1373 2554 animos.“
1402 2520 1477 2554 crr.
1496 2520 1615 2559 Quin-

884 2566 939 2599 til.
965 2568 1006 2608 7,
1040 2570 1079 2605 1,
1112 2570 1177 2600 41:
1206 2569 1375 2609 plerique
1394 2585 1408 2591 -
1426 2585 1440 2591 -
1458 2568 1616 2600 contenti

882 2616 966 2646 sunt
995 2615 1081 2647 locis
1114 2615 1283 2656 speciosis
1307 2616 1413 2647 modo
1438 2615 1495 2647 vel
1520 2614 1616 2646 nihil

884 2662 933 2693 ad
969 2662 1221 2702 probationem
1258 2662 1533 2702 conserentibus.
1569 2679 1613 2684 —-

882 2707 1049 2751 morata]
1089 2708 1130 2741 in
1168 2718 1244 2752 qua
1286 2718 1408 2741 mores
1448 2707 1614 2752 singula-

883 2765 966 2787 rum
1015 2765 1261 2798 personarum
1310 2754 1448 2798 optime
1491 2754 1616 2798 expri-
