1786 2912
734 147 829 183 m.
853 147 884 182 L
928 146 1036 182 8AT.
1058 145 1108 181 1.

1595 146 1676 187 117

281 250 475 307 Deflngit
500 249 644 293 Rheni
673 249 837 292 luteum
861 251 1013 304 caput,
1043 246 1151 290 haec
1180 260 1262 302 ego
1291 245 1412 300 ludo,
1444 276 1447 278 -

283 321 406 370 Quae
434 334 575 376 neque
604 320 651 362 in
679 319 792 362 aede.
817 322 970 362 sonent
1000 317 1208 360 certantia
1236 316 1376 359 iudice
1408 316 1569 373 Tarpa,

281 391 374 434 Nec
402 391 579 434 redeant
609 391 763 433 iterum
793 393 922 446 atque
951 389 1106 431 iterum
1134 387 1369 444 spectanda
1397 387 1590 431 theatris.

282 461 452 518 Arguta
478 461 704 505 meretrice
734 464 857 516 potes
887 459 1096 515 Davoque
1129 458 1360 501 Chremeta

1621 457 1679 498 40

281 532 496 575 Eludente
528 546 676 574 senem
706 531 849 574 comis
869 530 1030 586 garrire
1058 529 1227 572 libellos

281 602 404 645 Unus
425 603 646 655 ¹vivorum,
676 601 898 654 Fundani3
929 599 1070 642 Pollio
1100 613 1252 655 regum

262 734 319 766 37.
344 734 510 774 Dimnqit
528 731 816 775 eodm-aliquot
838 729 1013 764 Poffierii
1030 732 1068 763 et
1090 732 1116 773 t.
1134 748 1178 752 —
1196 731 1255 762 41.
1280 737 1395 763 eomes
1411 727 1526 763 Codd.
1542 727 1633 772 aliq.

163 831 366 866 admodum
379 831 603 876 iuguletur,
638 830 801 875 intelligi
826 830 902 863 volt

162 878 475 923 abipsopotius
499 877 676 922 iugulari,
700 877 790 910 dum
805 877 902 910 male

133 952 138 960 .
169 925 407 970 descripsit&
450 925 598 959 Pomm.
641 942 685 948 —-
727 923 901 967 Definqit]

159 982 357 1016 ,operose
398 974 443 1006 et
486 968 708 1014 κακοζήλως
755 971 902 1012 format,

132 1019 382 1054 ...describit.“
401 1037 444 1043 -—
471 1020 589 1053 Rheni
616 1020 752 1052 luteum
777 1018 901 1061 caput]

160 1065 216 1100 In
243 1065 416 1100 Bibaculi
447 1066 661 1100 narratione
696 1065 788 1099 belli
814 1064 901 1099 Gal-

168 1112 235 1146 lici
267 1112 416 1147 videtur
448 1114 560 1147 etiam
595 1113 714 1146 fuisse
750 1111 902 1157 turgida

134 1191 138 1195 .
169 1159 375 1204 descriptio
399 1161 529 1202 capitis
553 1161 687 1201 Rheni,
721 1170 818 1203 quae
843 1170 900 1192 w.

167 1207 356 1251 triplicem
388 1207 590 1242 admittunt
624 1206 902 1250 interpretatio-

127 1263 153 1300 s·
170 1264 269 1288 nem.
328 1253 507 1299 Plerique
554 1257 709 1298 propter
750 1253 902 1297 Alpium

127 1301 135 1348 ζ
170 1301 399 1335 mentionem
421 1301 590 1345 proxime
614 1300 902 1345 praecedentem

169 1347 391 1392 intelligunt
421 1348 468 1382 de
494 1348 615 1389 fonte,
647 1350 689 1380 ut
713 1357 772 1391 ap.
796 1347 904 1391 Virg.

131 1389 139 1428 ζ
173 1393 310 1439 Georg.
334 1396 368 1436 4,
393 1396 473 1428 319.
514 1394 629 1428 Penei
654 1394 739 1427 fons
763 1393 902 1427 dicitur

136 1439 143 1484 ξ
166 1449 319 1474 samm
342 1443 452 1482 caput
476 1442 604 1474 amm-5.
636 1441 684 1474 At
708 1441 800 1474 lutei
825 1451 901 1474 non

138 1486 145 1535 ’ς
171 1489 263 1521 sunt
308 1487 505 1522 fluminum
552 1488 686 1522 fontes.
742 1487 819 1521 Alii
856 1487 902 1521 de

139 1539 145 1562 ἱ
169 1535 289 1576 ostio,
323 1537 367 1569 ut
397 1537 455 1568 est
485 1534 585 1579 apud
609 1534 752 1568 Lucan.
778 1536 812 1576 2,
836 1536 901 1568 51:

148 1597 157 1610 ι
169 1581 317 1615 Fundat
334 1583 381 1616 ab
406 1584 568 1616 extremo
592 1583 706 1622 flavos
722 1582 901 1622 Aquilone

162 1628 304 1663 suevos
332 1629 432 1662 Albis
467 1631 501 1662 et
526 1629 749 1665 judomarum
783 1629 902 1662 Rheni

158 1677 292 1716 eaput.
316 1675 393 1709 AJii
417 1675 583 1720 denique
607 1686 741 1720 parum
766 1675 901 1719 proba-

170 1718 299 1756 biliter
315 1721 363 1756 de
374 1722 497 1756 Rheni
516 1722 635 1767 figura
652 1722 691 1755 in
709 1723 900 1766 triumpho

169 1771 331 1812 portata,
347 1769 531 1814 capillitio
547 1769 654 1811 flavo,
671 1770 794 1814 gentis
812 1780 900 1803 suae

167 1816 315 1858 oolore,
350 1819 392 1850 ut
424 1819 480 1851 est
504 1816 610 1850 ovid.
644 1827 690 1850 ex
721 1817 843 1850 Ponto
869 1819 902 1858 3,

138 1859 149 1905 Ι
170 1864 207 1904 4,
232 1865 319 1896 107:
354 1865 550 1904 squalidus
574 1865 751 1896 immissos
781 1865 903 1904 fracta

168 1910 238 1942 σιώ
262 1911 442 1944 arundine
473 1912 591 1943 mnes
615 1912 762 1944 Rhenus
787 1913 821 1943 et
845 1912 904 1943 in-

169 1956 286 1997 lectos
307 1959 486 1998 sanquine
516 1960 636 1998 portet
661 1966 791 1998 aquas.
839 1958 903 1991 At-

168 2002 311 2037 tributo
344 2005 445 2038 certe
480 2005 618 2037 luteum
650 2004 731 2048 ipse
763 2004 902 2038 Furius

172 2059 264 2084 usus
282 2054 373 2093 erat,
398 2054 626 2095 quapropter
648 2052 685 2084 h.
703 2051 728 2084 1.
745 2051 902 2084 ridetur.

156 2124 159 2127 ,
221 2098 264 2130 37
279 2100 364 2131 -39.
407 2098 506 2139 ludo]
547 2098 723 2139 „missum
758 2098 902 2131 faciens

172 2144 307 2186 poema
350 2144 546 2177 heroicum
586 2148 623 2177 et
662 2144 903 2188 tragoediam,

173 2198 383 2232 sermones,
408 2190 595 2224 ludicrum
620 2192 747 2235 poEsis
771 2201 903 2235 genus,

166 2246 243 2280 ego
268 2237 431 2271 excolo.“
482 2237 588 2271 Conf.
620 2237 689 2270 Od.
715 2240 755 2279 1,
780 2239 844 2279 32,
869 2239 903 2272 2.

174 2284 272 2316 —in
294 2283 397 2326 aede]
424 2285 486 2326 „in
503 2284 595 2318 aede
611 2284 813 2326 Musarum,
838 2285 903 2318 ubi

143 2355 149 2359 -
173 2331 305 2373 poetae
347 2332 514 2366 carmina
554 2342 622 2365 sua
661 2332 902 2365 recitabant.“

173 2376 323 2411 Poura.
350 2397 393 2401 —
420 2380 598 2412 certantia
621 2379 740 2411 iudice
766 2378 903 2421 Tarpa]

172 2422 238 2467 Sp.
270 2424 434 2458 Maecius
474 2424 595 2469 Tarpa
631 2425 703 2458 fuit
739 2435 904 2459 summus

173 2470 327 2504 illorum
358 2474 567 2516 temporum
601 2472 754 2505 criticus
779 2473 838 2515 (A.
862 2472 904 2506 P.

169 2518 284 2559 381),
309 2519 371 2552 cui
394 2519 467 2552 iam
492 2530 515 2553 a
539 2519 607 2552 Cn.
631 2519 808 2563 Pompeio
828 2519 905 2552 Ma-

170 2573 248 2608 gno
281 2575 315 2598 a.
348 2576 386 2599 u.
419 2576 450 2598 c.
483 2568 564 2600 699.
613 2565 707 2608 (Cic.
732 2566 779 2600 ad
802 2566 904 2600 Fam„

176 2611 218 2652 7,
253 2614 292 2652 1,
318 2614 357 2645 1:
390 2614 491 2645 nobis
516 2615 637 2646 autem
662 2614 717 2654 (in
743 2613 903 2655 theatro)

176 2661 280 2690 erant
322 2668 366 2692 ea
403 2661 658 2700 perpetienda,
710 2669 803 2700 quae
843 2662 903 2702 Sp.

175 2705 338 2738 Maecius
359 2707 621 2748 probat-met),
646 2706 789 2740 Horatii
814 2710 904 2741 tem-

948 839 1042 873 pore
1082 839 1104 862 a
1145 828 1305 862 Caesare
1347 827 1551 862 Octaviano
1598 837 1682 861 cum

949 877 1034 910 aliis
1053 879 1233 920 quattuor
1249 875 1450 917 iudicibus,
1468 877 1562 909 teste
1576 874 1683 908 Com-

949 926 1157 957 mentatore
1183 922 1421 967 Cruqujano,
1459 932 1551 956 cura
1587 921 1685 955 iudi·

949 970 1154 1005 candarum
1178 970 1392 1004 fabularum
1416 979 1460 1004 ac
1484 970 1683 1003 mimorum

949 1018 1146 1052 commissa
1177 1020 1277 1059 erat,
1315 1027 1410 1061 quae
1449 1017 1522 1050 nisi
1555 1015 1604 1050 ab
1635 1017 1682 1050 iis

949 1065 1215 1109 probarentur,
1239 1065 1279 1098 in
1305 1074 1457 1098 scenam
1478 1074 1555 1098 non
1580 1063 1683 1097 defe-

950 1111 1143 1146 rebantur.
1191 1111 1247 1145 Ea
1282 1121 1374 1145 cura
1409 1115 1522 1145 antea
1559 1110 1684 1144 fuerat

949 1158 1147 1202 aedilium3
1177 1158 1244 1192 sed
1268 1159 1451 1192 intererat
1475 1157 1683 1199 Octaviani,

950 1217 998 1240 ne
1024 1206 1229 1250 quidquam
1254 1217 1322 1250 per
1345 1206 1477 1239 mimos
1511 1215 1683 1250 praeser-

949 1253 1016 1286 tim
1052 1254 1093 1286 in
1130 1253 1279 1287 civitate
1317 1255 1469 1293 „cuncta
1505 1253 1684 1294 inter-pre-

950 1301 1070 1333 tanle“
1098 1299 1229 1342 (Tacit.
1254 1299 1349 1333 Hist.
1375 1301 1408 1341 2,
1432 1299 1507 1340 91.)
1532 1299 1683 1343 publice

949 1347 1199 1390 proferretur,
1233 1346 1334 1390 quod
1358 1347 1398 1379 in
1423 1346 1543 1390 ipsius
1568 1346 1685 1380 domi-

951 1394 1142 1428 nationem
1166 1404 1209 1427 ac
1232 1404 1355 1427 mores
1372 1394 1534 1438 maligne
1559 1393 1685 1428 detor·

952 1441 1059 1484 queri
1085 1438 1229 1485 posset?

989 1490 1127 1522 *Ast-11.
1150 1487 1312 1529 Aroma]
1339 1488 1519 1529 „astuta“,
1534 1491 1579 1521 ut
1590 1488 1683 1533 Epp.

951 1537 983 1576 1,
1010 1537 1066 1577 14,
1090 1536 1155 1568 42:
1191 1535 1275 1568 calo
1299 1537 1467 1575 areatas.
1493 1554 1537 1558 —
1562 1537 1684 1569 Davo-

948 1590 1018 1622 que
1052 1581 1258 1624 Chremeta]
1293 1592 1480 1625 personae
1516 1582 1683 1616 Andriae

950 1627 1212 1662 Terentianae.
1250 1647 1293 1651 —
1331 1630 1510 1662 Bliade-nte
1549 1630 1683 1672 senem]

948 1675 1125 1709 Manilius
1152 1678 1186 1717 5,
1212 1677 1299 1709 471:
1331 1677 1475 1710 emunita
1499 1680 1684 1718 componet

952 1723 1056 1756 laetis
1095 1724 1304 1764 spectacula
1347 1724 1461 1756 1udis:
1505 1725 1684 1757 Ardentes

948 1770 1097 1803 iuvenes
1119 1773 1320 1811 raptasque
1336 1771 1377 1803 in
1392 1779 1517 1803 amore
1539 1772 1684 1812 puellas

949 1818 1215 1857 musasque
1245 1826 1377 1850 senes
1410 1818 1594 1858 avite-sque
1616 1827 1684 1860 per

950 1865 1075 1897 omnia
1111 1873 1246 1897 servos.
1285 1883 1329 1887 —-
1367 1865 1492 1907 comss]
1530 1868 1683 1909 „utpote

950 1911 1059 1944 homo
1102 1911 1270 1944 urbanus
1313 1914 1350 1945 et
1388 1911 1570 1954 facetus“,
1618 1914 1683 1957 qui

951 1957 1124 1991 adiectivi
1150 1969 1249 1991 usus·
1265 1969 1385 2001 paene
1403 1960 1578 2004 congruit
1598 1970 1702 2007 cum,

951 2005 1147 2046 adverbio,
1182 2006 1369 2047 „comiter,
1402 2006 1558 2040 facete.“
1609 2007 1684 2040 Alii

950 2052 1116 2096 iungunt
1152 2054 1261 2085 comi-5
1300 2053 1456 2094 libellos,
1495 2056 1537 2086 ut
1575 2055 1683 2086 comis

953 2099 1000 2132 sit
1024 2100 1226 2132 accusativi
1250 2100 1300 2143 pl.
1326 2099 1446 2133 forma
1478 2100 1683 2144 antiquior,

953 2146 1160 2187 „ui-banos,
1197 2146 1373 2179 facetos.“
1400 2165 1446 2170 -—
1469 2149 1614 2188 qarrt're
1641 2149 1683 2180 11·-

952 2193 1082 2235 be-llos]
1117 2203 1311 2234 „sermone
1336 2193 1576 2237 quotidiano,
1609 2196 1685 2228 ele-

950 2239 1054 2283 ganti
1088 2239 1259 2283 quidem,
1297 2240 1363 2273 sed
1394 2240 1517 2283 facili,
1554 2243 1610 2274 uti
1642 2242 1682 2275 in

952 2286 1233 2320 conscribendis
1258 2287 1429 2320 fabulis.“

999 2335 1135 2366 42-44.
1167 2334 1357 2377 Fundani]
1383 2333 1424 2367 C.
1449 2334 1683 2374 Fundanius,

951 2381 1295 2423 praestantissimus
1351 2383 1463 2425 poeta
1517 2383 1682 2416 comicus

954 2427 1076 2470 (cuius
1100 2430 1224 2461 tamen
1241 2439 1290 2461 ne
1315 2439 1413 2462 unus
1432 2429 1584 2472 quidem
1601 2440 1683 2463 ver-

952 2473 1094 2507 siculus
1127 2478 1301 2518 superest
1331 2486 1401 2509 nee
1426 2475 1683 2514 Quintilianus

953 2520 1034 2554 eius
1066 2522 1125 2554 vel
1158 2532 1235 2555 uno
1267 2523 1382 2556 verbo
1419 2523 1608 2565 meminit)
1646 2526 1685 2556 et

950 2566 1178 2602 Maecenatis
1203 2570 1344 2603 amicus
1369 2569 1460 2612 (Sat.
1479 2571 1511 2611 2,
1538 2571 1571 2611 8,
1599 2570 1682 2611 19.),

953 2618 1040 2648 tunc
1078 2616 1285 2649 excellebat
1321 2617 1359 2649 in
1398 2615 1601 2650 comoediis
1635 2616 1683 2650 ad

952 2660 1168 2701 Menandri,
1229 2663 1479 2703 Philemonis,
1539 2662 1683 2707 Diphili

954 2710 1119 2752 exempla
1151 2709 1439 2753 componendis,
1472 2710 1511 2742 in
1546 2711 1682 2754 quibus
