1786 2912
159 134 217 175 46

648 132 858 168 HORATII
882 133 1166 169 sATmARmt

279 233 424 290 Atque
455 233 546 287 alii,
580 247 761 290 quorum
793 234 1014 277 comoedia
1043 235 1186 291 prisca
1214 236 1402 278 virorum
1435 239 1521 290 est,

280 304 327 346 Si
359 305 455 360 quis
487 308 579 347 erat
610 304 766 360 dignus
798 304 1001 359 describi,
1034 306 1148 362 quod
1177 307 1316 349 malus
1349 322 1399 349 ac
1428 306 1516 361 fur,

281 374 407 423 Quod
437 375 641 418 moechus
674 375 784 418 foret
815 379 889 418 aut
920 376 1100 419 sicarius
1132 381 1206 419 aut
1238 378 1398 434 alioqui

279 445 510 500 FamosuS,
544 446 679 489 multa
709 461 806 489 cum
835 447 1035 490 libertate
1064 448 1284 491 notabant.
1660 450 1686 491 5

279 516 395 560 Hinc
427 518 564 559 omnis
595 517 756 573 pendet
786 517 1000 573 Lucilius,
1032 518 1163 562 hosce
1195 523 1367 562 secutus

258 635 360 669 SAT.
385 634 448 669 IV.
477 637 508 669 3.
535 635 592 679 ac]
618 638 684 669 aut
709 635 819 670 LctF
846 646 931 670 cum
956 636 1081 671 tribus
1106 636 1294 671 Pottierii.

162 741 398 784 evanuisset,
432 745 473 775 ut
507 742 630 776 omnis
664 742 748 777 laus
774 753 821 777 ex
844 753 903 777 ar-

162 789 322 823 tificiosa
341 788 574 823 Graecorum
599 789 811 824 imitatione
837 800 902 834 pe-

162 838 320 870 teretur.
369 835 453 870 Non
484 836 602 882 igitur
628 837 765 870 mirum
790 837 902 871 nobis

162 884 283 917 videri
309 886 434 927 potest
451 884 497 918 ab
515 884 602 918 aliis
629 894 673 918 ea
698 887 819 918 aetate
838 895 903 919 na-

161 932 274 964 tivam
299 930 528 965 Horatianae
556 931 693 965 satirae
721 932 903 976 simplici-

162 980 275 1012 tatem
309 981 346 1011 et
378 981 523 1023 gratam
561 979 746 1013 sermonis
784 979 904 1024 negli-

161 1025 328 1070 gentiam
353 1037 443 1070 prae
470 1026 537 1060 illa
562 1026 681 1071 magis
699 1026 903 1061 artificiosa

161 1073 370 1107 carminum
420 1073 707 1118 pangendorum
754 1073 902 1108 ratione

161 1119 368 1155 fastiditam
409 1131 511 1163 esse,
548 1120 595 1154 ab
631 1120 718 1155 aliis
755 1123 903 1165 poetam

162 1170 204 1200 ut
229 1168 427 1210 acerbum,
461 1167 637 1211 lividum,
671 1168 902 1202 malitiosum

162 1225 246 1249 esse
272 1215 541 1259 vituperatum.
572 1215 651 1250 Iam
677 1218 810 1250 contra
834 1216 903 1250 hos

163 1262 341 1296 sinistros
360 1273 532 1297 rumores
558 1265 596 1296 et
619 1273 736 1307 prava
760 1262 904 1297 iudicia

162 1312 205 1343 ut
242 1320 282 1344 se
319 1309 560 1352 defenderet,
609 1310 708 1344 hanc
749 1311 903 1345 satiram

162 1356 402 1402 conscripsit.

213 1429 287 1461 1-5.
313 1429 468 1469 Eupolis
487 1428 573 1471 cet.]
601 1428 760 1468 Quintil.
788 1430 843 1471 10,
871 1431 903 1471 1,

164 1477 230 1508 65:
268 1475 430 1515 Antiqua
456 1477 643 1509 comoedia
659 1494 700 1501 --
717 1477 903 1518 facundis·

161 1523 277 1555 simae
304 1522 493 1564 libertatis,
507 1524 782 1556 --insectandis
805 1525 902 1556 vitiis

161 1570 377 1610 praecipua.
391 1588 406 1594 -
419 1587 434 1593 -
453 1570 586 1602 Plures
612 1571 689 1603 eius
715 1573 904 1604 auctores.-

100 1646 102 1649 .
161 1617 424 1657 Aristophanes
450 1618 574 1650 tamen
592 1619 625 1650 et
642 1618 796 1658 Eupolis
815 1617 903 1650 Cra-

162 1665 331 1704 tinusque
361 1665 566 1705 praecipui.
616 1663 756 1703 Quanti
782 1664 902 1698 Hora-

162 1710 239 1744 tius
277 1710 414 1744 fecerit
446 1710 632 1755 Eupolin,
674 1707 831 1756 colliges
857 1723 903 1746 ex

163 1757 239 1791 Sat.
265 1759 306 1800 2,
333 1759 373 1799 3,
402 1759 476 1800 12.
518 1758 584 1792 ubi
617 1758 791 1804 iungitur
818 1769 902 1792 cum

161 1803 334 1847 Platone,
359 1804 578 1847 Menandro,
596 1805 901 1840 Archilocho.—

158 1852 298 1895 prisca]
325 1851 458 1886 Critici
474 1853 741 1896 Alexandrini,
766 1856 809 1887 ut
833 1864 902 1888 no-

163 1900 244 1932 tum
270 1901 346 1942 est,
384 1899 638 1934 distinxerant
670 1900 903 1935 comoediam

162 1946 360 1990 antiquam
398 1944 617 1994 (ἀρχαίαν),
655 1958 751 1993 quae
790 1948 921 1982 desiit:¹

163 1993 203 2026 in
216 1979 503 2049 Aristophane,
536 1973 718 2037 mediam,
757 2006 903 2039 novam,

162 2041 274 2075 cuius
287 2041 482 2086 praecipui
496 2045 670 2077 auctores
684 2042 903 2086 Menander,

162 2087 360 2132 Diphilus,
389 2088 579 2132 Philemo,
604 2089 734 2124 Alexis
760 2093 831 2124 cet.
858 2110 901 2114 —

162 2136 282 2176 Atque
330 2136 420 2179 alii]
470 2138 587 2171 veluti
642 2137 903 2180 Pherecrates,

163 2182 288 2226 Plato,
321 2183 480 2218 fortasse
507 2184 618 2219 etiam
643 2185 903 2229 Epicharmus,

163 2229 323 2263 itidem*
313 2242 353 2263 ιιι
369 2242 551 2266 canonem
567 2232 741 2266 criticum
758 2233 903 2278 recepti

163 2278 210 2311 ab
236 2276 518 2313 Alexandrinis.
552 2299 595 2303 —
631 2289 788 2321 quorum
811 2289 840 2314 c.
864 2290 903 2322 p.

162 2325 328 2357 virorum
354 2325 424 2368 est]
453 2325 526 2360 Sat.
555 2329 693 2369 1,»10,
731 2330 792 2362 16:
827 2329 902 2370 Illi,

161 2372 304 2413 scripta
329 2374 458 2413 quibus
485 2352 671 2407 comoedia
698 2376 826 2416 prisca
849 2377 903 2408 vi-

162 2420 214 2451 ris
250 2421 312 2452 est.
348 2439 391 2443 —
426 2421 602 2464 describi]
629 2421 674 2455 V.
700 2424 903 2456 describere

162 2476 221 2510 pr.
261 2466 449 2512 significat
492 2472 696 2510 „accurate
739 2470 903 2504 alicuius

162 2513 321 2548 formam
369 2518 434 2548 aut
481 2526 605 2549 mores
655 2517 901 2560 exprimere.“

165 2560 303 2603 (Plaut.
320 2561 427 2596 Asin.
455 2564 487 2605 2,
514 2565 546 2604 3,
573 2565 636 2597 22:
680 2565 762 2597 Non
784 2566 904 2606 potuit

160 2609 280 2648 pictor
312 2611 448 2643 rectius
479 2588 684 2647 describere
718 2613 794 2644 eius
826 2614 902 2653 sor-

163 2656 299 2699 mam),
325 2656 426 2691 unde
452 2659 663 2699 descriptio,
691 2656 903 2707 χαρακτήρ,

164 2713 279 2737 sensu
304 2704 511 2747 rhetorico,
537 2704 615 2739 Cic.
641 2705 735 2750 Top.
762 2708 819 2748 22,
845 2709 902 2741 83.

949 742 1068 777 Rutil.
1115 742 1210 788 Lup.
1253 745 1293 786 2,
1335 744 1374 777 7:
1426 743 1689 779 CHARAGTE-

950 791 1141 826 RISMOS.
1210 791 1524 833 Quemadmodum
1569 792 1689 833 pictor

952 838 1132 871 coloribus
1157 838 1296 879 stouras
1326 839 1606 880 describit,
1639 839 1691 872 sic

952 888 1079 918 orator
1111 886 1177 918 hoc
1208 886 1389 919 schemate
1415 888 1480 919 aut
1505 886 1597 919 vitia
1624 888 1689 919 aut

949 933 1102 966 virtutes
1129 941 1266 975 eorum,
1290 934 1334 968 de
1360 934 1489 974 quibus
1517 934 1689 975 loquitur,

951 980 1228 1021 deformat.
1255 977 1363 1014 Cous.
1387 979 1689 1025 Epp.2,1,152·

954 1027 1029 1060 tea·-
1035 1028 1123 1069 lata,
1149 1028 1249 1060 malo
1267 1036 1362 1068 quae
1387 1028 1502 1061 nollet
1527 1029 1690 1061 carmine

953 1082 1173 1115 quemquam
1226 1075 1403 1108 Describi.
1451 1093 1499 1098 —-
1547 1074 1688 1129 matus]

951 1121 1144 1165 Aristoph.
1169 1121 1271 1156 Plut.
1297 1123 1362 1156 30:
1388 1119 1596 1170 ἱερόσυλοι,
1621 1118 1692 1169 ῥή-

951 1179 1062 1226 τορες
1085 1168 1162 1201 Καὶ
1196 1165 1442 1210 συκοφάνται
1474 1170 1539 1203 καὶ
1572 1179 1701 1213 πονη-ι

952 1217 1025 1262 ροὶ.
1075 1215 1152 1250 Cic.
1183 1216 1282 1250 Phil.
1311 1218 1373 1259 14,
1411 1218 1452 1259 3,
1490 1218 1530 1251 7:
1569 1218 1691 1251 Testa-

951 1265 1087 1306 menta,
1105 1264 1224 1306 credo,
1244 1264 1441 1297 subiiciunt
1459 1266 1525 1298 aut
1543 1265 1691 1298 eiiciunt

950 1311 1086 1344 vicinos
1121 1313 1186 1344 aut
1220 1311 1508 1345 adolescentulos
1540 1312 1691 1345 circum-

951 1359 1135 1399 scribunt‚·
1160 1359 1214 1391 ἠὺ
1241 1359 1337 1391 enim
1360 1359 1459 1392 vitiis
1485 1360 1632 1400 affectos
1659 1361 1692 1392 et

952 1405 1090 1439 talibus
1106 1414 1144 1438 m
1153 1414 1177 1439 a
1189 1405 1231 1439 lo
1241 1414 1257 1438 s
1277 1407 1310 1439 et
1327 1407 1486 1447 audaces
1500 1406 1692 1448 appellare

953 1454 1176 1486 consuetudo
1200 1454 1302 1487 solet.
1344 1451 1413 1487 Est
1436 1453 1554 1498 igitur
1579 1452 1691 1487 homo

951 1499 1223 1535 fraudulentus
1250 1499 1326 1543 (ein
1348 1501 1499 1543 Schelm,
1516 1500 1691 1543 Schurke)

952 1555 996 1580 ac
1022 1547 1075 1589 (et
1107 1549 1312 1591 propterea
1347 1546 1536 1592 quidem),
1570 1547 1603 1581 si
1630 1557 1691 1582 oe-

952 1593 1054 1627 casio
1094 1594 1219 1628 oblata
1255 1593 1323 1636 sit,
1359 1595 1434 1635 sur.
1470 1613 1524 1624 —.
1549 1595 1693 1636 alioqui

951 1641 1151 1683 Famosus]
1185 1640 1303 1675 veluti
1336 1640 1533 1684 falsarius,
1570 1638 1692 1688 ῥίψα-

953 1697 1060 1729 σπις,
1085 1688 1190 1722 vafer
1216 1688 1397 1733 sophista,
1422 1689 1544 1723 malus
1569 1691 1692 1734 poeta,

950 1735 1063 1769 homo
1106 1735 1282 1770 turbidus
1323 1746 1368 1770 ac
1407 1735 1610 1780 factiosus,
1651 1739 1694 1771 ut

953 1781 1071 1817 Cleon
1098 1785 1135 1817 et
1160 1782 1415 1828 Hyperbolus.

999 1855 1038 1887 6-
1042 1855 1097 1887 13.
1134 1855 1233 1887 Hinc
1259 1853 1345 1897 cet.]
1382 1853 1437 1888 Io.
1462 1854 1693 1890 Laurentius

949 1899 1080 1955 Lydus
1115 1901 1162 1935 de
1194 1902 1364 1947 magistr.
1401 1901 1445 1935 R.
1470 1902 1515 1936 R.
1549 1904 1589 1945 1,
1626 1904 1692 1936 41.

949 1944 1108 1982 Ῥίνθων
1124 1947 1357 2006 ἑξαμέτροις
1377 1945 1528 2004 εγραψε
1545 1949 1693 2005 πρῶτος

951 1995 1170 2051 κωμῳδίαν·
1218 1995 1259 2039 ἐξ
1291 1997 1338 2030 οὐ
1377 1996 1528 2051 πρῶτος
1562 1995 1693 2037 λαβών

951 2040 1021 2085 τὰς
1040 2041 1230 2102 αφορμὰς
1245 2043 1453 2085 Λουκίλιος
1469 2041 1492 2077 ὁ
1507 2041 1694 2087 Ῥωμαῖος

952 2087 1136 2148 ἡρωικοῖς
1159 2087 1291 2125 ἑπεσιν
1315 2088 1569 2149 ἐκωμῴδησε.
1595 2092 1692 2125 Μεθ’

945 2134 999 2171 ὃν
1024 2140 1092 2172 καὶ
1115 2136 1205 2181 τοὺς
1235 2140 1317 2182 μετ’
1354 2135 1494 2179 αὐτόν,
1531 2134 1599 2181 οὒς
1623 2150 1694 2172 κα-

953 2185 1067 2220 λοῦσι
1079 2183 1262 2230 Ρωμαῖοι
1278 2183 1520 2234 σατυρικούς,
1545 2187 1587 2220 οἱ
1600 2197 1694 2219 νεω-

952 2243 1057 2281 τεροι
1082 2231 1150 2267 τὸν
1169 2234 1362 2289 Κρατίνου
1387 2235 1454 2266 καὶ
1478 2230 1694 2275 Εὐπόλιδος

949 2281 1180 2370 4⁶:333?
1192 2277 1586 2375 ,Ξίζῖῗέπὶἷέςτῗὲ
1617 2280 1693 2361 έῖἷῖ

951 2375 1300 2430 μνημονευθέντων
1335 2374 1575 2431 διασυρμοϊς
1598 2386 1693 2422 χρη-

953 2419 1128 2466 σάμενοι,
1154 2420 1225 2466 τὴν
1251 2419 1462 2469 σατυρικὴν
1480 2418 1693 2477 ἐκράτυναν

953 2469 1168 2516 κωμῳδιαν.
1223 2469 1452 2503 Libertatem
1507 2469 1693 2515 imprimis

952 2520 1149 2552 auctorum
1166 2517 1316 2562 priscae
1331 2516 1548 2552 comoediae
1566 2527 1692 2551 aemu-

953 2565 1052 2599 latus
1071 2567 1129 2599 est
1145 2564 1331 2599 Lucilius.
1358 2564 1574 2599 Trebonius
1591 2564 1692 2608 apud

953 2612 1126 2646 Ciceron.
1151 2612 1198 2646 ad
1223 2611 1324 2645 Fam.
1353 2613 1415 2654 12,
1450 2613 1512 2653 16,
1546 2613 1586 2644 3.
1623 2613 1694 2653 Qui

951 2661 1068 2701 magis
1095 2661 1162 2693 hoc
1177 2660 1318 2693 Lucilio
1346 2660 1488 2692 licuerit
1507 2666 1692 2692 assumere

955 2708 1134 2741 libertatis
1153 2715 1265 2748 quam
1283 2707 1411 2740 nobis?
1436 2714 1528 2748 cum,
1548 2707 1695 2740 etiamsi
