1786 2912
693 118 789 153 LIB-
810 117 845 152 1.
891 115 996 152 ΕΔΤ.
1019 114 1066 149 V.

1574 110 1630 152 63

234 222 287 266 In
314 222 624 265 Mamurrarum
653 219 758 262 lassi
787 217 942 262 deinde
970 216 1077 259 urbe
1106 227 1348 267 manemus,

235 293 416 336 Murena
443 292 676 350 praebente
705 289 894 342 domum,
926 287 1136 344 Capitone
1167 285 1365 328 culinam.

237 364 419 406 Postera
446 363 523 405 lux
552 362 687 404 oritur
715 360 849 402 multo
880 358 1147 415 gratissima;
1177 369 1361 412 namque

237 434 404 476 Plotius
434 438 478 476 et
506 433 665 475 Varius
696 431 927 473 Sinuessae
955 428 1250 484 Virgiliusque

1573 424 1632 465 40

240 504 499 558 Occurrunt,
531 503 718 555 animae,
751 501 898 558 quales
927 513 1069 556 neque
1101 497 1366 540 candidiores

240 575 377 618 Terra
404 575 503 616 tulit
533 587 673 630 neque
704 573 800 628 quis
829 585 899 613 me
930 570 987 612 sit
1016 569 1254 612 devinctior
1285 567 1405 610 alter.

241 644 279 687 Ο
311 645 384 701 qui
416 645 664 701 complexus
695 647 738 686 et
769 641 925 698 gaudia
955 644 1114 696 quanta
1143 638 1338 681 fuerunt!

241 716 313 757 Nil
345 730 425 771 ego
457 714 707 757 contulerim
737 711 921 755 iucundo
953 724 1082 753 sanus
1115 710 1264 752 amico.

241 786 446 828 Proxima
475 785 694 842 Campano
723 783 844 840 ponti
874 796 984 838 quae
1015 781 1182 833 villula,
1217 783 1377 822 tectum

1579 778 1635 818 45

241 856 466 909 Praebuit,
497 859 541 898 et
570 854 746 911 parochi
777 867 885 910 quae
916 851 1075 895 debent
1103 852 1223 907 ligna
1252 851 1487 906 salemque.

125 991 246 1036 scipio
277 1001 321 1025 su
353 999 514 1032 sennen,
552 991 623 1024 aen
654 991 720 1023 aer
745 989 855 1022 nack·

125 1039 268 1080 affende
312 1039 480 1080 Aufidius
532 1038 573 1070 in
629 1038 695 1070 der
743 1037 857 1069 Hand

125 1086 258 1127 trial!
307 1084 521 1118 Everardus
546 1086 672 1118 autem
697 1082 783 1116 Otto
809 1082 855 1116 de

126 1131 313 1167 aedilibus
336 1143 374 1176 p.
398 1133 480 1165 489.
504 1131 682 1165 bacillum
706 1129 856 1164 Aufidio

127 1190 150 1214 a
182 1178 381 1213 lictoribus
421 1179 631 1222 praelatum
666 1178 857 1221 opinatur,

127 1226 229 1271 quod
252 1236 397 1271 prunae
430 1225 558 1259 batillo
585 1224 707 1259 simile
731 1225 858 1258 fuerit.

176 1275 296 1307 37-44.
319 1274 600 1308 Mamurrarum
612 1290 627 1296 -
641 1289 657 1296 ·
669 1271 773 1314 urbe]
789 1271 859 1305 Fe-

55 1314 58 1316 ’
129 1321 226 1354 stiva
254 1320 378 1354 ironia
401 1319 573 1353 Formias
604 1318 731 1361 (hodie
755 1319 860 1352 Mola

129 1368 168 1399 dn·
203 1367 336 1408 Gaela)
372 1365 456 1399 XII.
492 1366 541 1399 M.
579 1366 620 1399 P.
657 1375 680 1398 a
715 1364 859 1398 Fundis

128 1413 311 1447 distantes
365 1413 537 1457 designat
583 1423 607 1446 a
659 1411 860 1451 Mamurra,

130 1460 258 1504 equite
281 1459 467 1501 Romano,
499 1459 690 1503 praefecto
714 1458 861 1492 fabrum

127 1506 220 1541 Iulii
237 1505 410 1540 Caesaris
426 1506 467 1539 in
485 1505 619 1547 Gallia,
644 1505 711 1550 qui
728 1505 861 1550 ingen·

130 1556 206 1592 tem
236 1553 312 1586 vim
343 1553 528 1597 pecuniae
559 1554 802 1597 congesserat
824 1555 863 1586 et

129 1600 206 1635 iam
223 1597 363 1637 Catulli
383 1599 555 1634 versibus
580 1599 862 1633 contumeliosis

130 1647 188 1690 (C.
205 1647 277 1690 29.)
294 1647 507 1691 proscissus
531 1646 667 1688 fuerat,
694 1646 759 1690 qui
776 1657 861 1679 eum

130 1697 327 1738 praeterea
349 1696 416 1735 43,
450 1698 491 1727 4:
528 1694 751 1727 decoctorem
774 1694 863 1726 For-

129 1742 294 1774 mianum
318 1745 437 1775 vocat.
484 1740 558 1774 Illo
585 1751 659 1784 quo
684 1740 862 1773 Horatius

131 1787 287 1832 scripsit
301 1791 468 1832 tempore
484 1787 633 1821 videtur
648 1787 790 1821 Romae
808 1798 864 1821 se-

132 1837 241 1869 nator
266 1834 439 1879 quidem,
472 1834 538 1868 sed
570 1834 611 1867 in
643 1834 794 1868 luxuria
826 1837 865 1868 et

133 1882 299 1916 omnim
335 1882 523 1916 bonorum
559 1884 775 1925 contemptu
811 1881 864 1914 vi-

132 1928 245 1963 xisse.
267 1947 312 1952 —
336 1929 510 1971 Harena]
535 1927 602 1962 Est
626 1928 669 1961 L.
691 1927 864 1962 Licinius

134 1974 334 2010 Terentius
371 1975 492 2009 Varro
531 1975 709 2017 Murena,
749 1975 864 2009 frater

135 2021 334 2056 Terentiae
373 2022 621 2063 Maecenatis,
666 2022 713 2056 ad
755 2033 867 2066 quem

135 2070 194 2102 est
215 2068 287 2102 Od.
311 2071 345 2111 2,
372 2071 446 2111 10„
470 2069 537 2102 ubi
562 2069 658 2103 vide.
706 2069 867 2103 Videtur

135 2114 297 2149 Formiis
334 2115 486 2149 domum
522 2116 719 2157 habuisse,
757 2127 867 2160 quam

138 2161 221 2196 eius
253 2161 360 2196 iussu
394 2162 631 2206 dispensator
660 2162 868 2196 Maecenati

137 2207 186 2242 ad
248 2208 545 2252 pernoctandum
609 2209 869 2243 commodavit.

138 2254 290 2299 Capito,
323 2255 389 2299 qui
412 2255 552 2289 ibidem
577 2255 727 2289 domum
751 2256 871 2300 possi-

137 2301 268 2343 debat,
305 2312 436 2336 cenam
469 2302 678 2336 Maecenati
712 2302 871 2346 eiusque

138 2348 337 2383 comitibus
372 2349 557 2393 praebuit.
595 2369 638 2373 -
674 2351 871 2391 praebente

138 2395 297 2438 domum]
331 2396 439 2430 Conf.
465 2395 533 2430 Od.
568 2398 631 2438 19,
658 2398 691 2430 7.
717 2415 761 2420 ——
786 2398 872 2430 Plo-

138 2443 211 2476 tius
235 2443 320 2486 cet]
349 2442 424 2477 Sat.
453 2446 492 2485 1,
530 2445 594 2485 10,
631 2445 695 2477 81:
732 2444 872 2477 Plotius

139 2492 174 2522 et
210 2491 356 2531 rar-aas,
389 2492 584 2525 Maecenas
620 2491 872 2531 Viroiliasque.

139 2535 207 2570 Est
260 2539 384 2570 autem
442 2538 583 2570 Plotius
631 2537 679 2570 M.
727 2535 873 2571 Plotius

141 2582 279 2626 Tucca,
305 2584 459 2618 criticus
477 2585 602 2628 potius
621 2595 732 2628 quam
749 2587 872 2628 poeta,

141 2630 208 2674 qui
232 2634 362 2674 postea
385 2642 463 2665 nna
488 2641 570 2664 cum
595 2631 639 2664 L.
657 2631 773 2665 Vario
799 2635 874 2665 tra-

140 2677 225 2721 gico
250 2687 296 2710 ex
318 2677 479 2722 Augusti
513 2678 691 2712 mandatu
721 2678 873 2723 Virgilii

902 986 1073 1021 Aeneida
1097 985 1227 1020 edidit.
1263 985 1320 1019 De
1340 986 1449 1018 Vario
1474 983 1638 1018 diximus

904 1034 951 1068 ad
983 1033 1052 1067 od.
1089 1036 1127 1075 1,
1161 1035 1201 1074 6,
1238 1035 1267 1066 1.
1303 1051 1345 1055 —
1378 1034 1551 1066 Sinuessa
1583 1034 1641 1065 est

905 1081 1077 1115 ultimum
1108 1080 1149 1113 in
1174 1080 1299 1124 Appia
1323 1079 1422 1113 Latii
1448 1078 1639 1123 oppidum,

904 1127 1041 1162 XVIII.
1077 1127 1127 1161 M.
1163 1127 1207 1160 P.
1243 1127 1387 1161 distans
1420 1136 1445 1160 a
1466 1125 1640 1166 Formiis,

905 1175 1018 1209 hodie
1066 1175 1228 1216 Baqnolt‘
1275 1172 1473 1216 (walch),
1521 1183 1639 1217 prope

905 1222 1119 1256 Minturnas
1157 1222 1383 1264 (Taverna).
1419 1239 1462 1244 —
1498 1219 1641 1262 quales]

907 1269 1038 1303 eadem
1056 1268 1349 1309 constructione,
1376 1278 1451 1311 qua
1473 1277 1566 1300 usus
1584 1270 1643 1300 est

907 1316 1025 1361 Epod.
1051 1318 1092 1357 5,
1118 1317 1195 1357 59„
1231 1326 1299 1359 pro
1339 1315 1510 1356 „animae
1546 1314 1641 1347 tales

909 1363 1069 1407 quibus“
1089 1365 1159 1396 cet.
1179 1381 1221 1385 -
1242 1361 1338 1404 tulit]
1366 1361 1557 1405 „protulit,
1581 1371 1643 1405 ge-

909 1410 1029 1451 nuit‘,
1058 1412 1100 1443 ut
1124 1408 1193 1443 Od.
1219 1410 1252 1449 3,
1278 1411 1311 1450 6,
1337 1410 1393 1442 46.
1418 1407 1525 1452 Virg.
1548 1407 1643 1441 Aen.

912 1459 986 1501 114,
1013 1458 1101 1490 285:
1136 1458 1176 1490 Se·
1210 1458 1283 1489 duo
1321 1458 1514 1497 praeterea
1551 1455 1643 1487 tales

910 1500 1027 1537 Idaea
1058 1504 1198 1536 tulisset
1233 1504 1346 1535 Terra
1377 1504 1476 1535 viros
1501 1504 1572 1535 cet.
1599 1520 1642 1524 —

908 1550 1036 1593 sanus]
1056 1549 1257 1594 „quamdiu
1274 1560 1366 1584 sana
1381 1551 1507 1583 mente
1525 1548 1642 1582 sum.“

910 1598 1061 1631 PoRPn.

959 1646 1081 1678 45-50.
1101 1646 1284 1685 campano
1294 1643 1411 1686 ponti]
1424 1643 1526 1677 Pons
1541 1642 1646 1676 Cam-

911 1702 1033 1736 panus
1067 1691 1194 1734 (hodie
1228 1694 1338 1732 ponte
1373 1691 1547 1732 Ceppam)
1582 1689 1646 1723 Sap

911 1739 1000 1773 voni
1031 1738 1178 1772 flumini
1212 1738 1411 1782 impositus
1439 1737 1507 1771 ΠΙ.
1530 1736 1580 1770 M.
1604 1737 1645 1770 P.

911 1798 935 1820 a
960 1786 1153 1820 Sinuessa.
1191 1803 1238 1808 —-
1282 1786 1455 1829 Viltalam
1493 1785 1646 1829 proprie

912 1834 1057 1877 accipio
1098 1833 1144 1866 de
1185 1832 1275 1866 villa
1323 1832 1454 1876 aliqua
1502 1832 1648 1865 modica

911 1881 1017 1925 ponti
1037 1880 1095 1913 illi
1112 1879 1299 1924 proxima,
1315 1879 1356 1912 in
1374 1890 1450 1923 qua
1468 1877 1649 1913 Sinuessa

912 1931 999 1962 ante
1032 1937 1226 1971 vesperam
1259 1926 1420 1971 profecti
1451 1928 1649 1970 pernoctan

913 1978 1013 2008 runt.
1039 1974 1115 2007 Alii
1138 1975 1309 2007 villanam
1333 1975 1371 2007 et
1395 1974 1524 2006 villam
1539 1984 1573 2006 v.
1592 1974 1648 2005 80.

915 2021 962 2056 de
999 2021 1099 2055 villis
1134 2021 1300 2065 publicis
1338 2020 1649 2064 interpretantur,

915 2069 956 2102 in
990 2079 1084 2112 quas
1117 2068 1311 2102 devertere
1348 2070 1504 2111 possent
1535 2067 1651 2112 magi-

917 2118 1074 2157 stratus,
1099 2115 1214 2159 legati
1240 2119 1309 2148 cet.
1333 2114 1405 2148 iter
1431 2114 1560 2158 aliquo
1585 2114 1651 2147 ha-

917 2163 1061 2196 bentes.
1109 2161 1221 2206 Apud
1255 2161 1460 2205 scriptores
1498 2160 1650 2205 quidem

918 2211 1066 2243 constat
1090 2208 1135 2242 de
1162 2219 1239 2242 nna
1263 2208 1454 2241 dumtaxat
1469 2209 1559 2242 villa
1582 2219 1651 2252 pu-

918 2255 1020 2289 blica
1043 2258 1151 2289 extra
1178 2257 1316 2297 Urbem,
1340 2256 1381 2287 in
1404 2263 1531 2296 campo
1546 2257 1652 2289 Mar-

919 2304 969 2336 tio
995 2306 1166 2336 extremo.
1210 2302 1347 2346 (Varro
1371 2302 1415 2335 R.
1440 2302 1486 2336 R.
1511 2305 1545 2343 3,
1570 2304 1604 2342 2,
1632 2305 1650 2335 1

920 2360 1003 2394 sqq.
1020 2349 1102 2382 Liv.
1120 2351 1177 2391 33,
1194 2350 1266 2392 24.)
1304 2349 1540 2394 Quamquam
1563 2360 1652 2393 pro-

919 2402 1003 2440 pter
1028 2397 1279 2440 parochorum
1303 2397 1553 2437 mentionem,
1586 2397 1651 2440 qui

920 2444 980 2477 vel
1011 2444 1052 2476 in
1086 2443 1152 2476 tali
1184 2444 1274 2477 villa
1309 2443 1392 2487 ipsa
1423 2444 1483 2477 vel
1521 2444 1652 2477 saltem

920 2490 1089 2534 proxime
1121 2491 1291 2524 habitare
1316 2490 1522 2530 debebant,
1555 2489 1653 2522 illud

921 2548 998 2571 non
1030 2548 1187 2582 prorsus
1219 2538 1467 2582 improbabile
1502 2547 1572 2570 nec
1598 2539 1653 2569 ta-

921 2595 1007 2618 men
1042 2587 1187 2618 certum
1210 2588 1279 2618 est.
1303 2604 1351 2608 —
1373 2583 1546 2626 parochi]
1581 2579 1654 2615 ,τά-

922 2642 1046 2677 ροχοι,
1069 2632 1259 2673 homines,
1284 2631 1350 2676 qui
1375 2631 1528 2675 publico
1555 2640 1654 2663 sum-

921 2682 988 2723 ptu
1021 2679 1299 2724 magistratibus
1333 2688 1376 2711 ac
1410 2677 1543 2722 legatis
1581 2677 1653 2710 iter
