<?xml version="1.0" encoding="UTF-8"?>
<!DOCTYPE html PUBLIC "-//W3C//DTD XHTML 1.0 Transitional//EN"
    "http://www.w3.org/TR/xhtml1/DTD/xhtml1-transitional.dtd">
<html xmlns="http://www.w3.org/1999/xhtml" xml:lang="en" lang="en">
 <head>
  <title>
</title>
<meta http-equiv="Content-Type" content="text/html;charset=utf-8" />
  <meta name='ocr-system' content='tesseract 3.04.00' />
  <meta name='ocr-capabilities' content='ocr_page ocr_carea ocr_par ocr_line ocrx_word'/>
</head>
<body>
  <div class='ocr_page' id='page_1' title='image "./qhoratiusflaccus00horauoft_0087.png"; bbox 0 0 1786 2912; ppageno 0'>
   <div class='ocr_carea' id='block_1_1' title="bbox 681 133 1634 174">
    <p class='ocr_par' dir='ltr' id='par_1_1' title="bbox 681 133 1634 174">
     <span class='ocr_line' id='line_1_1' title="bbox 681 133 1634 174; baseline -0.01 -2"><span class='ocrx_word' id='word_1_1' title='bbox 681 137 775 172; x_wconf 74' lang='lat' dir='ltr'><strong>nm.</strong></span> <span class='ocrx_word' id='word_1_2' title='bbox 798 136 830 171; x_wconf 90' lang='lat'><strong>1.</strong></span> <span class='ocrx_word' id='word_1_3' title='bbox 878 135 982 171; x_wconf 62' lang='lat' dir='ltr'><strong>sicr.</strong></span> <span class='ocrx_word' id='word_1_4' title='bbox 1005 134 1071 169; x_wconf 77' lang='lat' dir='ltr'><strong>vl.</strong></span> <span class='ocrx_word' id='word_1_5' title='bbox 1579 133 1634 174; x_wconf 78' lang='lat'><strong>79</strong></span> 
     </span>
    </p>
   </div>
   <div class='ocr_carea' id='block_1_2' title="bbox 241 233 1634 292">
    <p class='ocr_par' dir='ltr' id='par_1_2' title="bbox 241 233 1634 292">
     <span class='ocr_line' id='line_1_2' title="bbox 241 233 1634 292; baseline -0.009 -7"><span class='ocrx_word' id='word_1_6' title='bbox 241 242 366 284; x_wconf 82' lang='lat' dir='ltr'><strong>Nunc</strong></span> <span class='ocrx_word' id='word_1_7' title='bbox 395 240 452 283; x_wconf 86' lang='lat' dir='ltr'><strong>ad</strong></span> <span class='ocrx_word' id='word_1_8' title='bbox 479 254 548 283; x_wconf 90' lang='lat' dir='ltr'><strong>me</strong></span> <span class='ocrx_word' id='word_1_9' title='bbox 578 238 707 282; x_wconf 88' lang='lat' dir='ltr'><strong>redeo</strong></span> <span class='ocrx_word' id='word_1_10' title='bbox 738 237 937 280; x_wconf 88' lang='lat' dir='ltr'><strong>libertino</strong></span> <span class='ocrx_word' id='word_1_11' title='bbox 967 239 1089 292; x_wconf 82' lang='lat' dir='ltr'><strong>patre</strong></span> <span class='ocrx_word' id='word_1_12' title='bbox 1119 238 1288 287; x_wconf 81' lang='lat' dir='ltr'><strong>natum,</strong></span> <span class='ocrx_word' id='word_1_13' title='bbox 1577 233 1634 273; x_wconf 85' lang='lat'><strong>45</strong></span> 
     </span>
    </p>
   </div>
   <div class='ocr_carea' id='block_1_3' title="bbox 243 308 1541 1071">
    <p class='ocr_par' dir='ltr' id='par_1_3' title="bbox 243 308 1323 363">
     <span class='ocr_line' id='line_1_3' title="bbox 243 308 1323 363; baseline -0.007 -8"><span class='ocrx_word' id='word_1_14' title='bbox 243 312 383 362; x_wconf 84' lang='lat' dir='ltr'><strong>Quem</strong></span> <span class='ocrx_word' id='word_1_15' title='bbox 411 311 567 353; x_wconf 89' lang='lat' dir='ltr'><strong>rodunt</strong></span> <span class='ocrx_word' id='word_1_16' title='bbox 597 323 744 352; x_wconf 88' lang='lat' dir='ltr'><strong>omnes</strong></span> <span class='ocrx_word' id='word_1_17' title='bbox 774 308 974 350; x_wconf 89' lang='lat' dir='ltr'><strong>libertino</strong></span> <span class='ocrx_word' id='word_1_18' title='bbox 1004 310 1127 363; x_wconf 87' lang='lat' dir='ltr'><strong>patre</strong></span> <span class='ocrx_word' id='word_1_19' title='bbox 1156 309 1323 358; x_wconf 83' lang='lat' dir='ltr'><strong>natum,</strong></span> 
     </span>
    </p>

    <p class='ocr_par' dir='ltr' id='par_1_4' title="bbox 243 374 1541 790">
     <span class='ocr_line' id='line_1_4' title="bbox 243 374 1541 438; baseline -0.008 -13"><span class='ocrx_word' id='word_1_20' title='bbox 243 382 385 436; x_wconf 86' lang='lat' dir='ltr'><strong>Nunc,</strong></span> <span class='ocrx_word' id='word_1_21' title='bbox 417 382 518 438; x_wconf 92' lang='lat' dir='ltr'><strong>quia</strong></span> <span class='ocrx_word' id='word_1_22' title='bbox 549 395 643 422; x_wconf 90' lang='lat' dir='ltr'><strong>sum</strong></span> <span class='ocrx_word' id='word_1_23' title='bbox 674 380 772 432; x_wconf 88' lang='lat' dir='ltr'><strong>tibi,</strong></span> <span class='ocrx_word' id='word_1_24' title='bbox 804 379 1051 430; x_wconf 87' lang='lat' dir='ltr'><strong>Maecenas,</strong></span> <span class='ocrx_word' id='word_1_25' title='bbox 1084 376 1312 429; x_wconf 82' lang='lat' dir='ltr'>convictor,</span> <span class='ocrx_word' id='word_1_26' title='bbox 1345 379 1390 417; x_wconf 88' lang='lat' dir='ltr'><strong>at</strong></span> <span class='ocrx_word' id='word_1_27' title='bbox 1421 374 1541 426; x_wconf 92' lang='lat' dir='ltr'><strong>olim,</strong></span> 
     </span>
     <span class='ocr_line' id='line_1_5' title="bbox 244 447 1290 507; baseline -0.008 -11"><span class='ocrx_word' id='word_1_28' title='bbox 244 453 371 502; x_wconf 81' lang='lat' dir='ltr'><strong>Quod</strong></span> <span class='ocrx_word' id='word_1_29' title='bbox 399 452 504 494; x_wconf 85' lang='lat' dir='ltr'><strong>mihi</strong></span> <span class='ocrx_word' id='word_1_30' title='bbox 534 454 706 507; x_wconf 84' lang='lat' dir='ltr'><strong>pareret</strong></span> <span class='ocrx_word' id='word_1_31' title='bbox 735 450 848 506; x_wconf 86' lang='lat' dir='ltr'><strong>legio</strong></span> <span class='ocrx_word' id='word_1_32' title='bbox 878 449 1077 491; x_wconf 87' lang='lat' dir='ltr'><strong>Romana</strong></span> <span class='ocrx_word' id='word_1_33' title='bbox 1106 447 1290 489; x_wconf 83' lang='lat' dir='ltr'><strong>tribuno.</strong></span> 
     </span>
     <span class='ocr_line' id='line_1_6' title="bbox 243 517 1503 576; baseline -0.007 -10"><span class='ocrx_word' id='word_1_34' title='bbox 243 523 464 566; x_wconf 75' lang='lat' dir='ltr'>Dissimile</span> <span class='ocrx_word' id='word_1_35' title='bbox 494 522 576 564; x_wconf 89' lang='lat' dir='ltr'><strong>hoc</strong></span> <span class='ocrx_word' id='word_1_36' title='bbox 605 522 667 563; x_wconf 88' lang='lat' dir='ltr'><strong>illi</strong></span> <span class='ocrx_word' id='word_1_37' title='bbox 700 525 787 574; x_wconf 84' lang='lat' dir='ltr'><strong>est3</strong></span> <span class='ocrx_word' id='word_1_38' title='bbox 821 520 922 576; x_wconf 88' lang='lat' dir='ltr'><strong>quia</strong></span> <span class='ocrx_word' id='word_1_39' title='bbox 950 533 1037 560; x_wconf 90' lang='grc'><strong>11011</strong></span> <span class='ocrx_word' id='word_1_40' title='bbox 1067 522 1114 559; x_wconf 86' lang='lat' dir='ltr'><strong>ut</strong></span> <span class='ocrx_word' id='word_1_41' title='bbox 1145 518 1268 560; x_wconf 87' lang='lat' dir='ltr'><strong>forsit</strong></span> <span class='ocrx_word' id='word_1_42' title='bbox 1298 517 1503 558; x_wconf 78' lang='lat' dir='ltr'><strong>honorem</strong></span> 
     </span>
     <span class='ocr_line' id='line_1_7' title="bbox 244 588 1490 647; baseline -0.006 -11"><span class='ocrx_word' id='word_1_43' title='bbox 244 594 342 637; x_wconf 88' lang='lat' dir='ltr'><strong>Iure</strong></span> <span class='ocrx_word' id='word_1_44' title='bbox 372 593 479 636; x_wconf 90' lang='lat' dir='ltr'><strong>mihi</strong></span> <span class='ocrx_word' id='word_1_45' title='bbox 509 592 699 635; x_wconf 82' lang='lat' dir='ltr'><strong>invideat</strong></span> <span class='ocrx_word' id='word_1_46' title='bbox 730 591 887 647; x_wconf 82' lang='lat' dir='ltr'><strong>quivis,</strong></span> <span class='ocrx_word' id='word_1_47' title='bbox 919 590 981 631; x_wconf 84' lang='lat' dir='ltr'><strong>ita</strong></span> <span class='ocrx_word' id='word_1_48' title='bbox 1009 594 1052 631; x_wconf 87' lang='lat' dir='ltr'><strong>te</strong></span> <span class='ocrx_word' id='word_1_49' title='bbox 1086 602 1256 644; x_wconf 93' lang='lat' dir='ltr'><strong>quoque</strong></span> <span class='ocrx_word' id='word_1_50' title='bbox 1287 588 1490 635; x_wconf 91' lang='lat' dir='ltr'><strong>amicum,</strong></span> 
     </span>
     <span class='ocr_line' id='line_1_8' title="bbox 245 662 1320 717; baseline -0.005 -11"><span class='ocrx_word' id='word_1_51' title='bbox 245 664 506 708; x_wconf 80' lang='lat' dir='ltr'><strong>Praesertim</strong></span> <span class='ocrx_word' id='word_1_52' title='bbox 536 667 706 706; x_wconf 85' lang='lat' dir='ltr'><strong>cautum</strong></span> <span class='ocrx_word' id='word_1_53' title='bbox 736 662 887 717; x_wconf 84' lang='lat' dir='ltr'><strong>dignos</strong></span> <span class='ocrx_word' id='word_1_54' title='bbox 918 674 1155 713; x_wconf 80' lang='lat' dir='ltr'><strong>assumere,</strong></span> <span class='ocrx_word' id='word_1_55' title='bbox 1187 673 1320 715; x_wconf 80' lang='lat' dir='ltr'><strong>prava</strong></span> 
     </span>
     <span class='ocr_line' id='line_1_9' title="bbox 246 729 1320 790; baseline -0.007 -13"><span class='ocrx_word' id='word_1_56' title='bbox 246 735 494 777; x_wconf 85' lang='lat' dir='ltr'><strong>Ambitione</strong></span> <span class='ocrx_word' id='word_1_57' title='bbox 525 734 685 790; x_wconf 89' lang='lat' dir='ltr'><strong>procul.</strong></span> <span class='ocrx_word' id='word_1_58' title='bbox 731 732 920 774; x_wconf 80' lang='lat' dir='ltr'><strong>Felicem</strong></span> <span class='ocrx_word' id='word_1_59' title='bbox 949 730 1092 772; x_wconf 89' lang='lat' dir='ltr'><strong>dicere</strong></span> <span class='ocrx_word' id='word_1_60' title='bbox 1123 744 1208 771; x_wconf 89' lang='lat' dir='ltr'><strong>non</strong></span> <span class='ocrx_word' id='word_1_61' title='bbox 1238 729 1320 771; x_wconf 93' lang='lat' dir='ltr'><strong>hoc</strong></span> 
     </span>
    </p>

    <p class='ocr_par' dir='ltr' id='par_1_5' title="bbox 246 801 1322 862">
     <span class='ocr_line' id='line_1_10' title="bbox 246 801 1322 862; baseline -0.006 -14"><span class='ocrx_word' id='word_1_62' title='bbox 246 806 317 848; x_wconf 81' lang='lat' dir='ltr'><strong>Me</strong></span> <span class='ocrx_word' id='word_1_63' title='bbox 346 806 527 862; x_wconf 90' lang='lat' dir='ltr'><strong>possim,</strong></span> <span class='ocrx_word' id='word_1_64' title='bbox 560 818 661 846; x_wconf 86' lang='lat' dir='ltr'><strong>casu</strong></span> <span class='ocrx_word' id='word_1_65' title='bbox 691 802 804 859; x_wconf 91' lang='lat' dir='ltr'><strong>quod</strong></span> <span class='ocrx_word' id='word_1_66' title='bbox 833 807 877 845; x_wconf 90' lang='lat' dir='ltr'><strong>te</strong></span> <span class='ocrx_word' id='word_1_67' title='bbox 909 802 1084 844; x_wconf 86' lang='lat' dir='ltr'><strong>sortitus</strong></span> <span class='ocrx_word' id='word_1_68' title='bbox 1116 801 1322 854; x_wconf 82' lang='lat' dir='ltr'><strong>amicum3</strong></span> 
     </span>
    </p>

    <p class='ocr_par' dir='ltr' id='par_1_6' title="bbox 246 871 1453 1071">
     <span class='ocr_line' id='line_1_11' title="bbox 246 871 1453 927; baseline -0.005 -9"><span class='ocrx_word' id='word_1_69' title='bbox 246 875 376 918; x_wconf 84' lang='lat' dir='ltr'><strong>Nulla</strong></span> <span class='ocrx_word' id='word_1_70' title='bbox 404 876 564 918; x_wconf 84' lang='lat' dir='ltr'><strong>etenim</strong></span> <span class='ocrx_word' id='word_1_71' title='bbox 595 874 700 915; x_wconf 92' lang='lat' dir='ltr'><strong>mihi</strong></span> <span class='ocrx_word' id='word_1_72' title='bbox 730 878 774 916; x_wconf 82' lang='lat' dir='ltr'><strong>te</strong></span> <span class='ocrx_word' id='word_1_73' title='bbox 804 873 891 915; x_wconf 90' lang='lat' dir='ltr'><strong>fors</strong></span> <span class='ocrx_word' id='word_1_74' title='bbox 924 872 1100 914; x_wconf 85' lang='lat' dir='ltr'><strong>obtulit:</strong></span> <span class='ocrx_word' id='word_1_75' title='bbox 1133 871 1320 927; x_wconf 90' lang='lat' dir='ltr'><strong>optimus</strong></span> <span class='ocrx_word' id='word_1_76' title='bbox 1352 871 1453 913; x_wconf 89' lang='lat' dir='ltr'><strong>olim</strong></span> 
     </span>
     <span class='ocr_line' id='line_1_12' title="bbox 247 941 1452 1002; baseline -0.005 -14"><span class='ocrx_word' id='word_1_77' title='bbox 247 946 475 1002; x_wconf 83' lang='lat' dir='ltr'><strong>Virgilius,</strong></span> <span class='ocrx_word' id='word_1_78' title='bbox 506 949 604 1001; x_wconf 90' lang='lat' dir='ltr'><strong>post</strong></span> <span class='ocrx_word' id='word_1_79' title='bbox 635 945 748 987; x_wconf 89' lang='lat' dir='ltr'><strong>hunc</strong></span> <span class='ocrx_word' id='word_1_80' title='bbox 778 943 934 986; x_wconf 85' lang='lat' dir='ltr'><strong>Varius</strong></span> <span class='ocrx_word' id='word_1_81' title='bbox 966 942 1134 995; x_wconf 82' lang='lat' dir='ltr'><strong>dixere,</strong></span> <span class='ocrx_word' id='word_1_82' title='bbox 1167 941 1268 998; x_wconf 87' lang='lat' dir='ltr'><strong>quid</strong></span> <span class='ocrx_word' id='word_1_83' title='bbox 1298 955 1452 984; x_wconf 88' lang='lat' dir='ltr'><strong>essem.</strong></span> 
     </span>
     <span class='ocr_line' id='line_1_13' title="bbox 247 1014 1262 1071; baseline -0.004 -13"><span class='ocrx_word' id='word_1_84' title='bbox 247 1016 306 1058; x_wconf 90' lang='lat' dir='ltr'><strong>Ut</strong></span> <span class='ocrx_word' id='word_1_85' title='bbox 334 1017 434 1059; x_wconf 82' lang='lat' dir='ltr'><strong>veni</strong></span> <span class='ocrx_word' id='word_1_86' title='bbox 465 1030 626 1068; x_wconf 83' lang='lat' dir='ltr'><strong>coram,</strong></span> <span class='ocrx_word' id='word_1_87' title='bbox 660 1015 879 1071; x_wconf 87' lang='lat' dir='ltr'><strong>singultim</strong></span> <span class='ocrx_word' id='word_1_88' title='bbox 910 1028 1047 1070; x_wconf 85' lang='lat' dir='ltr'><strong>pauca</strong></span> <span class='ocrx_word' id='word_1_89' title='bbox 1076 1014 1262 1065; x_wconf 89' lang='lat' dir='ltr'><strong>locutus,</strong></span> 
     </span>
    </p>
   </div>
   <div class='ocr_carea' id='block_1_4' title="bbox 1580 586 1638 626">
    <p class='ocr_par' dir='ltr' id='par_1_7' title="bbox 1580 586 1638 626">
     <span class='ocr_line' id='line_1_14' title="bbox 1580 586 1638 626; baseline 0 0"><span class='ocrx_word' id='word_1_90' title='bbox 1580 586 1638 626; x_wconf 86' lang='lat'><strong>50</strong></span> 
     </span>
    </p>
   </div>
   <div class='ocr_carea' id='block_1_5' title="bbox 1585 940 1640 981">
    <p class='ocr_par' dir='ltr' id='par_1_8' title="bbox 1585 940 1640 981">
     <span class='ocr_line' id='line_1_15' title="bbox 1585 940 1640 981; baseline 0.018 -1"><span class='ocrx_word' id='word_1_91' title='bbox 1585 940 1640 981; x_wconf 85' lang='lat'><strong>55</strong></span> 
     </span>
    </p>
   </div>
   <div class='ocr_carea' id='block_1_6' title="bbox 178 1134 1598 1418">
    <p class='ocr_par' dir='ltr' id='par_1_9' title="bbox 178 1134 1598 1418">
     <span class='ocr_line' id='line_1_16' title="bbox 225 1134 1596 1182; baseline -0.004 -9"><span class='ocrx_word' id='word_1_92' title='bbox 225 1141 282 1173; x_wconf 81' lang='lat'><strong>47.</strong></span> <span class='ocrx_word' id='word_1_93' title='bbox 313 1148 394 1173; x_wconf 77' lang='lat' dir='ltr'><strong>sum</strong></span> <span class='ocrx_word' id='word_1_94' title='bbox 418 1139 486 1182; x_wconf 90' lang='lat' dir='ltr'><strong>bd,</strong></span> <span class='ocrx_word' id='word_1_95' title='bbox 511 1150 610 1173; x_wconf 88' lang='lat' dir='ltr'><strong>unus</strong></span> <span class='ocrx_word' id='word_1_96' title='bbox 634 1138 807 1172; x_wconf 83' lang='lat' dir='ltr'><strong>Pottierii</strong></span> <span class='ocrx_word' id='word_1_97' title='bbox 834 1137 898 1179; x_wconf 76' lang='lat' dir='ltr'><strong>(N.</strong></span> <span class='ocrx_word' id='word_1_98' title='bbox 926 1138 998 1179; x_wconf 87' lang='grc'>16.)</span> <span class='ocrx_word' id='word_1_99' title='bbox 1025 1139 1063 1171; x_wconf 85' lang='lat' dir='ltr'><strong>et</strong></span> <span class='ocrx_word' id='word_1_100' title='bbox 1086 1136 1303 1170; x_wconf 83' lang='lat' dir='ltr'><strong>Bentleius:</strong></span> <span class='ocrx_word' id='word_1_101' title='bbox 1328 1136 1395 1168; x_wconf 77' lang='lat' dir='ltr'><strong>sim</strong></span> <span class='ocrx_word' id='word_1_102' title='bbox 1420 1134 1511 1179; x_wconf 83' lang='lat' dir='ltr'><strong>Sep,</strong></span> <span class='ocrx_word' id='word_1_103' title='bbox 1537 1145 1596 1168; x_wconf 81' lang='lat' dir='ltr'><strong>ce·</strong></span> 
     </span>
     <span class='ocr_line' id='line_1_17' title="bbox 178 1182 1597 1228; baseline -0.004 -7"><span class='ocrx_word' id='word_1_104' title='bbox 178 1187 251 1220; x_wconf 81' lang='lat' dir='ltr'><strong>teri</strong></span> <span class='ocrx_word' id='word_1_105' title='bbox 283 1197 413 1221; x_wconf 86' lang='lat' dir='ltr'><strong>omnes</strong></span> <span class='ocrx_word' id='word_1_106' title='bbox 443 1186 638 1228; x_wconf 86' lang='lat' dir='ltr'><strong>Pottierii,</strong></span> <span class='ocrx_word' id='word_1_107' title='bbox 670 1185 851 1219; x_wconf 80' lang='lat' dir='ltr'><strong>LCtFMJ.</strong></span> <span class='ocrx_word' id='word_1_108' title='bbox 876 1204 922 1209; x_wconf 89' lang='lat'><strong>-—</strong></span> <span class='ocrx_word' id='word_1_109' title='bbox 947 1187 1005 1218; x_wconf 86' lang='lat'><strong>49.</strong></span> <span class='ocrx_word' id='word_1_110' title='bbox 1037 1186 1167 1226; x_wconf 75' lang='lat' dir='ltr'><strong>forsan</strong></span> <span class='ocrx_word' id='word_1_111' title='bbox 1200 1183 1272 1228; x_wconf 87' lang='lat' dir='ltr'><strong>Sep</strong></span> <span class='ocrx_word' id='word_1_112' title='bbox 1307 1183 1407 1226; x_wconf 90' lang='lat' dir='ltr'><strong>(non</strong></span> <span class='ocrx_word' id='word_1_113' title='bbox 1440 1182 1525 1225; x_wconf 89' lang='lat' dir='ltr'><strong>bd).</strong></span> <span class='ocrx_word' id='word_1_114' title='bbox 1548 1199 1597 1206; x_wconf 87' lang='lat'><strong>--</strong></span> 
     </span>
     <span class='ocr_line' id='line_1_18' title="bbox 178 1229 1596 1278; baseline -0.004 -11"><span class='ocrx_word' id='word_1_115' title='bbox 178 1235 237 1267; x_wconf 88' lang='lat'><strong>53.</strong></span> <span class='ocrx_word' id='word_1_116' title='bbox 257 1243 405 1275; x_wconf 73' lang='lat' dir='ltr'><strong>possum</strong></span> <span class='ocrx_word' id='word_1_117' title='bbox 427 1245 472 1278; x_wconf 89' lang='lat' dir='ltr'><strong>p,</strong></span> <span class='ocrx_word' id='word_1_118' title='bbox 506 1244 601 1267; x_wconf 83' lang='lat' dir='ltr'><strong>corr.</strong></span> <span class='ocrx_word' id='word_1_119' title='bbox 627 1232 678 1267; x_wconf 82' lang='lat' dir='ltr'><strong>bs</strong></span> <span class='ocrx_word' id='word_1_120' title='bbox 703 1234 741 1267; x_wconf 82' lang='lat' dir='ltr'><strong>et</strong></span> <span class='ocrx_word' id='word_1_121' title='bbox 764 1232 936 1266; x_wconf 88' lang='lat' dir='ltr'><strong>Pottierii</strong></span> <span class='ocrx_word' id='word_1_122' title='bbox 960 1231 1153 1276; x_wconf 86' lang='lat' dir='ltr'><strong>plerique,</strong></span> <span class='ocrx_word' id='word_1_123' title='bbox 1177 1229 1303 1272; x_wconf 50' lang='lat' dir='ltr'><strong>‘LCtR</strong></span> <span class='ocrx_word' id='word_1_124' title='bbox 1325 1232 1475 1271; x_wconf 78' lang='lat' dir='ltr'><strong>possunt</strong></span> <span class='ocrx_word' id='word_1_125' title='bbox 1500 1229 1596 1262; x_wconf 89' lang='lat' dir='ltr'><strong>duce</strong></span> 
     </span>
     <span class='ocr_line' id='line_1_19' title="bbox 180 1276 1596 1325; baseline -0.004 -10"><span class='ocrx_word' id='word_1_126' title='bbox 180 1279 319 1315; x_wconf 84' lang='lat' dir='ltr'><strong>Comm.</strong></span> <span class='ocrx_word' id='word_1_127' title='bbox 345 1280 462 1325; x_wconf 82' lang='lat' dir='ltr'><strong>Oruq.</strong></span> <span class='ocrx_word' id='word_1_128' title='bbox 485 1280 682 1314; x_wconf 84' lang='lat' dir='ltr'><strong>Bentleius</strong></span> <span class='ocrx_word' id='word_1_129' title='bbox 708 1283 745 1313; x_wconf 85' lang='lat' dir='ltr'><strong>et</strong></span> <span class='ocrx_word' id='word_1_130' title='bbox 774 1281 828 1313; x_wconf 91' lang='lat' dir='ltr'><strong>sic</strong></span> <span class='ocrx_word' id='word_1_131' title='bbox 860 1280 934 1312; x_wconf 81' lang='lat' dir='ltr'><strong>iam</strong></span> <span class='ocrx_word' id='word_1_132' title='bbox 959 1278 1028 1311; x_wconf 87' lang='lat' dir='ltr'><strong>Ed.</strong></span> <span class='ocrx_word' id='word_1_133' title='bbox 1054 1278 1206 1312; x_wconf 86' lang='lat' dir='ltr'><strong>Zarotti.</strong></span> <span class='ocrx_word' id='word_1_134' title='bbox 1256 1276 1329 1319; x_wconf 84' lang='lat' dir='ltr'><strong>(Ut</strong></span> <span class='ocrx_word' id='word_1_135' title='bbox 1352 1288 1421 1311; x_wconf 90' lang='lat' dir='ltr'><strong>nos</strong></span> <span class='ocrx_word' id='word_1_136' title='bbox 1448 1276 1513 1318; x_wconf 89' lang='lat' dir='ltr'><strong>cd,</strong></span> <span class='ocrx_word' id='word_1_137' title='bbox 1539 1287 1596 1320; x_wconf 88' lang='lat' dir='ltr'><strong>pr.</strong></span> 
     </span>
     <span class='ocr_line' id='line_1_20' title="bbox 180 1323 1598 1369; baseline -0.004 -7"><span class='ocrx_word' id='word_1_138' title='bbox 180 1327 231 1362; x_wconf 80' lang='lat' dir='ltr'><strong>bs</strong></span> <span class='ocrx_word' id='word_1_139' title='bbox 256 1330 294 1362; x_wconf 86' lang='lat' dir='ltr'><strong>et</strong></span> <span class='ocrx_word' id='word_1_140' title='bbox 307 1327 477 1362; x_wconf 81' lang='lat' dir='ltr'><strong>Pottierii</strong></span> <span class='ocrx_word' id='word_1_141' title='bbox 503 1328 606 1369; x_wconf 86' lang='lat' dir='ltr'><strong>duo.)</strong></span> <span class='ocrx_word' id='word_1_142' title='bbox 626 1346 669 1351; x_wconf 81' lang='lat'><strong>——</strong></span> <span class='ocrx_word' id='word_1_143' title='bbox 688 1329 745 1361; x_wconf 82' lang='lat'><strong>54.</strong></span> <span class='ocrx_word' id='word_1_144' title='bbox 771 1328 835 1359; x_wconf 81' lang='lat' dir='ltr'><strong>tibi</strong></span> <span class='ocrx_word' id='word_1_145' title='bbox 859 1335 915 1358; x_wconf 85' lang='lat' dir='ltr'><strong>me</strong></span> <span class='ocrx_word' id='word_1_146' title='bbox 940 1337 960 1359; x_wconf 92' lang='lat' dir='ltr'><strong>e</strong></span> <span class='ocrx_word' id='word_1_147' title='bbox 985 1325 1122 1359; x_wconf 79' lang='lat' dir='ltr'><strong>Codice</strong></span> <span class='ocrx_word' id='word_1_148' title='bbox 1146 1324 1322 1358; x_wconf 87' lang='lat' dir='ltr'><strong>Ruddim.</strong></span> <span class='ocrx_word' id='word_1_149' title='bbox 1349 1325 1403 1366; x_wconf 81' lang='lat' dir='ltr'><strong>(et</strong></span> <span class='ocrx_word' id='word_1_150' title='bbox 1427 1334 1474 1357; x_wconf 84' lang='lat' dir='ltr'><strong>ex</strong></span> <span class='ocrx_word' id='word_1_151' title='bbox 1490 1323 1598 1357; x_wconf 83' lang='lat' dir='ltr'><strong>Com-</strong></span> 
     </span>
     <span class='ocr_line' id='line_1_21' title="bbox 180 1373 896 1418; baseline -0.003 -10"><span class='ocrx_word' id='word_1_152' title='bbox 180 1377 294 1408; x_wconf 75' lang='lat' dir='ltr'><strong>ment.</strong></span> <span class='ocrx_word' id='word_1_153' title='bbox 319 1374 478 1418; x_wconf 79' lang='lat' dir='ltr'><strong>Cruquii</strong></span> <span class='ocrx_word' id='word_1_154' title='bbox 502 1383 558 1407; x_wconf 85' lang='lat' dir='ltr'><strong>me</strong></span> <span class='ocrx_word' id='word_1_155' title='bbox 584 1374 662 1416; x_wconf 76' lang='lat' dir='ltr'><strong>tibi)</strong></span> <span class='ocrx_word' id='word_1_156' title='bbox 687 1373 896 1407; x_wconf 85' lang='lat' dir='ltr'><strong>Bentleius.</strong></span> 
     </span>
    </p>
   </div>
   <div class='ocr_carea' id='block_1_7' title="bbox 0 0 68 2912">
    <p class='ocr_par' dir='ltr' id='par_1_10' title="bbox 0 0 68 2912">
     <span class='ocr_line' id='line_1_22' title="bbox 0 0 68 2912; baseline 0 0"><span class='ocrx_word' id='word_1_157' title='bbox 0 0 68 2912; x_wconf 95' lang='lat' dir='ltr'><strong> </strong></span> 
     </span>
    </p>
   </div>
   <div class='ocr_carea' id='block_1_8' title="bbox 134 1473 871 2738">
    <p class='ocr_par' dir='ltr' id='par_1_11' title="bbox 135 1473 864 1554">
     <span class='ocr_line' id='line_1_23' title="bbox 136 1473 864 1518; baseline -0.001 -12"><span class='ocrx_word' id='word_1_158' title='bbox 136 1484 246 1518; x_wconf 76' lang='lat' dir='ltr'><strong>quam</strong></span> <span class='ocrx_word' id='word_1_159' title='bbox 263 1473 310 1508; x_wconf 81' lang='lat' dir='ltr'><strong>ad</strong></span> <span class='ocrx_word' id='word_1_160' title='bbox 327 1484 492 1508; x_wconf 85' lang='lat' dir='ltr'><strong>summos</strong></span> <span class='ocrx_word' id='word_1_161' title='bbox 514 1474 679 1508; x_wconf 86' lang='lat' dir='ltr'><strong>honores</strong></span> <span class='ocrx_word' id='word_1_162' title='bbox 706 1473 864 1507; x_wconf 82' lang='lat' dir='ltr'><strong>evehere</strong></span> 
     </span>
     <span class='ocr_line' id='line_1_24' title="bbox 135 1520 267 1554; baseline 0 0"><span class='ocrx_word' id='word_1_163' title='bbox 135 1520 267 1554; x_wconf 77' lang='lat' dir='ltr'><strong>soleat.</strong></span> 
     </span>
    </p>

    <p class='ocr_par' dir='ltr' id='par_1_12' title="bbox 134 1565 871 2738">
     <span class='ocr_line' id='line_1_25' title="bbox 182 1565 864 1612; baseline -0.001 -12"><span class='ocrx_word' id='word_1_164' title='bbox 182 1569 305 1602; x_wconf 63' lang='lat'><strong>46434.</strong></span> <span class='ocrx_word' id='word_1_165' title='bbox 323 1568 491 1601; x_wconf 70' lang='lat' dir='ltr'><strong>libertino</strong></span> <span class='ocrx_word' id='word_1_166' title='bbox 505 1569 615 1609; x_wconf 69' lang='lat' dir='ltr'><strong>patre</strong></span> <span class='ocrx_word' id='word_1_167' title='bbox 631 1566 774 1612; x_wconf 76' lang='lat' dir='ltr'><strong>natum]</strong></span> <span class='ocrx_word' id='word_1_168' title='bbox 790 1565 864 1600; x_wconf 86' lang='lat' dir='ltr'><strong>Re-</strong></span> 
     </span>
     <span class='ocr_line' id='line_1_26' title="bbox 135 1614 863 1659; baseline -0.003 -11"><span class='ocrx_word' id='word_1_169' title='bbox 135 1614 266 1659; x_wconf 74' lang='lat' dir='ltr'><strong>petitio</strong></span> <span class='ocrx_word' id='word_1_170' title='bbox 281 1615 376 1648; x_wconf 82' lang='lat' dir='ltr'><strong>haec</strong></span> <span class='ocrx_word' id='word_1_171' title='bbox 401 1614 597 1659; x_wconf 80' lang='lat' dir='ltr'><strong>significat,</strong></span> <span class='ocrx_word' id='word_1_172' title='bbox 621 1616 775 1658; x_wconf 86' lang='lat' dir='ltr'><strong>propter</strong></span> <span class='ocrx_word' id='word_1_173' title='bbox 792 1614 863 1647; x_wconf 88' lang='lat' dir='ltr'><strong>hoc</strong></span> 
     </span>
     <span class='ocr_line' id='line_1_27' title="bbox 134 1661 861 1705; baseline -0.001 -11"><span class='ocrx_word' id='word_1_174' title='bbox 134 1671 254 1694; x_wconf 87' lang='grc'><strong>111111111</strong></span> <span class='ocrx_word' id='word_1_175' title='bbox 270 1671 311 1695; x_wconf 88' lang='lat' dir='ltr'><strong>se</strong></span> <span class='ocrx_word' id='word_1_176' title='bbox 327 1661 374 1695; x_wconf 85' lang='lat' dir='ltr'><strong>ab</strong></span> <span class='ocrx_word' id='word_1_177' title='bbox 390 1661 530 1695; x_wconf 80' lang='lat' dir='ltr'><strong>invidis</strong></span> <span class='ocrx_word' id='word_1_178' title='bbox 548 1661 728 1695; x_wconf 85' lang='lat' dir='ltr'><strong>continuo</strong></span> <span class='ocrx_word' id='word_1_179' title='bbox 747 1661 861 1705; x_wconf 85' lang='lat' dir='ltr'><strong>carpi,</strong></span> 
     </span>
     <span class='ocr_line' id='line_1_28' title="bbox 136 1707 865 1752; baseline -0.001 -11"><span class='ocrx_word' id='word_1_180' title='bbox 136 1708 236 1752; x_wconf 83' lang='lat' dir='ltr'><strong>quod</strong></span> <span class='ocrx_word' id='word_1_181' title='bbox 267 1708 402 1741; x_wconf 88' lang='lat' dir='ltr'><strong>humili</strong></span> <span class='ocrx_word' id='word_1_182' title='bbox 433 1709 517 1742; x_wconf 90' lang='lat' dir='ltr'><strong>loco</strong></span> <span class='ocrx_word' id='word_1_183' title='bbox 550 1710 655 1742; x_wconf 88' lang='lat' dir='ltr'><strong>ortus</strong></span> <span class='ocrx_word' id='word_1_184' title='bbox 687 1717 790 1741; x_wconf 87' lang='lat' dir='ltr'><strong>nunc</strong></span> <span class='ocrx_word' id='word_1_185' title='bbox 816 1707 865 1741; x_wconf 87' lang='lat' dir='ltr'><strong>sit</strong></span> 
     </span>
     <span class='ocr_line' id='line_1_29' title="bbox 134 1753 865 1798; baseline -0.001 -9"><span class='ocrx_word' id='word_1_186' title='bbox 134 1753 365 1789; x_wconf 67' lang='lat' dir='ltr'><strong>Maecenatis</strong></span> <span class='ocrx_word' id='word_1_187' title='bbox 389 1755 545 1798; x_wconf 81' lang='lat' dir='ltr'><strong>amicus,</strong></span> <span class='ocrx_word' id='word_1_188' title='bbox 570 1758 681 1789; x_wconf 79' lang='lat' dir='ltr'><strong>antea</strong></span> <span class='ocrx_word' id='word_1_189' title='bbox 704 1755 753 1798; x_wconf 80' lang='lat' dir='ltr'><strong>(a.</strong></span> <span class='ocrx_word' id='word_1_190' title='bbox 777 1766 814 1788; x_wconf 88' lang='lat' dir='ltr'><strong>u.</strong></span> <span class='ocrx_word' id='word_1_191' title='bbox 833 1765 865 1788; x_wconf 90' lang='lat' dir='ltr'><strong>c.</strong></span> 
     </span>
     <span class='ocr_line' id='line_1_30' title="bbox 137 1802 864 1844; baseline -0.001 -8"><span class='ocrx_word' id='word_1_192' title='bbox 137 1803 232 1844; x_wconf 76' lang='lat'><strong>⁷12.)</strong></span> <span class='ocrx_word' id='word_1_193' title='bbox 245 1802 362 1836; x_wconf 85' lang='lat' dir='ltr'><strong>Bruto</strong></span> <span class='ocrx_word' id='word_1_194' title='bbox 379 1802 474 1836; x_wconf 90' lang='lat' dir='ltr'><strong>duce</strong></span> <span class='ocrx_word' id='word_1_195' title='bbox 488 1802 666 1836; x_wconf 85' lang='lat' dir='ltr'><strong>tribunus</strong></span> <span class='ocrx_word' id='word_1_196' title='bbox 678 1802 864 1835; x_wconf 81' lang='lat' dir='ltr'><strong>militaris.</strong></span> 
     </span>
     <span class='ocr_line' id='line_1_31' title="bbox 137 1849 864 1893; baseline 0.001 -11"><span class='ocrx_word' id='word_1_197' title='bbox 137 1868 183 1872; x_wconf 97' lang='lat'><strong>—</strong></span> <span class='ocrx_word' id='word_1_198' title='bbox 199 1851 286 1890; x_wconf 76' lang='lat' dir='ltr'><strong>quia</strong></span> <span class='ocrx_word' id='word_1_199' title='bbox 310 1858 390 1882; x_wconf 79' lang='lat' dir='ltr'><strong>sum</strong></span> <span class='ocrx_word' id='word_1_200' title='bbox 414 1850 492 1892; x_wconf 79' lang='lat' dir='ltr'><strong>tibi]</strong></span> <span class='ocrx_word' id='word_1_201' title='bbox 516 1849 678 1893; x_wconf 85' lang='lat' dir='ltr'><strong>Propter</strong></span> <span class='ocrx_word' id='word_1_202' title='bbox 703 1859 864 1893; x_wconf 87' lang='lat' dir='ltr'><strong>sequens</strong></span> 
     </span>
     <span class='ocr_line' id='line_1_32' title="bbox 137 1897 865 1940; baseline 0 -12"><span class='ocrx_word' id='word_1_203' title='bbox 137 1906 171 1929; x_wconf 81' lang='lat' dir='ltr'><strong>v.</strong></span> <span class='ocrx_word' id='word_1_204' title='bbox 201 1900 352 1937; x_wconf 78' lang='lat' dir='ltr'><strong>pareret</strong></span> <span class='ocrx_word' id='word_1_205' title='bbox 376 1897 485 1930; x_wconf 85' lang='lat' dir='ltr'><strong>multi</strong></span> <span class='ocrx_word' id='word_1_206' title='bbox 520 1897 756 1940; x_wconf 82' lang='lat' dir='ltr'><strong>scripserunt</strong></span> <span class='ocrx_word' id='word_1_207' title='bbox 778 1898 865 1939; x_wconf 68' lang='lat' dir='ltr'><strong>sim,</strong></span> 
     </span>
     <span class='ocr_line' id='line_1_33' title="bbox 138 1942 866 1988; baseline 0.001 -12"><span class='ocrx_word' id='word_1_208' title='bbox 138 1942 204 1976; x_wconf 86' lang='lat' dir='ltr'><strong>sed</strong></span> <span class='ocrx_word' id='word_1_209' title='bbox 217 1943 363 1977; x_wconf 78' lang='lat' dir='ltr'><strong>diversa</strong></span> <span class='ocrx_word' id='word_1_210' title='bbox 375 1944 676 1988; x_wconf 82' lang='lat' dir='ltr'><strong>propositionum</strong></span> <span class='ocrx_word' id='word_1_211' title='bbox 693 1944 790 1977; x_wconf 84' lang='lat' dir='ltr'><strong>ratio</strong></span> <span class='ocrx_word' id='word_1_212' title='bbox 810 1954 866 1977; x_wconf 75' lang='lat' dir='ltr'><strong>sa-</strong></span> 
     </span>
     <span class='ocr_line' id='line_1_34' title="bbox 138 1990 865 2035; baseline -0.001 -11"><span class='ocrx_word' id='word_1_213' title='bbox 138 1990 188 2023; x_wconf 81' lang='lat' dir='ltr'><strong>tis</strong></span> <span class='ocrx_word' id='word_1_214' title='bbox 224 1990 443 2035; x_wconf 86' lang='lat' dir='ltr'><strong>designatur</strong></span> <span class='ocrx_word' id='word_1_215' title='bbox 477 1991 635 2024; x_wconf 87' lang='lat' dir='ltr'><strong>diversis</strong></span> <span class='ocrx_word' id='word_1_216' title='bbox 667 1990 865 2034; x_wconf 76' lang='lat' dir='ltr'><strong>particulis</strong></span> 
     </span>
     <span class='ocr_line' id='line_1_35' title="bbox 138 2037 866 2080; baseline 0.001 -10"><span class='ocrx_word' id='word_1_217' title='bbox 138 2038 228 2077; x_wconf 76' lang='lat' dir='ltr'><strong>quia</strong></span> <span class='ocrx_word' id='word_1_218' title='bbox 244 2055 259 2061; x_wconf 98' lang='lat'>-</span> <span class='ocrx_word' id='word_1_219' title='bbox 276 2055 292 2062; x_wconf 91' lang='lat'>-</span> <span class='ocrx_word' id='word_1_220' title='bbox 309 2039 415 2078; x_wconf 77' lang='lat' dir='ltr'><strong>quod.</strong></span> <span class='ocrx_word' id='word_1_221' title='bbox 441 2057 487 2061; x_wconf 97' lang='lat'><strong>—</strong></span> <span class='ocrx_word' id='word_1_222' title='bbox 513 2038 715 2080; x_wconf 78' lang='lat' dir='ltr'><strong>convictor]</strong></span> <span class='ocrx_word' id='word_1_223' title='bbox 741 2037 866 2071; x_wconf 84' lang='lat' dir='ltr'><strong>Mode-</strong></span> 
     </span>
     <span class='ocr_line' id='line_1_36' title="bbox 140 2084 866 2118; baseline 0.003 -2"><span class='ocrx_word' id='word_1_224' title='bbox 140 2086 238 2117; x_wconf 78' lang='lat' dir='ltr'><strong>stum</strong></span> <span class='ocrx_word' id='word_1_225' title='bbox 253 2084 478 2118; x_wconf 82' lang='lat' dir='ltr'><strong>vocabulum</strong></span> <span class='ocrx_word' id='word_1_226' title='bbox 502 2085 546 2118; x_wconf 85' lang='lat' dir='ltr'><strong>de</strong></span> <span class='ocrx_word' id='word_1_227' title='bbox 565 2085 767 2118; x_wconf 81' lang='lat' dir='ltr'><strong>domestico</strong></span> <span class='ocrx_word' id='word_1_228' title='bbox 793 2095 866 2117; x_wconf 88' lang='lat' dir='ltr'><strong>usu</strong></span> 
     </span>
     <span class='ocr_line' id='line_1_37' title="bbox 140 2130 866 2165; baseline 0 -2"><span class='ocrx_word' id='word_1_229' title='bbox 140 2132 178 2163; x_wconf 87' lang='lat' dir='ltr'><strong>et</strong></span> <span class='ocrx_word' id='word_1_230' title='bbox 211 2131 494 2165; x_wconf 86' lang='lat' dir='ltr'><strong>consuetudine.</strong></span> <span class='ocrx_word' id='word_1_231' title='bbox 544 2130 649 2164; x_wconf 81' lang='lat' dir='ltr'><strong>Ovid.</strong></span> <span class='ocrx_word' id='word_1_232' title='bbox 676 2142 722 2164; x_wconf 83' lang='lat' dir='ltr'><strong>ex</strong></span> <span class='ocrx_word' id='word_1_233' title='bbox 746 2131 866 2164; x_wconf 90' lang='lat' dir='ltr'><strong>Ponto</strong></span> 
     </span>
     <span class='ocr_line' id='line_1_38' title="bbox 140 2178 865 2220; baseline 0.001 -11"><span class='ocrx_word' id='word_1_234' title='bbox 140 2179 174 2218; x_wconf 83' lang='lat'><strong>4,</strong></span> <span class='ocrx_word' id='word_1_235' title='bbox 199 2179 232 2218; x_wconf 89' lang='grc'><strong>3,</strong></span> <span class='ocrx_word' id='word_1_236' title='bbox 260 2179 323 2210; x_wconf 88' lang='lat'><strong>15:</strong></span> <span class='ocrx_word' id='word_1_237' title='bbox 356 2179 426 2211; x_wconf 80' lang='lat' dir='ltr'><strong>Ille</strong></span> <span class='ocrx_word' id='word_1_238' title='bbox 460 2186 524 2219; x_wconf 70' lang='lat' dir='ltr'><strong>eqo</strong></span> <span class='ocrx_word' id='word_1_239' title='bbox 557 2180 739 2211; x_wconf 78' lang='lat' dir='ltr'><strong>convictor</strong></span> <span class='ocrx_word' id='word_1_240' title='bbox 765 2178 865 2220; x_wconf 87' lang='lat' dir='ltr'><strong>(tibi)</strong></span> 
     </span>
     <span class='ocr_line' id='line_1_39' title="bbox 138 2224 866 2267; baseline 0 -10"><span class='ocrx_word' id='word_1_241' title='bbox 138 2224 321 2264; x_wconf 75' lang='lat' dir='ltr'><strong>densoque</strong></span> <span class='ocrx_word' id='word_1_242' title='bbox 344 2226 555 2258; x_wconf 78' lang='lat' dir='ltr'><strong>domesticus</strong></span> <span class='ocrx_word' id='word_1_243' title='bbox 579 2234 660 2258; x_wconf 83' lang='lat' dir='ltr'><strong>usu.</strong></span> <span class='ocrx_word' id='word_1_244' title='bbox 680 2244 722 2247; x_wconf 96' lang='lat'><strong>—</strong></span> <span class='ocrx_word' id='word_1_245' title='bbox 746 2225 866 2267; x_wconf 75' lang='lat' dir='ltr'><strong>forsit]</strong></span> 
     </span>
     <span class='ocr_line' id='line_1_40' title="bbox 139 2270 867 2315; baseline -0.001 -10"><span class='ocrx_word' id='word_1_246' title='bbox 139 2270 247 2305; x_wconf 80' lang='lat' dir='ltr'><strong>Hanc</strong></span> <span class='ocrx_word' id='word_1_247' title='bbox 272 2271 447 2314; x_wconf 83' lang='lat' dir='ltr'><strong>formam,</strong></span> <span class='ocrx_word' id='word_1_248' title='bbox 473 2272 581 2305; x_wconf 87' lang='lat' dir='ltr'><strong>euius</strong></span> <span class='ocrx_word' id='word_1_249' title='bbox 605 2274 755 2315; x_wconf 85' lang='lat' dir='ltr'><strong>praeter</strong></span> <span class='ocrx_word' id='word_1_250' title='bbox 779 2273 816 2304; x_wconf 91' lang='lat' dir='ltr'><strong>h.</strong></span> <span class='ocrx_word' id='word_1_251' title='bbox 842 2272 867 2304; x_wconf 92' lang='lat' dir='ltr'><strong>l.</strong></span> 
     </span>
     <span class='ocr_line' id='line_1_41' title="bbox 141 2318 869 2362; baseline 0.001 -11"><span class='ocrx_word' id='word_1_252' title='bbox 141 2318 289 2351; x_wconf 89' lang='lat' dir='ltr'><strong>nullum</strong></span> <span class='ocrx_word' id='word_1_253' title='bbox 322 2322 465 2352; x_wconf 87' lang='lat' dir='ltr'><strong>certum</strong></span> <span class='ocrx_word' id='word_1_254' title='bbox 499 2319 708 2362; x_wconf 82' lang='lat' dir='ltr'><strong>exemplum</strong></span> <span class='ocrx_word' id='word_1_255' title='bbox 747 2322 869 2352; x_wconf 77' lang='lat' dir='ltr'><strong>exstat-</strong></span> 
     </span>
     <span class='ocr_line' id='line_1_42' title="bbox 141 2364 869 2410; baseline 0 -12"><span class='ocrx_word' id='word_1_256' title='bbox 141 2365 191 2407; x_wconf 66' lang='grc' dir='ltr'><strong>(ν.</strong></span> <span class='ocrx_word' id='word_1_257' title='bbox 207 2364 318 2399; x_wconf 79' lang='lat' dir='ltr'><strong>Hand</strong></span> <span class='ocrx_word' id='word_1_258' title='bbox 330 2365 440 2399; x_wconf 79' lang='lat' dir='ltr'><strong>Tul-s.</strong></span> <span class='ocrx_word' id='word_1_259' title='bbox 457 2365 505 2399; x_wconf 89' lang='grc' dir='ltr'><strong>Π.</strong></span> <span class='ocrx_word' id='word_1_260' title='bbox 518 2377 554 2410; x_wconf 95' lang='lat' dir='ltr'><strong>p.</strong></span> <span class='ocrx_word' id='word_1_261' title='bbox 573 2366 681 2407; x_wconf 80' lang='lat'><strong>713.),</strong></span> <span class='ocrx_word' id='word_1_262' title='bbox 699 2365 869 2410; x_wconf 83' lang='lat' dir='ltr'><strong>agnoscit</strong></span> 
     </span>
     <span class='ocr_line' id='line_1_43' title="bbox 141 2411 867 2456; baseline 0.001 -12"><span class='ocrx_word' id='word_1_263' title='bbox 141 2411 218 2453; x_wconf 43' lang='lat' dir='ltr'><strong>iam,</strong></span> <span class='ocrx_word' id='word_1_264' title='bbox 241 2412 458 2446; x_wconf 78' lang='lat' dir='ltr'><strong>Priscianus</strong></span> <span class='ocrx_word' id='word_1_265' title='bbox 491 2424 525 2456; x_wconf 93' lang='lat' dir='ltr'><strong>p.</strong></span> <span class='ocrx_word' id='word_1_266' title='bbox 554 2414 656 2446; x_wconf 86' lang='lat'><strong>1015.</strong></span> <span class='ocrx_word' id='word_1_267' title='bbox 682 2413 722 2445; x_wconf 91' lang='lat' dir='ltr'><strong>P.</strong></span> <span class='ocrx_word' id='word_1_268' title='bbox 750 2431 794 2436; x_wconf 80' lang='lat'><strong>-—</strong></span> <span class='ocrx_word' id='word_1_269' title='bbox 819 2415 867 2445; x_wconf 82' lang='lat' dir='ltr'><strong>te-</strong></span> 
     </span>
     <span class='ocr_line' id='line_1_44' title="bbox 141 2459 867 2502; baseline 0.003 -12"><span class='ocrx_word' id='word_1_270' title='bbox 141 2459 312 2502; x_wconf 80' lang='lat' dir='ltr'><strong>amicum]</strong></span> <span class='ocrx_word' id='word_1_271' title='bbox 332 2459 556 2501; x_wconf 80' lang='lat' dir='ltr'><strong>„amicitiam</strong></span> <span class='ocrx_word' id='word_1_272' title='bbox 573 2460 707 2493; x_wconf 74' lang='lat' dir='ltr'><strong>tuam.“</strong></span> <span class='ocrx_word' id='word_1_273' title='bbox 729 2478 771 2482; x_wconf 91' lang='lat'>—</span> <span class='ocrx_word' id='word_1_274' title='bbox 791 2468 867 2492; x_wconf 88' lang='lat' dir='ltr'><strong>am-</strong></span> 
     </span>
     <span class='ocr_line' id='line_1_45' title="bbox 142 2502 868 2548; baseline 0.001 -10"><span class='ocrx_word' id='word_1_275' title='bbox 142 2506 275 2539; x_wconf 74' lang='lat' dir='ltr'><strong>bitione</strong></span> <span class='ocrx_word' id='word_1_276' title='bbox 318 2506 469 2548; x_wconf 79' lang='lat' dir='ltr'><strong>procul]</strong></span> <span class='ocrx_word' id='word_1_277' title='bbox 517 2502 642 2548; x_wconf 80' lang='grc' dir='ltr'><strong>ὄντας.</strong></span> <span class='ocrx_word' id='word_1_278' title='bbox 692 2506 868 2548; x_wconf 78' lang='lat' dir='ltr'><strong>(Ambitio</strong></span> 
     </span>
     <span class='ocr_line' id='line_1_46' title="bbox 142 2552 868 2596; baseline 0.001 -11"><span class='ocrx_word' id='word_1_279' title='bbox 142 2552 180 2586; x_wconf 81' lang='lat' dir='ltr'><strong>h.</strong></span> <span class='ocrx_word' id='word_1_280' title='bbox 205 2553 229 2585; x_wconf 90' lang='lat' dir='ltr'><strong>l.</strong></span> <span class='ocrx_word' id='word_1_281' title='bbox 256 2553 363 2587; x_wconf 86' lang='lat' dir='ltr'><strong>nobis</strong></span> <span class='ocrx_word' id='word_1_282' title='bbox 389 2554 634 2596; x_wconf 76' lang='lat' dir='ltr'><strong>Gunstsucht.)</strong></span> <span class='ocrx_word' id='word_1_283' title='bbox 653 2573 692 2577; x_wconf 85' lang='lat'><strong>-—</strong></span> <span class='ocrx_word' id='word_1_284' title='bbox 714 2562 788 2586; x_wconf 78' lang='lat' dir='ltr'><strong>non</strong></span> <span class='ocrx_word' id='word_1_285' title='bbox 803 2555 868 2586; x_wconf 79' lang='lat' dir='ltr'><strong>hoc</strong></span> 
     </span>
     <span class='ocr_line' id='line_1_47' title="bbox 143 2599 867 2644; baseline 0.001 -12"><span class='ocrx_word' id='word_1_286' title='bbox 143 2599 229 2642; x_wconf 87' lang='lat' dir='ltr'><strong>cet.]</strong></span> <span class='ocrx_word' id='word_1_287' title='bbox 255 2610 353 2642; x_wconf 85' lang='lat' dir='ltr'><strong>„non</strong></span> <span class='ocrx_word' id='word_1_288' title='bbox 371 2603 524 2644; x_wconf 87' lang='lat' dir='ltr'><strong>propter</strong></span> <span class='ocrx_word' id='word_1_289' title='bbox 541 2601 624 2642; x_wconf 84' lang='lat' dir='ltr'><strong>hoc,</strong></span> <span class='ocrx_word' id='word_1_290' title='bbox 651 2600 753 2644; x_wconf 87' lang='lat' dir='ltr'><strong>quod</strong></span> <span class='ocrx_word' id='word_1_291' title='bbox 778 2611 867 2634; x_wconf 88' lang='lat' dir='ltr'><strong>casu</strong></span> 
     </span>
     <span class='ocr_line' id='line_1_48' title="bbox 143 2646 871 2691; baseline 0.001 -12"><span class='ocrx_word' id='word_1_292' title='bbox 143 2648 232 2687; x_wconf 86' lang='lat' dir='ltr'><strong>cet.;</strong></span> <span class='ocrx_word' id='word_1_293' title='bbox 269 2646 307 2680; x_wconf 89' lang='lat' dir='ltr'><strong>id</strong></span> <span class='ocrx_word' id='word_1_294' title='bbox 340 2647 441 2691; x_wconf 88' lang='lat' dir='ltr'><strong>quod</strong></span> <span class='ocrx_word' id='word_1_295' title='bbox 474 2647 539 2680; x_wconf 88' lang='lat' dir='ltr'><strong>alii</strong></span> <span class='ocrx_word' id='word_1_296' title='bbox 575 2647 734 2680; x_wconf 77' lang='lat' dir='ltr'><strong>forsitan</strong></span> <span class='ocrx_word' id='word_1_297' title='bbox 768 2647 871 2681; x_wconf 89' lang='lat' dir='ltr'><strong>suffi-</strong></span> 
     </span>
     <span class='ocr_line' id='line_1_49' title="bbox 142 2693 870 2738; baseline 0.003 -13"><span class='ocrx_word' id='word_1_298' title='bbox 142 2695 263 2735; x_wconf 83' lang='lat' dir='ltr'><strong>ceret3</strong></span> <span class='ocrx_word' id='word_1_299' title='bbox 295 2694 361 2727; x_wconf 89' lang='lat' dir='ltr'><strong>sed</strong></span> <span class='ocrx_word' id='word_1_300' title='bbox 386 2705 475 2738; x_wconf 87' lang='lat' dir='ltr'><strong>ego,</strong></span> <span class='ocrx_word' id='word_1_301' title='bbox 500 2693 600 2738; x_wconf 86' lang='lat' dir='ltr'><strong>quod</strong></span> <span class='ocrx_word' id='word_1_302' title='bbox 626 2694 737 2738; x_wconf 86' lang='lat' dir='ltr'><strong>longe</strong></span> <span class='ocrx_word' id='word_1_303' title='bbox 760 2705 870 2738; x_wconf 82' lang='lat' dir='ltr'><strong>prae-</strong></span> 
     </span>
    </p>
   </div>
   <div class='ocr_carea' id='block_1_9' title="bbox 911 1468 1650 2728">
    <p class='ocr_par' dir='ltr' id='par_1_13' title="bbox 911 1468 1650 2728">
     <span class='ocr_line' id='line_1_50' title="bbox 914 1468 1645 1511; baseline -0.004 -5"><span class='ocrx_word' id='word_1_304' title='bbox 914 1474 1007 1511; x_wconf 78' lang='lat' dir='ltr'><strong>stat,</strong></span> <span class='ocrx_word' id='word_1_305' title='bbox 1032 1471 1313 1505; x_wconf 82' lang='lat' dir='ltr'><strong>commendatus</strong></span> <span class='ocrx_word' id='word_1_306' title='bbox 1337 1481 1423 1504; x_wconf 90' lang='lat' dir='ltr'><strong>cum</strong></span> <span class='ocrx_word' id='word_1_307' title='bbox 1448 1480 1572 1504; x_wconf 87' lang='lat' dir='ltr'><strong>essem</strong></span> <span class='ocrx_word' id='word_1_308' title='bbox 1597 1468 1645 1503; x_wconf 75' lang='lat' dir='ltr'><strong>ab</strong></span> 
     </span>
     <span class='ocr_line' id='line_1_51' title="bbox 912 1516 1645 1561; baseline -0.005 -8"><span class='ocrx_word' id='word_1_309' title='bbox 912 1517 1064 1561; x_wconf 76' lang='lat' dir='ltr'><strong>amicis,</strong></span> <span class='ocrx_word' id='word_1_310' title='bbox 1097 1521 1199 1552; x_wconf 83' lang='lat' dir='ltr'><strong>certo</strong></span> <span class='ocrx_word' id='word_1_311' title='bbox 1232 1517 1392 1551; x_wconf 90' lang='lat' dir='ltr'><strong>consilio</strong></span> <span class='ocrx_word' id='word_1_312' title='bbox 1424 1527 1469 1551; x_wconf 88' lang='lat' dir='ltr'><strong>ac</strong></span> <span class='ocrx_word' id='word_1_313' title='bbox 1501 1516 1645 1550; x_wconf 88' lang='lat' dir='ltr'><strong>iudicio</strong></span> 
     </span>
     <span class='ocr_line' id='line_1_52' title="bbox 912 1564 1645 1609; baseline -0.003 -10"><span class='ocrx_word' id='word_1_314' title='bbox 912 1569 978 1599; x_wconf 83' lang='lat' dir='ltr'><strong>tuo</strong></span> <span class='ocrx_word' id='word_1_315' title='bbox 1010 1566 1050 1599; x_wconf 88' lang='lat' dir='ltr'><strong>in</strong></span> <span class='ocrx_word' id='word_1_316' title='bbox 1085 1568 1188 1599; x_wconf 81' lang='lat' dir='ltr'><strong>tuam</strong></span> <span class='ocrx_word' id='word_1_317' title='bbox 1221 1564 1378 1609; x_wconf 83' lang='lat' dir='ltr'><strong>perveni</strong></span> <span class='ocrx_word' id='word_1_318' title='bbox 1411 1564 1645 1598; x_wconf 80' lang='lat' dir='ltr'><strong>familiarita-</strong></span> 
     </span>
     <span class='ocr_line' id='line_1_53' title="bbox 913 1610 1646 1655; baseline -0.003 -9"><span class='ocrx_word' id='word_1_319' title='bbox 913 1612 1021 1646; x_wconf 88' lang='lat' dir='ltr'><strong>tem.“</strong></span> <span class='ocrx_word' id='word_1_320' title='bbox 1056 1632 1099 1636; x_wconf 93' lang='lat'><em>-</em></span> <span class='ocrx_word' id='word_1_321' title='bbox 1131 1612 1286 1655; x_wconf 76' lang='lat' dir='ltr'><strong>possim]</strong></span> <span class='ocrx_word' id='word_1_322' title='bbox 1321 1611 1486 1646; x_wconf 82' lang='lat' dir='ltr'><strong>Facilius</strong></span> <span class='ocrx_word' id='word_1_323' title='bbox 1519 1610 1646 1645; x_wconf 87' lang='lat' dir='ltr'><strong>mode-</strong></span> 
     </span>
     <span class='ocr_line' id='line_1_54' title="bbox 913 1659 1646 1694; baseline -0.003 -1"><span class='ocrx_word' id='word_1_324' title='bbox 913 1660 1006 1693; x_wconf 89' lang='lat' dir='ltr'><strong>stior</strong></span> <span class='ocrx_word' id='word_1_325' title='bbox 1046 1660 1109 1693; x_wconf 90' lang='lat' dir='ltr'><strong>hic</strong></span> <span class='ocrx_word' id='word_1_326' title='bbox 1150 1659 1282 1694; x_wconf 87' lang='lat' dir='ltr'><strong>modus</strong></span> <span class='ocrx_word' id='word_1_327' title='bbox 1319 1659 1359 1692; x_wconf 89' lang='lat' dir='ltr'><strong>in</strong></span> <span class='ocrx_word' id='word_1_328' title='bbox 1401 1659 1646 1692; x_wconf 81' lang='lat' dir='ltr'><strong>indicativum</strong></span> 
     </span>
     <span class='ocr_line' id='line_1_55' title="bbox 912 1707 1647 1751; baseline -0.001 -11"><span class='ocrx_word' id='word_1_329' title='bbox 912 1707 1049 1740; x_wconf 82' lang='lat' dir='ltr'><strong>mutari</strong></span> <span class='ocrx_word' id='word_1_330' title='bbox 1074 1707 1199 1751; x_wconf 80' lang='lat' dir='ltr'><strong>potuit</strong></span> <span class='ocrx_word' id='word_1_331' title='bbox 1224 1717 1337 1751; x_wconf 80' lang='lat' dir='ltr'><strong>quam</strong></span> <span class='ocrx_word' id='word_1_332' title='bbox 1362 1708 1504 1740; x_wconf 82' lang='lat' dir='ltr'><strong>contra.</strong></span> <span class='ocrx_word' id='word_1_333' title='bbox 1557 1707 1647 1747; x_wconf 79' lang='lat' dir='ltr'><strong>„Fe-</strong></span> 
     </span>
     <span class='ocr_line' id='line_1_56' title="bbox 916 1755 1643 1794; baseline -0.001 -7"><span class='ocrx_word' id='word_1_334' title='bbox 916 1755 1019 1787; x_wconf 80' lang='lat' dir='ltr'><strong>licem</strong></span> <span class='ocrx_word' id='word_1_335' title='bbox 1043 1755 1162 1787; x_wconf 80' lang='lat' dir='ltr'><strong>dicere</strong></span> <span class='ocrx_word' id='word_1_336' title='bbox 1193 1762 1268 1787; x_wconf 76' lang='lat' dir='ltr'><strong>non</strong></span> <span class='ocrx_word' id='word_1_337' title='bbox 1292 1755 1336 1787; x_wconf 85' lang='lat' dir='ltr'><strong>ob</strong></span> <span class='ocrx_word' id='word_1_338' title='bbox 1368 1755 1433 1786; x_wconf 77' lang='lat' dir='ltr'><strong>hoc</strong></span> <span class='ocrx_word' id='word_1_339' title='bbox 1456 1762 1514 1786; x_wconf 78' lang='lat' dir='ltr'><strong>me</strong></span> <span class='ocrx_word' id='word_1_340' title='bbox 1535 1762 1643 1794; x_wconf 86' lang='lat' dir='ltr'><strong>pos-</strong></span> 
     </span>
     <span class='ocr_line' id='line_1_57' title="bbox 912 1800 1647 1846; baseline -0.001 -12"><span class='ocrx_word' id='word_1_341' title='bbox 912 1810 1010 1834; x_wconf 78' lang='lat' dir='ltr'><strong>sum</strong></span> <span class='ocrx_word' id='word_1_342' title='bbox 1046 1812 1134 1846; x_wconf 85' lang='lat' dir='ltr'><strong>ego,</strong></span> <span class='ocrx_word' id='word_1_343' title='bbox 1172 1801 1263 1845; x_wconf 84' lang='lat' dir='ltr'><strong>quia</strong></span> <span class='ocrx_word' id='word_1_344' title='bbox 1298 1811 1375 1835; x_wconf 84' lang='lat' dir='ltr'><strong>non</strong></span> <span class='ocrx_word' id='word_1_345' title='bbox 1413 1803 1471 1834; x_wconf 83' lang='lat' dir='ltr'><strong>est</strong></span> <span class='ocrx_word' id='word_1_346' title='bbox 1506 1800 1647 1834; x_wconf 79' lang='lat' dir='ltr'><strong>factum</strong></span> 
     </span>
     <span class='ocr_line' id='line_1_58' title="bbox 914 1847 1647 1893; baseline -0.001 -12"><span class='ocrx_word' id='word_1_347' title='bbox 914 1859 1023 1892; x_wconf 78' lang='lat' dir='ltr'><strong>casu3</strong></span> <span class='ocrx_word' id='word_1_348' title='bbox 1057 1857 1131 1881; x_wconf 72' lang='lat' dir='ltr'><strong>non</strong></span> <span class='ocrx_word' id='word_1_349' title='bbox 1152 1850 1327 1889; x_wconf 74' lang='lat' dir='ltr'><strong>possim</strong></span> <span class='ocrx_word' id='word_1_350' title='bbox 1350 1848 1434 1881; x_wconf 86' lang='lat' dir='ltr'><strong>iure</strong></span> <span class='ocrx_word' id='word_1_351' title='bbox 1460 1858 1549 1893; x_wconf 86' lang='lat' dir='ltr'><strong>ego,</strong></span> <span class='ocrx_word' id='word_1_352' title='bbox 1575 1847 1647 1881; x_wconf 87' lang='lat' dir='ltr'><strong>etsi</strong></span> 
     </span>
     <span class='ocr_line' id='line_1_59' title="bbox 914 1895 1648 1938; baseline -0.001 -10"><span class='ocrx_word' id='word_1_353' title='bbox 914 1896 1045 1938; x_wconf 82' lang='lat' dir='ltr'><strong>velim3</strong></span> <span class='ocrx_word' id='word_1_354' title='bbox 1078 1904 1169 1928; x_wconf 74' lang='lat' dir='ltr'><strong>non</strong></span> <span class='ocrx_word' id='word_1_355' title='bbox 1189 1897 1375 1937; x_wconf 78' lang='lat' dir='ltr'><strong>possint</strong></span> <span class='ocrx_word' id='word_1_356' title='bbox 1400 1895 1541 1937; x_wconf 77' lang='lat' dir='ltr'><strong>invidj3</strong></span> <span class='ocrx_word' id='word_1_357' title='bbox 1573 1903 1648 1927; x_wconf 77' lang='lat' dir='ltr'><strong>non</strong></span> 
     </span>
     <span class='ocr_line' id='line_1_60' title="bbox 911 1941 1646 1987; baseline -0.001 -12"><span class='ocrx_word' id='word_1_358' title='bbox 911 1945 1057 1984; x_wconf 78' lang='lat' dir='ltr'><strong>possit</strong></span> <span class='ocrx_word' id='word_1_359' title='bbox 1084 1942 1304 1987; x_wconf 84' lang='lat' dir='ltr'><strong>(Cuningh.)</strong></span> <span class='ocrx_word' id='word_1_360' title='bbox 1331 1942 1489 1986; x_wconf 82' lang='lat' dir='ltr'><strong>quivis.“</strong></span> <span class='ocrx_word' id='word_1_361' title='bbox 1530 1941 1646 1975; x_wconf 67' lang='lat' dir='ltr'><strong>Gsssn.</strong></span> 
     </span>
     <span class='ocr_line' id='line_1_61' title="bbox 913 1988 1649 2033; baseline 0 -11"><span class='ocrx_word' id='word_1_362' title='bbox 913 2008 961 2013; x_wconf 80' lang='lat'><strong>-—</strong></span> <span class='ocrx_word' id='word_1_363' title='bbox 986 1991 1049 2023; x_wconf 78' lang='lat' dir='ltr'><strong>tibi</strong></span> <span class='ocrx_word' id='word_1_364' title='bbox 1072 1998 1129 2022; x_wconf 85' lang='lat' dir='ltr'><strong>me</strong></span> <span class='ocrx_word' id='word_1_365' title='bbox 1154 1990 1349 2023; x_wconf 86' lang='lat' dir='ltr'><strong>Bentleius</strong></span> <span class='ocrx_word' id='word_1_366' title='bbox 1383 1989 1492 2033; x_wconf 81' lang='lat' dir='ltr'><strong>quasi</strong></span> <span class='ocrx_word' id='word_1_367' title='bbox 1522 1988 1649 2022; x_wconf 85' lang='lat' dir='ltr'><strong>mode-</strong></span> 
     </span>
     <span class='ocr_line' id='line_1_62' title="bbox 915 2037 1649 2080; baseline -0.001 -10"><span class='ocrx_word' id='word_1_368' title='bbox 915 2037 1010 2070; x_wconf 85' lang='lat' dir='ltr'><strong>stius</strong></span> <span class='ocrx_word' id='word_1_369' title='bbox 1050 2037 1251 2080; x_wconf 82' lang='lat' dir='ltr'><strong>praetulit3</strong></span> <span class='ocrx_word' id='word_1_370' title='bbox 1295 2037 1383 2079; x_wconf 76' lang='lat' dir='ltr'><strong>⁷,sed</strong></span> <span class='ocrx_word' id='word_1_371' title='bbox 1425 2046 1546 2080; x_wconf 89' lang='lat' dir='ltr'><strong>aeque</strong></span> <span class='ocrx_word' id='word_1_372' title='bbox 1588 2046 1649 2069; x_wconf 85' lang='lat' dir='ltr'><strong>ca-</strong></span> 
     </span>
     <span class='ocr_line' id='line_1_63' title="bbox 915 2083 1648 2128; baseline -0.001 -12"><span class='ocrx_word' id='word_1_373' title='bbox 915 2084 1080 2117; x_wconf 91' lang='lat' dir='ltr'><strong>lumniae</strong></span> <span class='ocrx_word' id='word_1_374' title='bbox 1100 2086 1409 2127; x_wconf 84' lang='lat' dir='ltr'><strong>opportunum-et</strong></span> <span class='ocrx_word' id='word_1_375' title='bbox 1433 2083 1551 2128; x_wconf 80' lang='lat' dir='ltr'><strong>magis</strong></span> <span class='ocrx_word' id='word_1_376' title='bbox 1569 2083 1648 2116; x_wconf 85' lang='lat' dir='ltr'><strong>for-</strong></span> 
     </span>
     <span class='ocr_line' id='line_1_64' title="bbox 915 2131 1647 2174; baseline 0.001 -11"><span class='ocrx_word' id='word_1_377' title='bbox 915 2133 1014 2165; x_wconf 86' lang='lat' dir='ltr'><strong>tasse</strong></span> <span class='ocrx_word' id='word_1_378' title='bbox 1040 2134 1098 2164; x_wconf 87' lang='lat' dir='ltr'><strong>est</strong></span> <span class='ocrx_word' id='word_1_379' title='bbox 1122 2132 1187 2163; x_wconf 84' lang='lat' dir='ltr'><strong>tibi</strong></span> <span class='ocrx_word' id='word_1_380' title='bbox 1211 2140 1285 2172; x_wconf 79' lang='lat' dir='ltr'><strong>me,</strong></span> <span class='ocrx_word' id='word_1_381' title='bbox 1321 2131 1429 2174; x_wconf 82' lang='lat' dir='ltr'><strong>quasi</strong></span> <span class='ocrx_word' id='word_1_382' title='bbox 1455 2141 1543 2164; x_wconf 81' lang='lat' dir='ltr'><strong>vero</strong></span> <span class='ocrx_word' id='word_1_383' title='bbox 1569 2141 1647 2164; x_wconf 83' lang='lat' dir='ltr'><strong>ma-</strong></span> 
     </span>
     <span class='ocr_line' id='line_1_65' title="bbox 915 2177 1648 2222; baseline 0 -12"><span class='ocrx_word' id='word_1_384' title='bbox 915 2188 1031 2222; x_wconf 88' lang='lat' dir='ltr'><strong>gnum</strong></span> <span class='ocrx_word' id='word_1_385' title='bbox 1063 2188 1201 2210; x_wconf 84' lang='lat' dir='ltr'><strong>munus</strong></span> <span class='ocrx_word' id='word_1_386' title='bbox 1236 2178 1410 2211; x_wconf 79' lang='lat' dir='ltr'><strong>fortunae</strong></span> <span class='ocrx_word' id='word_1_387' title='bbox 1436 2180 1536 2210; x_wconf 82' lang='lat' dir='ltr'><strong>esset</strong></span> <span class='ocrx_word' id='word_1_388' title='bbox 1560 2177 1648 2210; x_wconf 89' lang='lat' dir='ltr'><strong>obe-</strong></span> 
     </span>
     <span class='ocr_line' id='line_1_66' title="bbox 917 2223 1647 2268; baseline 0 -10"><span class='ocrx_word' id='word_1_389' title='bbox 917 2225 1023 2258; x_wconf 86' lang='lat' dir='ltr'><strong>sulus</strong></span> <span class='ocrx_word' id='word_1_390' title='bbox 1048 2226 1160 2268; x_wconf 68' lang='lat' dir='ltr'><strong>poeta</strong></span> <span class='ocrx_word' id='word_1_391' title='bbox 1177 2225 1325 2258; x_wconf 82' lang='lat' dir='ltr'><strong>oblatus</strong></span> <span class='ocrx_word' id='word_1_392' title='bbox 1344 2224 1529 2258; x_wconf 80' lang='lat' dir='ltr'><strong>divinitus</strong></span> <span class='ocrx_word' id='word_1_393' title='bbox 1546 2223 1647 2258; x_wconf 82' lang='lat' dir='ltr'><strong>Mae-</strong></span> 
     </span>
     <span class='ocr_line' id='line_1_67' title="bbox 917 2270 1648 2314; baseline 0 -10"><span class='ocrx_word' id='word_1_394' title='bbox 917 2272 1076 2305; x_wconf 80' lang='lat' dir='ltr'><strong>cenati.“</strong></span> <span class='ocrx_word' id='word_1_395' title='bbox 1140 2270 1257 2304; x_wconf 64' lang='lat' dir='ltr'><strong>Gnsn.</strong></span> <span class='ocrx_word' id='word_1_396' title='bbox 1298 2291 1344 2295; x_wconf 88' lang='lat'>—</span> <span class='ocrx_word' id='word_1_397' title='bbox 1385 2273 1473 2312; x_wconf 81' lang='lat' dir='ltr'><strong>quid</strong></span> <span class='ocrx_word' id='word_1_398' title='bbox 1514 2271 1648 2314; x_wconf 79' lang='lat' dir='ltr'><strong>essem]</strong></span> 
     </span>
     <span class='ocr_line' id='line_1_68' title="bbox 918 2317 1648 2360; baseline 0 -9"><span class='ocrx_word' id='word_1_399' title='bbox 918 2327 1013 2360; x_wconf 81' lang='lat' dir='ltr'><strong>„was</strong></span> <span class='ocrx_word' id='word_1_400' title='bbox 1046 2327 1097 2351; x_wconf 78' lang='lat' dir='ltr'><strong>an</strong></span> <span class='ocrx_word' id='word_1_401' title='bbox 1129 2320 1201 2350; x_wconf 86' lang='lat' dir='ltr'><strong>mir</strong></span> <span class='ocrx_word' id='word_1_402' title='bbox 1231 2319 1364 2351; x_wconf 54' lang='lat' dir='ltr'><strong>warefl</strong></span> <span class='ocrx_word' id='word_1_403' title='bbox 1416 2317 1525 2351; x_wconf 86' lang='lat' dir='ltr'><strong>Ovid.</strong></span> <span class='ocrx_word' id='word_1_404' title='bbox 1557 2318 1648 2351; x_wconf 89' lang='lat' dir='ltr'><strong>Her.</strong></span> 
     </span>
     <span class='ocr_line' id='line_1_69' title="bbox 919 2366 1648 2407; baseline -0.001 -9"><span class='ocrx_word' id='word_1_405' title='bbox 919 2368 972 2407; x_wconf 81' lang='lat'><strong>12,</strong></span> <span class='ocrx_word' id='word_1_406' title='bbox 1001 2367 1064 2398; x_wconf 86' lang='lat'><strong>31:</strong></span> <span class='ocrx_word' id='word_1_407' title='bbox 1091 2368 1175 2398; x_wconf 80' lang='lat' dir='ltr'><strong>tunc</strong></span> <span class='ocrx_word' id='word_1_408' title='bbox 1199 2367 1300 2407; x_wconf 81' lang='lat' dir='ltr'><strong>coepi</strong></span> <span class='ocrx_word' id='word_1_409' title='bbox 1316 2367 1407 2398; x_wconf 80' lang='lat' dir='ltr'><strong>scire</strong></span> <span class='ocrx_word' id='word_1_410' title='bbox 1433 2366 1520 2406; x_wconf 79' lang='lat' dir='ltr'><strong>quid</strong></span> <span class='ocrx_word' id='word_1_411' title='bbox 1546 2374 1648 2398; x_wconf 80' lang='lat' dir='ltr'><strong>esses.</strong></span> 
     </span>
     <span class='ocr_line' id='line_1_70' title="bbox 918 2412 1650 2455; baseline 0.003 -11"><span class='ocrx_word' id='word_1_412' title='bbox 918 2431 961 2435; x_wconf 88' lang='lat'><strong>—-</strong></span> <span class='ocrx_word' id='word_1_413' title='bbox 978 2412 1123 2455; x_wconf 86' lang='lat' dir='ltr'><strong>coram]</strong></span> <span class='ocrx_word' id='word_1_414' title='bbox 1149 2415 1236 2448; x_wconf 88' lang='lat' dir='ltr'><strong>ante</strong></span> <span class='ocrx_word' id='word_1_415' title='bbox 1261 2413 1391 2446; x_wconf 89' lang='lat' dir='ltr'><strong>oculos</strong></span> <span class='ocrx_word' id='word_1_416' title='bbox 1418 2413 1575 2455; x_wconf 83' lang='lat' dir='ltr'><strong>(tuos).“</strong></span> <span class='ocrx_word' id='word_1_417' title='bbox 1603 2429 1650 2435; x_wconf 81' lang='lat'>—</span> 
     </span>
     <span class='ocr_line' id='line_1_71' title="bbox 915 2459 1650 2502; baseline 0 -11"><span class='ocrx_word' id='word_1_418' title='bbox 915 2459 1124 2502; x_wconf 62' lang='lat' dir='ltr'><strong>singultim]</strong></span> <span class='ocrx_word' id='word_1_419' title='bbox 1170 2459 1242 2499; x_wconf 83' lang='lat' dir='ltr'><strong>„Ut</strong></span> <span class='ocrx_word' id='word_1_420' title='bbox 1266 2459 1363 2493; x_wconf 81' lang='lat' dir='ltr'><strong>alias</strong></span> <span class='ocrx_word' id='word_1_421' title='bbox 1387 2459 1546 2493; x_wconf 85' lang='lat' dir='ltr'><strong>facimus</strong></span> <span class='ocrx_word' id='word_1_422' title='bbox 1573 2459 1650 2492; x_wconf 85' lang='lat' dir='ltr'><strong>sin-</strong></span> 
     </span>
     <span class='ocr_line' id='line_1_72' title="bbox 916 2506 1648 2551; baseline -0.003 -12"><span class='ocrx_word' id='word_1_423' title='bbox 916 2507 1024 2551; x_wconf 85' lang='lat' dir='ltr'><strong>gultu</strong></span> <span class='ocrx_word' id='word_1_424' title='bbox 1050 2506 1240 2551; x_wconf 81' lang='lat' dir='ltr'><strong>impediti.</strong></span> <span class='ocrx_word' id='word_1_425' title='bbox 1274 2507 1423 2540; x_wconf 85' lang='lat' dir='ltr'><strong>locutus</strong></span> <span class='ocrx_word' id='word_1_426' title='bbox 1448 2509 1539 2539; x_wconf 87' lang='lat' dir='ltr'><strong>tunc</strong></span> <span class='ocrx_word' id='word_1_427' title='bbox 1566 2516 1648 2539; x_wconf 78' lang='lat' dir='ltr'><strong>siun</strong></span> 
     </span>
     <span class='ocr_line' id='line_1_73' title="bbox 917 2553 1649 2597; baseline -0.003 -10"><span class='ocrx_word' id='word_1_428' title='bbox 917 2563 1091 2587; x_wconf 90' lang='lat' dir='ltr'><strong>sermone</strong></span> <span class='ocrx_word' id='word_1_429' title='bbox 1115 2554 1330 2597; x_wconf 85' lang='lat' dir='ltr'><strong>interrupto</strong></span> <span class='ocrx_word' id='word_1_430' title='bbox 1350 2556 1387 2587; x_wconf 88' lang='lat' dir='ltr'><strong>et</strong></span> <span class='ocrx_word' id='word_1_431' title='bbox 1412 2553 1531 2586; x_wconf 81' lang='lat' dir='ltr'><strong>veluti</strong></span> <span class='ocrx_word' id='word_1_432' title='bbox 1558 2562 1649 2585; x_wconf 84' lang='lat' dir='ltr'><strong>voce</strong></span> 
     </span>
     <span class='ocr_line' id='line_1_74' title="bbox 916 2599 1650 2645; baseline -0.003 -12"><span class='ocrx_word' id='word_1_433' title='bbox 916 2599 1123 2634; x_wconf 84' lang='lat' dir='ltr'><strong>identidem</strong></span> <span class='ocrx_word' id='word_1_434' title='bbox 1148 2611 1334 2645; x_wconf 82' lang='lat' dir='ltr'><strong>repressa,</strong></span> <span class='ocrx_word' id='word_1_435' title='bbox 1361 2599 1462 2644; x_wconf 88' lang='lat' dir='ltr'><strong>quod</strong></span> <span class='ocrx_word' id='word_1_436' title='bbox 1489 2610 1561 2632; x_wconf 86' lang='lat' dir='ltr'><strong>usu</strong></span> <span class='ocrx_word' id='word_1_437' title='bbox 1587 2609 1650 2632; x_wconf 77' lang='lat' dir='ltr'><strong>ve-</strong></span> 
     </span>
     <span class='ocr_line' id='line_1_75' title="bbox 919 2645 1649 2682; baseline -0.003 -2"><span class='ocrx_word' id='word_1_438' title='bbox 919 2647 1001 2681; x_wconf 87' lang='lat' dir='ltr'><strong>nire</strong></span> <span class='ocrx_word' id='word_1_439' title='bbox 1036 2648 1133 2682; x_wconf 85' lang='lat' dir='ltr'><strong>solet</strong></span> <span class='ocrx_word' id='word_1_440' title='bbox 1167 2647 1395 2681; x_wconf 84' lang='lat' dir='ltr'><strong>verecundis</strong></span> <span class='ocrx_word' id='word_1_441' title='bbox 1434 2649 1470 2679; x_wconf 90' lang='lat' dir='ltr'><strong>et</strong></span> <span class='ocrx_word' id='word_1_442' title='bbox 1506 2645 1649 2679; x_wconf 91' lang='lat' dir='ltr'><strong>timidis</strong></span> 
     </span>
     <span class='ocr_line' id='line_1_76' title="bbox 919 2692 1647 2728; baseline -0.003 -1"><span class='ocrx_word' id='word_1_443' title='bbox 919 2695 1089 2728; x_wconf 73' lang='lat' dir='ltr'><strong>natura-‘¹’</strong></span> <span class='ocrx_word' id='word_1_444' title='bbox 1144 2694 1239 2728; x_wconf 85' lang='lat' dir='ltr'><strong>Mire</strong></span> <span class='ocrx_word' id='word_1_445' title='bbox 1281 2693 1377 2727; x_wconf 86' lang='lat' dir='ltr'><strong>Voss</strong></span> <span class='ocrx_word' id='word_1_446' title='bbox 1420 2696 1457 2726; x_wconf 87' lang='lat' dir='ltr'><strong>et</strong></span> <span class='ocrx_word' id='word_1_447' title='bbox 1496 2692 1647 2726; x_wconf 88' lang='lat' dir='ltr'><strong>Freund</strong></span> 
     </span>
    </p>
   </div>
  </div>
 </body>
</html>
