1774 2930
149 131 236 173 264

620 132 828 167 HORATII
849 132 1198 169 EPISTOLABUM

267 231 374 274 Esto
407 233 502 275 aliis
535 232 642 275 alios
673 233 802 275 rebus
835 233 1075 290 studiisque
1105 236 1275 278 teneri:

267 302 385 346 Idem
418 303 569 346 eadem
599 308 780 359 possunt
809 303 959 346 horam
990 304 1142 348 durare
1173 307 1436 363 probantes?
1474 326 1479 328 ·

266 374 420 416 Nullus
452 375 498 416 in
529 374 632 417 orbe
664 375 784 417 sinus
815 375 936 418 Baiis
968 377 1188 433 praelucet
1219 379 1432 432 amoenis,

269 444 316 487 Si
348 445 457 488 dixit
488 446 628 499 dives,
660 446 779 489 lacus
813 451 855 489 et
885 461 1018 490 marea
1035 449 1166 491 sentit
1197 463 1385 492 amorem

267 515 534 559 Festinantis
566 516 683 572 heri,
717 518 785 559 cui
817 518 854 559 si
884 518 1041 560 vitiosa
1070 519 1202 561 libido

1617 521 1673 561 85

267 586 438 630 Fecerit
470 588 738 644 auspicium:
774 588 880 631 Cras
912 589 1171 633 ferramenta
1203 590 1397 634 Teanum

269 658 470 712 Tolletis,
504 659 628 702 fabri.
675 659 834 702 Lectus
865 660 1048 716 genialis
1079 661 1125 703 in
1155 662 1254 704 aula
1285 665 1378 704 est:

151 787 212 821 nis
230 787 475 822 minoribus.“
499 789 590 832 (Cfr.
607 789 683 823 Cic.
698 800 766 834 pro
781 789 888 824 Flac-

150 844 194 868 co
221 837 277 877 21,
304 837 360 868 51.
389 835 464 869 Sat.
494 839 524 878 1,
552 838 584 879 2,
613 838 655 870 14
683 837 780 882 sqq.)

198 884 254 916 81.
285 884 340 916 82.
367 884 468 926 Esto]
496 883 570 917 Ofr.
590 883 683 928 Epp.
706 887 736 926 1,
757 887 812 927 16,
830 886 887 918 56.

150 929 228 963 Cic.
248 929 356 963 Verr.
371 930 508 964 Accus.
524 933 557 973 2,
573 934 629 973 61,
646 933 732 965 150:
758 931 888 966 Verum

151 979 246 1010 esto.-
271 978 346 1010 alio
375 979 450 1010 loco
477 980 520 1011 de
547 982 738 1012 aratorum
765 981 889 1012 animo

150 1026 182 1056 el
207 1026 355 1057 iniuriis
379 1026 516 1058 videro.
558 1025 665 1059 Verr.
692 1026 828 1061 Accus.
856 1029 887 1069 3,

152 1073 206 1114 11,
225 1073 281 1104 28.
309 1071 358 1105 Ut
374 1071 453 1106 fere
473 1071 560 1113 εἶεν,
580 1073 777 1118 significat,
796 1074 887 1108 satis

149 1118 196 1152 de
223 1119 350 1164 aliqua
376 1130 417 1153 re
445 1130 529 1153 cum
556 1120 630 1154 iam
658 1121 800 1155 dictum
828 1121 887 1164 sit,

149 1165 196 1200 ad
213 1166 326 1200 aliam
345 1178 479 1200 novam
498 1168 773 1202 transeundum
792 1179 887 1203 esse.

94 1231 96 1234 >
151 1213 327 1256 „Verum‚
355 1217 396 1247 ut
413 1215 511 1248 hanc
536 1215 656 1259 ipsam
676 1215 888 1250 studiorum

148 1261 273 1295 minus
291 1262 537 1295 honestorum
556 1263 775 1297 varietatem
793 1264 889 1297 mul-

149 1308 303 1342 titudini
331 1309 559 1352 condonem,
596 1311 666 1344 hac
701 1311 889 1355 perversi-

149 1358 225 1389 tate
251 1365 370 1400 prope
404 1357 524 1403 magis
551 1357 750 1402 indignor,
787 1357 888 1402 quod

150 1402 292 1437 inillis
318 1403 413 1448 ipsis
451 1415 632 1439 summam
667 1405 889 1440 inconstan-

149 1450 238 1484 tiam
252 1451 467 1496 mentisque
480 1452 771 1487 mutabilitatem
786 1464 890 1487 mon-

151 1499 305 1531 strant.“
329 1518 369 1523 -—
390 1499 540 1542 durare]
570 1500 816 1543 „sustinere,“
845 1511 890 1534 ex

149 1556 222 1578 usu
248 1545 350 1579 haud
377 1546 490 1580 nimis
517 1558 614 1581 raro.
657 1547 829 1592 Propert.
858 1550 889 1591 1,

151 1595 184 1634 6,
213 1595 274 1626 11:
301 1594 371 1626 His
398 1603 463 1635 eqo
490 1603 562 1627 non
589 1596 717 1628 horam
740 1604 888 1638 possum

150 1641 288 1674 durare
316 1643 487 1681 querelis.

198 1712 318 1744 83-87.
343 1712 467 1755 Baiis]
495 1712 722 1757 Campaniae
749 1713 887 1757 oppido

150 1758 251 1792 inter
265 1758 452 1793 Misenum
468 1762 504 1793 et
517 1760 710 1794 Puteolos.
728 1760 804 1793 Cfr.
821 1760 888 1794 Od.

152 1807 184 1846 2,
214 1808 267 1847 18,
295 1808 352 1839 20.
381 1826 423 1829 -
449 1807 566 1849 sinus]
592 1807 719 1849 maris,
747 1807 889 1851 signifi-

151 1852 298 1886 catione
338 1854 511 1898 propria,
554 1854 664 1898 quasi
708 1853 888 1888 dixisset:

152 1900 312 1941 „nullus
340 1903 397 1934 est
430 1901 536 1934 sinus
562 1901 667 1944 prior
692 1901 885 1943 Baian03‘*

150 1957 239 1989 non,
266 1949 308 1980 ut
325 1947 412 1981 alii:
442 1948 642 1992 „angulus,
668 1951 888 1992 receptacu-

150 1994 262 2027 lum.“
290 2014 332 2018 —
359 1995 473 2038 dives]
502 1996 591 2040 „qui
616 1998 770 2039 propter
798 2007 890 2040 opu-

150 2041 305 2075 lentiam
323 2041 566 2086 repentinum
586 2043 790 2077 consilium
808 2043 889 2078 illic

151 2089 375 2123 aedificandi
403 2090 529 2124 statim
547 2091 704 2135 exsequi
730 2092 887 2135 potest.“

150 2154 197 2160 —
224 2137 346 2179 lacus]
383 2137 574 2171 Lucrinus
613 2149 729 2182 prope
764 2138 888 2172 Baias.

152 2182 227 2217 Cfr.
256 2183 323 2218 Od.
343 2186 375 2226 2,
397 2187 451 2227 15,
471 2187 502 2218 3.
523 2205 564 2209 ——
586 2189 618 2219 el
641 2185 759 2228 mare]
787 2185 889 2230 quod

150 2231 297 2266 insanis
337 2232 684 2267 substructionibus
719 2235 890 2277 occupat.

154 2297 194 2300 —
213 2281 321 2312 sentit
348 2280 522 2322 amorem]
552 2290 658 2322 „mox
684 2281 888 2324 experitur,

153 2328 295 2368 quanta
320 2327 527 2371 cupiditate
546 2328 679 2371 flagret
697 2329 793 2361 dives
810 2328 889 2369 ille,

152 2373 357 2406 multorum
416 2375 695 2418 mancipiorum
746 2376 887 2408 herus.“

150 2421 292 2453 Senlire
318 2421 362 2454 de
389 2431 430 2455 rc
456 2421 616 2466 ingrata,
644 2424 686 2455 ut
704 2421 771 2455 Od.
797 2424 829 2464 3,
858 2424 889 2464 1,

153 2468 216 2500 33:
253 2468 448 2501 Contracta
472 2470 587 2510 pisces
620 2478 787 2509 aequora
811 2478 891 2502 sen-

153 2515 265 2557 tium3
291 2515 327 2548 h.
355 2515 378 2548 l.
404 2519 559 2559 propter
584 2517 724 2557 moleS,
751 2516 890 2560 quibus

153 2564 356 2595 coartatur.
408 2562 482 2595 Cfr.
510 2562 578 2596 Od.
607 2565 650 2604 2,
680 2566 734 2605 15,
765 2567 779 2596 1
809 2572 890 2607 sqq.

153 2609 186 2650 2,
216 2610 270 2651 18,
297 2611 341 2643 20
368 2620 448 2654 sqq.
468 2629 510 2633 —
537 2610 772 2653 Festinanlis]
800 2610 890 2645 Cato

153 2655 360 2690 Censorius
386 2657 486 2701 apud
513 2656 608 2690 Gell.
638 2660 692 2699 16,
722 2660 782 2691 14:
822 2659 893 2699 Qui

152 2711 267 2744 unum
285 2706 373 2744 quid
388 2707 535 2738 mature
554 2706 734 2746 transmit,
759 2707 789 2738 is
803 2713 891 2746 pro-

935 794 1063 832 peram
1097 793 1160 833 qui
1182 793 1304 826 multa
1326 793 1438 826 simul
1461 792 1590 834 incipit
1612 799 1671 825 ne-

939 846 1007 878 que
1029 840 1181 882 perficit,
1208 841 1239 872 is
1264 840 1424 881 festinat.
1453 859 1496 863 —
1522 838 1672 882 vitiosa]

939 885 1017 919 Cic.
1046 886 1157 920 Tusc.
1191 888 1234 929 4,
1271 889 1341 930 13,
1376 888 1446 920 29:
1493 887 1673 920 Vitio-sitas

939 935 989 966 est
1015 934 1160 967 habitus
1187 936 1252 968 aut
1270 935 1416 976 affectio
1433 935 1474 967 in
1498 935 1572 967 tota
1596 934 1673 967 vita

938 981 1148 1014 inconstans
1176 984 1209 1014 et
1234 990 1259 1015 a
1282 990 1319 1014 se
1343 983 1424 1023 ipsa
1451 981 1672 1015 dissentiens.

940 1046 982 1050 —
1013 1028 1144 1071 libido]
1181 1029 1397 1073 „quaelibet
1421 1028 1595 1063 voluntas
1620 1029 1674 1062 te-

938 1085 1038 1108 mere
1067 1076 1277 1120 suscepta.“
1304 1093 1352 1099 —
1382 1077 1522 1109 Fecerit
1553 1076 1674 1116 auspi-

939 1122 1048 1165 cium]
1077 1122 1213 1165 „Dives
1231 1122 1302 1157 iste
1321 1133 1472 1158 caecam
1497 1125 1535 1158 et
1551 1122 1673 1156 morbi

939 1169 1098 1203 similem
1122 1169 1319 1205 libidinem
1346 1181 1453 1204 suam
1477 1170 1530 1204 ita
1547 1169 1673 1214 sequi-

939 1219 1019 1260 tur,
1045 1228 1088 1251 ac
1115 1217 1147 1251 si
1173 1219 1274 1252 esset
1297 1217 1512 1262 auspicium
1538 1216 1674 1251 divini-

939 1266 1000 1298 tus
1027 1264 1154 1298 datum
1181 1264 1394 1300 numinisve
1413 1264 1576 1299 alicuius
1593 1264 1671 1298 ius-

939 1311 1055 1345 sum.“
1084 1311 1212 1357 (Virg.
1238 1312 1333 1347 Aen.
1359 1314 1392 1355 9,
1420 1313 1508 1346 185:
1534 1319 1586 1345 an
1608 1319 1677 1345 sua

939 1360 1068 1399 cuique
1094 1360 1182 1392 deus
1206 1360 1246 1402 fit
1273 1360 1359 1393 dira
1384 1360 1515 1401 cupido
1525 1359 1557 1402 Υ)
1583 1357 1673 1393 For-

940 1406 1121 1440 cellinus:
1148 1406 1210 1449 „Si
1230 1417 1316 1440 eum
1331 1406 1502 1441 incitarit
1519 1407 1556 1440 et
1573 1406 1678 1440 velut

939 1454 1018 1487 avis
1045 1454 1259 1498 auspicium
1286 1453 1426 1489 laetum
1458 1453 1674 1496 obtulerit,“

940 1512 1014 1546 quo
1033 1503 1244 1544 moneatur,
1270 1503 1313 1535 ut
1331 1501 1449 1536 Teani
1466 1501 1592 1546 potius
1609 1500 1677 1535 vil-

939 1548 1013 1582 lam
1047 1548 1232 1583 aedificet.
1260 1568 1302 1572 ——
1329 1550 1554 1591 ferramenta
1587 1549 1675 1582 Tea-

939 1596 1040 1639 num]
1069 1596 1297 1638 „Praevideo
1316 1596 1408 1639 fore,
1435 1599 1479 1630 ut
1507 1595 1674 1630 Teanum

940 1643 1162 1686 Sidicinum,
1186 1642 1306 1677 XXX.
1325 1642 1373 1676 M.
1389 1643 1432 1678 Ρ.
1450 1655 1472 1678 a
1491 1643 1593 1677 Baiis
1611 1653 1672 1676 re-

938 1694 1091 1732 motum,
1117 1690 1243 1724 fabros
1269 1689 1397 1724 iubeat
1421 1690 1675 1724 instrumenta

939 1737 1086 1772 deferre
1100 1737 1230 1782 ibique
1241 1737 1354 1771 aliam
1366 1737 1495 1772 villam
1506 1739 1675 1772 exstrue-

939 1786 1014 1817 re.“
1068 1784 1266 1826 „Primum
1305 1783 1445 1830 gaudet
1479 1783 1676 1819 maritimis

939 1831 1052 1871 locis,
1102 1831 1282 1865 continuo
1330 1835 1415 1875 post
1456 1831 1676 1866 mediterra-

939 1878 1058 1912 neis.“
1104 1878 1232 1912 COMM.
1277 1877 1399 1917 CRUQ.
1427 1898 1468 1902 —
1505 1877 1676 1921 Tollelis]

938 1925 1083 1970 Arguta
1108 1925 1414 1970 breviloquentia
1437 1925 1532 1971 ipsis
1550 1925 1675 1959 divitis

939 1973 1064 2007 verbis
1091 1973 1222 2006 utitur.

988 2045 1109 2077 87-90.
1134 2045 1261 2077 Lectus
1279 2043 1454 2086 qoniam]
1483 2043 1579 2088 „qui
1606 2053 1675 2077 nu-

938 2091 1028 2135 ptiis
1054 2091 1239 2124 sternitur
1264 2091 1304 2124 in
1323 2090 1506 2125 honorem
1526 2090 1675 2124 Genii.“

940 2138 1033 2172 Cum
1061 2138 1143 2172 eius
1163 2139 1269 2172 locus
1287 2138 1328 2170 in
1347 2138 1443 2172 atrio
1470 2138 1519 2172 sit
1543 2137 1675 2172 adver-

941 2197 1005 2220 sus
1030 2188 1189 2230 portam,
1217 2186 1328 2219 lectus
1344 2186 1517 2219 adversus
1536 2184 1677 2219 dicitur

939 2244 961 2267 a
977 2233 1176 2277 Propertio
1196 2235 1228 2274 5,
1257 2235 1312 2275 11,
1338 2234 1406 2275 85„
1434 2233 1589 2266 lectulus
1613 2233 1678 2266 ad·

937 2289 1062 2314 versus
1087 2279 1133 2313 ab
1159 2280 1323 2314 Asconio
1348 2290 1385 2323 p.
1409 2281 1468 2313 43.
1495 2279 1553 2314 ed.
1579 2279 1676 2312 Bait.

938 2328 1132 2362 Arnobius
1157 2326 1200 2360 L.
1219 2328 1250 2360 2.
1275 2337 1312 2371 p.
1339 2328 1396 2360 91.
1421 2326 1561 2371 Lugd.:
1590 2327 1679 2360 Cum

939 2377 979 2408 in
995 2376 1231 2408 matrimonia
1249 2375 1454 2415 convenitis,
1483 2375 1570 2414 loaa
1584 2375 1677 2406 ster-

939 2423 1025 2455 nitis
1053 2422 1201 2455 lectulos
1235 2424 1267 2454 el
1299 2422 1518 2454 maritorum
1545 2421 1677 2454 Genios

941 2470 1135 2503 advocatis.
1177 2468 1222 2501 In
1249 2478 1293 2501 eo
1319 2467 1431 2501 etiam
1456 2467 1556 2502 fetae
1582 2466 1677 2501 dicis

941 2527 1054 2551 causa
1079 2515 1355 2560 aliquantisper
1380 2515 1579 2550 cubabant.
1605 2514 1676 2547 La-

940 2564 1068 2598 berius
1102 2563 1141 2596 in
1169 2562 1442 2607 Compitalibus
1475 2564 1507 2596 2.
1531 2572 1568 2605 p.
1595 2562 1676 2595 210.

941 2611 1079 2645 Bothe:
1114 2611 1219 2643 anc
1245 2612 1285 2643 tu
1313 2610 1484 2651 centenis,
1510 2616 1608 2642 num:
1633 2611 1675 2642 lu

940 2666 1071 2699 susque
1097 2659 1212 2698 deque
1237 2659 1336 2698 fers.-
1359 2657 1483 2692 Mater
1507 2656 1676 2697 familiae

942 2707 1008 2739 tua
1031 2706 1071 2739 in
1098 2706 1188 2738 lecto
1221 2706 1374 2738 adverso
1403 2705 1510 2737 sedet.
1563 2702 1676 2736 Geni-
