1774 2930
664 161 759 196 Lm.
782 161 812 195 1.
859 159 1013 195 Erls'r.
1035 159 1084 194 11.

1543 160 1626 202 271

230 264 348 307 Inter
374 262 555 306 Peliden
584 261 760 304 festinat
791 263 836 304 et
865 261 979 303 inter
1007 259 1213 314 Atriden,

229 334 358 377 Hune
388 346 525 387 amor,
558 332 623 375 ira
653 331 826 388 quidem
855 331 1136 374 communiter
1164 330 1250 372 urit
1279 335 1519 387 utrumque.

232 404 449 460 Quidquid
479 403 661 446 delirant
691 417 838 458 reges,
870 402 1115 458 plectuntur
1144 400 1312 443 Achivi.

232 475 472 528 Seditione,
505 474 634 527 dolis,
666 474 828 516 scelere
859 477 987 528 atque
1016 471 1195 515 libidine
1226 475 1270 514 et
1300 472 1364 514 ira

1578 472 1630 512 15

230 546 382 588 Iliacos
411 546 526 587 intra
558 558 698 586 muros
729 547 931 600 peccatur
960 547 1004 586 et
1035 546 1169 585 extra.

230 616 416 670 Rursus,
449 615 551 672 quid
579 616 715 656 virtus
748 619 791 656 et
821 613 925 670 quid
955 614 1167 670 sapientia
1196 613 1351 669 possit,

232 687 347 730 Utile
378 687 600 743 proposuit
630 685 754 727 nobis
785 685 1006 740 exemplar
1034 684 1216 737 Ulixen,

235 757 319 806 Qui
350 757 532 799 domitor
563 756 719 799 Troiae
749 755 979 797 multorum
1008 754 1210 811 providus
1241 754 1369 796 urbes

231 828 290 870 Et
322 842 463 870 mores
494 827 711 869 hominum
742 826 950 882 inspexit,
982 825 1201 881 latumque
1232 839 1310 881 per
1339 838 1516 881 aequor,

1575 824 1631 865 20

232 898 348 941 Dum
380 898 484 951 sibi,
517 897 616 939 dum
647 897 775 940 sociis
805 896 989 939 reditum
1018 900 1159 952 parat,
1192 909 1347 952 aspera
1374 895 1510 938 multa

231 969 432 1022 Pertulit,
465 968 655 1011 adversis
688 982 831 1010 rerum
862 966 1163 1009 immersabilis
1194 966 1335 1008 undis.

210 1100 266 1132 17.

301 1098 464 1132 Rursum
495 1097 704 1132 Bentleius.
743 1115 785 1120 -—-
828 1098 883 1130 18.
921 1097 1050 1130 Ulixen
1082 1106 1213 1130 omnes
1242 1095 1315 1129 mei
1341 1098 1380 1129 et
1402 1094 1587 1135 Pottierii,

159 1146 249 1180 item
272 1145 467 1180 Bentleius
494 1147 532 1179 et
556 1143 606 1178 0:
637 1145 791 1185 Ulyssem
817 1142 906 1185 Lct,
936 1144 1077 1178 Ulixem
1101 1142 1180 1177 lm.

115 1251 253 1287 omisso
277 1251 501 1295 pronomine
525 1260 563 1284 se
588 1250 722 1294 Virgil.
752 1249 847 1282 Aen.

115 1300 151 1340 3,
167 1299 254 1332 201:
281 1299 362 1339 Ipse
386 1299 481 1330 diem
505 1301 714 1337 noctemque
740 1299 849 1337 >neque

116 1345 319 1378 discernere
361 1343 473 1378 cae‘lo.
512 1363 556 1367 —
595 1345 725 1377 Nestor
763 1343 849 1385 θοι]

117 1391 194 1425 Ofr.
217 1391 326 1425 Hom.
349 1390 457 1425 Iliad.
482 1401 519 1431 α,
546 1392 614 1424 254
640 1401 721 1434 sqq.
771 1389 849 1423 Du·

115 1438 205 1483 plex
227 1439 337 1480 incer,
360 1438 402 1471 in
427 1448 503 1482 quo
529 1438 590 1471 hie
615 1447 768 1481 quoque
794 1438 850 1470 of-

115 1484 239 1519 fendit
261 1484 468 1526 Bentleius‚
494 1487 536 1518 ut
560 1484 636 1517 Sat.
664 1486 696 1525 1,
723 1485 755 1526 7,
782 1486 849 1524 11.,

117 1542 164 1566 ex
204 1530 479 1566 consuetudine
520 1533 579 1564 est
614 1530 750 1565 Latina
791 1530 851 1564 vel

115 1578 218 1624 apud
243 1578 474 1612 Ciceronem.
523 1578 626 1611 Lael.
652 1579 715 1612 25:
756 1578 851 1619 Quid

113 1627 259 1659 immet
295 1627 393 1658 inter
430 1626 671 1667 popularem,
711 1626 750 1657 id
786 1627 848 1666 est,

115 1675 376 1706 assentatorem
403 1675 436 1706 et
464 1673 575 1705 levem
591 1673 713 1712 civem,
740 1674 773 1704 et
794 1673 851 1704 in-

116 1721 172 1754 ter
188 1721 421 1761 constantem,
445 1728 612 1753 severum
637 1722 670 1752 et
688 1727 849 1760 oravem.

166 1791 286 1823 13-16.
302 1789 427 1832 Hunc]
439 1789 768 1834 Agamemnonem,
782 1789 849 1833 qui

115 1838 271 1881 propter
285 1836 528 1891 Chryseidem
555 1837 695 1881 (quam,
712 1837 850 1881 inquit,

224 1881 565 1930 Κλυταιμνήστρης
605 1882 851 1930 ,τοοβέβουὶα

116 1929 162 1964 11.
173 1940 211 1972 a,
228 1931 324 1972 113.)
350 1930 422 1964 sibi
436 1915 649 1965 Calchantis
667 1941 849 1974 responso

118 1979 284 2020 ereptam
295 1977 416 2011 iratus
425 1977 632 2011 Briseidem
646 1978 692 2011 ab
702 1977 849 2011 Achille

118 2022 273 2057 abduxit
296 2034 368 2057 nee
392 2027 515 2058 tamen
542 2035 622 2058 eam
647 2024 848 2068 tetigit.—

118 2068 217 2111 ιιι-ὕ]
241 2071 285 2102 ut
308 2070 446 2104 similia
478 2071 654 2112 (ardere,
691 2072 847 2112 fervere,

118 2115 358 2158 inflammare,
373 2117 574 2157 incendere,
592 2118 775 2158 flaqrare)
802 2117 847 2150 de

119 2161 294 2196 violentis
335 2162 450 2196 animi
490 2162 849 2206 perturbationibus.

120 2207 197 2242 Sat.
224 2211 264 2251 1,
296 2210 338 2251 9,
371 2211 435 2243 66:
471 2217 592 2242 meum
614 2210 717 2242 iecur
741 2218 850 2243 urere

121 2255 220 2297 bilis,
255 2255 379 2299 „quod
401 2256 557 2290 verbum
588 2255 634 2289 de
668 2255 851 2289 ardentis-

119 2301 233 2343 simo,
271 2303 337 2346 qui
368 2303 557 2336 hominem
591 2303 754 2344 cruciat,
790 2303 850 2336 vel

119 2359 246 2383 amore
269 2349 331 2382 vel
354 2349 413 2383 ira
436 2350 675 2394 usurpaturfl‘
703 2349 849 2384 ΟΒΒΑΒ.

116 2396 341 2439 plectuntur]
369 2407 531 2440 „poenas
556 2396 711 2439 luunt“;
742 2397 851 2438 plecti

118 2443 272 2486 proprie
299 2443 539 2484 „verberibus
573 2444 713 2488 puniri.
718 2445 735 2461 “
775 2443 849 2477 Sat.

119 2490 154 2530 2,
179 2490 213 2531 7,
240 2467 327 2523 105”:
353 2491 466 2532 Ter-qo
482 2491 634 2532 plector.
651 2509 694 2514 —-
709 2490 850 2533 Achivi]

118 2534 215 2569 liro
254 2537 429 2571 acumine
468 2537 541 2571 hoo
580 2548 660 2571 voc.
696 2539 851 2579 populos

121 2582 296 2617 universe
337 2583 540 2628 significari
582 2596 702 2629 eoque
740 2585 851 2618 etiam

120 2629 297 2663 Roianus
337 2631 601 2675 comprehendi
651 2635 754 2665 ratus
795 2634 852 2665 est

120 2673 336 2720 Daeieriu83
385 2678 496 2712 immo
537 2681 648 2723 poeta
695 2679 852 2723 respicit

120 2721 372 2765 pestilentiam
405 2725 557 2759 Achivis
595 2726 641 2760 ab
674 2725 849 2770 Apolline

898 1253 1053 1292 propter
1078 1249 1249 1292 Chrysen
1284 1248 1330 1282 ab
1354 1248 1633 1293 Agamemnone

898 1296 1081 1329 reiectum
1114 1296 1212 1329 irato
1245 1296 1447 1329 immissam
1473 1297 1634 1329 ceteras·

900 1353 974 1386 que
988 1342 1222 1377 calamitates
1240 1353 1285 1376 ex
1299 1353 1428 1387 regum
1445 1342 1505 1376 ira
1521 1344 1632 1376 ortas.

939 1414 1067 1456 *17-26.
1092 1413 1250 1455 Rursus]
1277 1412 1481 1457 Antiquior
1512 1412 1636 1446 forma

899 1462 958 1493 est
968 1457 1140 1501 Versum,
1166 1470 1252 1494 nam
1270 1459 1389 1493 altera
1406 1459 1507 1504 apud
1522 1459 1633 1492 Plau-

899 1509 978 1539 tum
996 1517 1072 1540 non
1090 1506 1292 1551 reperitur.
1311 1506 1387 1540 cfr.
1400 1506 1540 1551 Reisig.
1554 1507 1634 1540 Lat.

897 1555 1080 1595 Sprachw.
1116 1565 1152 1597 p.
1190 1556 1271 1587 211.
1322 1553 1394 1587 Sed
1429 1553 1493 1587 hic
1530 1556 1634 1587 certe

900 1603 1031 1634 contra
1072 1601 1231 1646 optimos
1274 1600 1389 1634 Oodd.
1431 1600 1576 1634 intrudi
1611 1611 1634 1634 a

898 1647 1069 1681 Bentleio
1103 1658 1179 1682 non
1214 1647 1384 1682 debebat.
1409 1666 1458 1672 —-
1485 1649 1634 1681 Utile--

900 1694 1109 1737 exemplar]
1154 1694 1331 1740 „dignum
1369 1694 1470 1739 quod
1513 1695 1634 1728 imite-

898 1742 1017 1775 mur.“
1070 1741 1131 1775 Sic
1162 1742 1236 1776 iam
1261 1741 1474 1776 Alcidamas
1507 1752 1634 1786 repre-

898 1789 1040 1822 hensus
1057 1792 1214 1833 propter
1231 1789 1373 1834 figurae
1391 1789 1632 1823 insolentiam

899 1836 946 1870 ab
979 1837 1183 1870 Aristotele
1217 1836 1327 1870 Rhet.
1354 1839 1395 1878 3,
1428 1838 1469 1878 3,
1502 1838 1535 1869 4.
1565 1834 1636 1879 τὴν

896 1880 1115 1916 Ὀδύσσειαν
1132 1881 1253 1916 καλὸν
1278 1881 1523 1930 ἀιθρωπὶνου
1544 1882 1634 1923 βίου

899 1927 1117 1977 κάτοπτρον
1150 1931 1370 1975 appellarat.
1397 1949 1440 1954 -—
1468 1931 1541 1972 Qui
1572 1931 1634 1964 do-

899 1979 1008 2010 mitor
1033 1979 1162 2010 Troiae
1187 1981 1257 2011 oet.
1270 1977 1283 2020 ]
1322 1977 1460 2011 Libere
1494 1977 1535 2010 in
1565 1977 1636 2011 La-

901 2024 1021 2057 tinum
1065 2025 1252 2058 convertit
1292 2024 1482 2069 Odysseae
1528 2035 1635 2058 exor-

897 2071 1018 2112 dium,
1044 2074 1088 2104 ut
1112 2082 1246 2105 rursus
1271 2071 1382 2105 aliter
1406 2071 1452 2104 A.
1476 2070 1518 2104 P.
1547 2073 1635 2104 141:

896 2118 966 2150 Dic
1003 2118 1109 2159 mihi,
1152 2119 1281 2158 Musa,
1322 2119 1463 2159 virum,
1506 2119 1636 2159 captae

895 2166 976 2204 post
1017 2166 1180 2204 tempora
1230 2166 1361 2197 Troiae
1409 2165 1479 2206 Qui
1519 2173 1636 2198 mores

898 2211 1085 2242 hominum
1109 2211 1310 2243 multorum
1339 2212 1430 2244 vitm
1457 2213 1490 2244 et
1514 2213 1634 2245 urbes.

901 2275 943 2280 —
959 2256 1151 2299 providus]
1173 2257 1378 2311 respondet
1395 2258 1635 2302 aliquatenus

899 2303 1082 2337 vocabulo
1109 2301 1359 2359 πολύτροπορ.
1378 2324 1420 2328 -
1446 2306 1493 2338 Ec
1518 2314 1636 2339 mores

899 2350 1098 2394 -inspexitl
1121 2352 1187 2384 καὶ
1211 2348 1308 2384 νόον
1333 2348 1442 2396 ἔγνω.
1475 2351 1558 2386 Non
1578 2356 1635 2386 est

900 2397 1120 2441 simpliciter
1155 2398 1340 2441 „videre“,
1374 2398 1442 2433 sed
1469 2409 1635 2444 „eogno-

899 2454 1004 2478 soere
1029 2448 1142 2489 atque
1174 2448 1348 2480 accurate
1383 2447 1633 2480 examinare“

900 2510 943 2515 —
964 2492 1151 2533 latumque
1174 2501 1242 2534 per
1266 2493 1419 2536 aequor]
1437 2493 1495 2526 ἐπ’
1522 2492 1636 2541 εὐρέα

898 2537 1000 2571 νῶτα
1023 2535 1307 2594 θαλάσσης-
1334 2542 1432 2574 Dum
1456 2543 1526 2574 sibi
1531 2541 1634 2594 cet]

896 2581 1150 2641 Ἀρνύμενος’
1134 2582 1185 2630 ἦν
1202 2597 1241 2620 τε
1258 2585 1394 2630 ψυχὴν
1411 2589 1478 2620 καὶ
1495 2600 1516 2620 r
1518 2584 1636 2620 όστον

899 2631 1071 2687 ἑταίρων.
1090 2652 1133 2657 -
1159 2643 1294 2676 aspera
1318 2635 1435 2667 multa
1463 2635 1633 2689 Pertulit]

900 2676 1021 2712 πολλὰ
1045 2679 1077 2712 δ’
1101 2676 1164 2725 ὅγ’
1189 2681 1230 2714 ἐν
1256 2678 1384 2714 πόντι)
1415 2677 1542 2723 μάθεν
1566 2678 1635 2714 ἄλ-

899 2737 979 2770 γεα.
1006 2746 1049 2750 -
1075 2728 1353 2770 immersabilis]
1394 2739 1535 2772 „quem
1573 2739 1634 2762 res
