<?xml version="1.0" encoding="UTF-8"?>
<!DOCTYPE html PUBLIC "-//W3C//DTD XHTML 1.0 Transitional//EN"
    "http://www.w3.org/TR/xhtml1/DTD/xhtml1-transitional.dtd">
<html xmlns="http://www.w3.org/1999/xhtml" xml:lang="en" lang="en">
 <head>
  <title>
</title>
<meta http-equiv="Content-Type" content="text/html;charset=utf-8" />
  <meta name='ocr-system' content='tesseract 3.04.00' />
  <meta name='ocr-capabilities' content='ocr_page ocr_carea ocr_par ocr_line ocrx_word'/>
</head>
<body>
  <div class='ocr_page' id='page_1' title='image "./qhoratiusflaccus00horauoft_0168.png"; bbox 0 0 1774 2930; ppageno 0'>
   <div class='ocr_carea' id='block_1_1' title="bbox 146 136 230 178">
    <p class='ocr_par' dir='ltr' id='par_1_1' title="bbox 146 136 230 178">
     <span class='ocr_line' id='line_1_1' title="bbox 146 136 230 178; baseline 0.012 -1"><span class='ocrx_word' id='word_1_1' title='bbox 146 136 230 178; x_wconf 89' lang='grc'>160</span> 
     </span>
    </p>
   </div>
   <div class='ocr_carea' id='block_1_2' title="bbox 647 137 1166 173">
    <p class='ocr_par' dir='ltr' id='par_1_2' title="bbox 647 137 1166 173">
     <span class='ocr_line' id='line_1_2' title="bbox 647 137 1166 173; baseline 0.002 -1"><span class='ocrx_word' id='word_1_2' title='bbox 647 137 856 172; x_wconf 85' lang='lat' dir='ltr'><strong>HORATII</strong></span> <span class='ocrx_word' id='word_1_3' title='bbox 881 137 1166 173; x_wconf 78' lang='lat' dir='ltr'><strong>SATIRARUM</strong></span> 
     </span>
    </p>
   </div>
   <div class='ocr_carea' id='block_1_3' title="bbox 258 235 1397 365">
    <p class='ocr_par' dir='ltr' id='par_1_3' title="bbox 258 235 1397 365">
     <span class='ocr_line' id='line_1_3' title="bbox 258 235 1397 294; baseline 0.004 -16"><span class='ocrx_word' id='word_1_4' title='bbox 258 235 433 279; x_wconf 85' lang='lat' dir='ltr'>Emovit</span> <span class='ocrx_word' id='word_1_5' title='bbox 463 242 654 281; x_wconf 84' lang='lat' dir='ltr'>veterem</span> <span class='ocrx_word' id='word_1_6' title='bbox 684 239 792 280; x_wconf 89' lang='lat' dir='ltr'>mire</span> <span class='ocrx_word' id='word_1_7' title='bbox 822 252 977 292; x_wconf 80' lang='lat' dir='ltr'>novus,</span> <span class='ocrx_word' id='word_1_8' title='bbox 1009 243 1058 280; x_wconf 94' lang='lat' dir='ltr'>ut</span> <span class='ocrx_word' id='word_1_9' title='bbox 1089 240 1216 294; x_wconf 87' lang='lat' dir='ltr'>solet,</span> <span class='ocrx_word' id='word_1_10' title='bbox 1248 241 1293 282; x_wconf 88' lang='lat' dir='ltr'>in</span> <span class='ocrx_word' id='word_1_11' title='bbox 1324 254 1397 283; x_wconf 89' lang='lat' dir='ltr'>cor</span> 
     </span>
     <span class='ocr_line' id='line_1_4' title="bbox 261 307 1245 365; baseline 0.003 -15"><span class='ocrx_word' id='word_1_12' title='bbox 261 307 458 351; x_wconf 84' lang='lat' dir='ltr'>Traiecto</span> <span class='ocrx_word' id='word_1_13' title='bbox 488 310 635 351; x_wconf 89' lang='lat' dir='ltr'>lateris</span> <span class='ocrx_word' id='word_1_14' title='bbox 666 309 812 352; x_wconf 84' lang='lat' dir='ltr'>miseri</span> <span class='ocrx_word' id='word_1_15' title='bbox 843 309 1050 365; x_wconf 81' lang='lat' dir='ltr'>capitisve</span> <span class='ocrx_word' id='word_1_16' title='bbox 1080 310 1245 364; x_wconf 90' lang='lat' dir='ltr'>dolore,</span> 
     </span>
    </p>
   </div>
   <div class='ocr_carea' id='block_1_4' title="bbox 259 379 1539 438">
    <p class='ocr_par' dir='ltr' id='par_1_4' title="bbox 259 379 1539 438">
     <span class='ocr_line' id='line_1_5' title="bbox 259 379 1539 438; baseline 0.002 -17"><span class='ocrx_word' id='word_1_17' title='bbox 259 379 316 421; x_wconf 83' lang='lat' dir='ltr'>Ut</span> <span class='ocrx_word' id='word_1_18' title='bbox 346 380 605 436; x_wconf 79' lang='lat' dir='ltr'>lethargicus</span> <span class='ocrx_word' id='word_1_19' title='bbox 638 380 708 422; x_wconf 88' lang='lat' dir='ltr'>hic</span> <span class='ocrx_word' id='word_1_20' title='bbox 739 394 835 422; x_wconf 93' lang='lat' dir='ltr'>cum</span> <span class='ocrx_word' id='word_1_21' title='bbox 864 380 912 422; x_wconf 91' lang='lat' dir='ltr'>fit</span> <span class='ocrx_word' id='word_1_22' title='bbox 942 381 1062 437; x_wconf 88' lang='lat' dir='ltr'>pugil</span> <span class='ocrx_word' id='word_1_23' title='bbox 1089 385 1132 424; x_wconf 92' lang='lat' dir='ltr'>et</span> <span class='ocrx_word' id='word_1_24' title='bbox 1158 381 1372 424; x_wconf 89' lang='lat' dir='ltr'>medicum</span> <span class='ocrx_word' id='word_1_25' title='bbox 1401 386 1539 438; x_wconf 80' lang='lat' dir='ltr'>urget.</span> 
     </span>
    </p>
   </div>
   <div class='ocr_carea' id='block_1_5' title="bbox 1602 383 1661 424">
    <p class='ocr_par' dir='ltr' id='par_1_5' title="bbox 1602 383 1661 424">
     <span class='ocr_line' id='line_1_6' title="bbox 1602 383 1661 424; baseline 0.017 -1"><span class='ocrx_word' id='word_1_26' title='bbox 1602 383 1661 424; x_wconf 88' lang='lat'>30</span> 
     </span>
    </p>
   </div>
   <div class='ocr_carea' id='block_1_6' title="bbox 257 449 1600 722">
    <p class='ocr_par' dir='ltr' id='par_1_6' title="bbox 257 449 1600 580">
     <span class='ocr_line' id='line_1_7' title="bbox 257 449 1600 507; baseline 0.003 -15"><span class='ocrx_word' id='word_1_27' title='bbox 257 449 373 492; x_wconf 92' lang='lat' dir='ltr'>Dum</span> <span class='ocrx_word' id='word_1_28' title='bbox 394 465 449 493; x_wconf 90' lang='lat' dir='ltr'>ne</span> <span class='ocrx_word' id='word_1_29' title='bbox 472 451 574 507; x_wconf 90' lang='lat' dir='ltr'>quid</span> <span class='ocrx_word' id='word_1_30' title='bbox 595 451 735 493; x_wconf 89' lang='lat' dir='ltr'>simile</span> <span class='ocrx_word' id='word_1_31' title='bbox 755 451 875 505; x_wconf 90' lang='lat' dir='ltr'>huic,</span> <span class='ocrx_word' id='word_1_32' title='bbox 908 455 1000 494; x_wconf 90' lang='lat' dir='ltr'>esto</span> <span class='ocrx_word' id='word_1_33' title='bbox 1021 455 1070 494; x_wconf 89' lang='lat' dir='ltr'>ut</span> <span class='ocrx_word' id='word_1_34' title='bbox 1089 452 1209 496; x_wconf 90' lang='lat' dir='ltr'>libet.</span> <span class='ocrx_word' id='word_1_35' title='bbox 1258 452 1295 495; x_wconf 94' lang='lat' dir='ltr'>O</span> <span class='ocrx_word' id='word_1_36' title='bbox 1317 452 1449 507; x_wconf 89' lang='lat' dir='ltr'>bone,</span> <span class='ocrx_word' id='word_1_37' title='bbox 1479 467 1536 496; x_wconf 89' lang='lat' dir='ltr'>ne</span> <span class='ocrx_word' id='word_1_38' title='bbox 1556 456 1600 496; x_wconf 88' lang='lat' dir='ltr'>te</span> 
     </span>
     <span class='ocr_line' id='line_1_8' title="bbox 257 520 1455 580; baseline 0.003 -17"><span class='ocrx_word' id='word_1_39' title='bbox 257 520 507 575; x_wconf 72' lang='lat' dir='ltr'>Frustrere,</span> <span class='ocrx_word' id='word_1_40' title='bbox 540 522 703 564; x_wconf 86' lang='lat' dir='ltr'>insanis</span> <span class='ocrx_word' id='word_1_41' title='bbox 735 526 779 565; x_wconf 91' lang='lat' dir='ltr'>et</span> <span class='ocrx_word' id='word_1_42' title='bbox 809 526 857 564; x_wconf 89' lang='lat' dir='ltr'>tu</span> <span class='ocrx_word' id='word_1_43' title='bbox 887 523 1093 579; x_wconf 85' lang='lat' dir='ltr'>stultique</span> <span class='ocrx_word' id='word_1_44' title='bbox 1123 538 1258 580; x_wconf 90' lang='lat' dir='ltr'>prope</span> <span class='ocrx_word' id='word_1_45' title='bbox 1289 538 1455 578; x_wconf 86' lang='lat' dir='ltr'>omnes,</span> 
     </span>
    </p>

    <p class='ocr_par' dir='ltr' id='par_1_7' title="bbox 257 591 1516 722">
     <span class='ocr_line' id='line_1_9' title="bbox 258 591 1418 650; baseline 0.003 -17"><span class='ocrx_word' id='word_1_46' title='bbox 258 591 305 634; x_wconf 85' lang='lat' dir='ltr'>Si</span> <span class='ocrx_word' id='word_1_47' title='bbox 337 593 439 648; x_wconf 91' lang='lat' dir='ltr'>quid</span> <span class='ocrx_word' id='word_1_48' title='bbox 471 592 701 635; x_wconf 76' lang='lat' dir='ltr'><strong>Stertinius</strong></span> <span class='ocrx_word' id='word_1_49' title='bbox 732 594 824 635; x_wconf 82' lang='lat' dir='ltr'>veri</span> <span class='ocrx_word' id='word_1_50' title='bbox 855 597 1020 650; x_wconf 84' lang='lat' dir='ltr'>crepat,</span> <span class='ocrx_word' id='word_1_51' title='bbox 1051 594 1166 637; x_wconf 89' lang='lat' dir='ltr'>unde</span> <span class='ocrx_word' id='word_1_52' title='bbox 1197 609 1277 650; x_wconf 87' lang='lat' dir='ltr'>ego</span> <span class='ocrx_word' id='word_1_53' title='bbox 1308 595 1418 637; x_wconf 89' lang='lat' dir='ltr'>mira</span> 
     </span>
     <span class='ocr_line' id='line_1_10' title="bbox 257 662 1516 722; baseline 0.003 -18"><span class='ocrx_word' id='word_1_54' title='bbox 257 662 479 720; x_wconf 89' lang='lat' dir='ltr'>Descripsi</span> <span class='ocrx_word' id='word_1_55' title='bbox 513 663 661 706; x_wconf 87' lang='lat' dir='ltr'>docilis</span> <span class='ocrx_word' id='word_1_56' title='bbox 692 668 922 721; x_wconf 86' lang='lat' dir='ltr'>praecepta</span> <span class='ocrx_word' id='word_1_57' title='bbox 951 664 1078 719; x_wconf 89' lang='lat' dir='ltr'>haec,</span> <span class='ocrx_word' id='word_1_58' title='bbox 1110 669 1303 721; x_wconf 87' lang='lat' dir='ltr'>tempore</span> <span class='ocrx_word' id='word_1_59' title='bbox 1333 680 1417 722; x_wconf 91' lang='lat' dir='ltr'>quo</span> <span class='ocrx_word' id='word_1_60' title='bbox 1446 679 1516 708; x_wconf 90' lang='lat' dir='ltr'>me</span> 
     </span>
    </p>
   </div>
   <div class='ocr_carea' id='block_1_7' title="bbox 259 733 1274 792">
    <p class='ocr_par' dir='ltr' id='par_1_8' title="bbox 259 733 1274 792">
     <span class='ocr_line' id='line_1_11' title="bbox 259 733 1274 792; baseline 0.003 -16"><span class='ocrx_word' id='word_1_61' title='bbox 259 733 429 776; x_wconf 83' lang='lat' dir='ltr'>Solatus</span> <span class='ocrx_word' id='word_1_62' title='bbox 462 735 589 776; x_wconf 86' lang='lat' dir='ltr'>iussit</span> <span class='ocrx_word' id='word_1_63' title='bbox 621 735 858 791; x_wconf 84' lang='lat' dir='ltr'>sapientem</span> <span class='ocrx_word' id='word_1_64' title='bbox 889 750 1066 792; x_wconf 87' lang='lat' dir='ltr'>pascere</span> <span class='ocrx_word' id='word_1_65' title='bbox 1095 736 1274 779; x_wconf 83' lang='lat' dir='ltr'><strong>barbam</strong></span> 
     </span>
    </p>
   </div>
   <div class='ocr_carea' id='block_1_8' title="bbox 1601 736 1659 777">
    <p class='ocr_par' dir='ltr' id='par_1_9' title="bbox 1601 736 1659 777">
     <span class='ocr_line' id='line_1_12' title="bbox 1601 736 1659 777; baseline 0 0"><span class='ocrx_word' id='word_1_66' title='bbox 1601 736 1659 777; x_wconf 87' lang='lat'>35</span> 
     </span>
    </p>
   </div>
   <div class='ocr_carea' id='block_1_9' title="bbox 255 805 1504 1004">
    <p class='ocr_par' dir='ltr' id='par_1_10' title="bbox 255 805 1504 1004">
     <span class='ocr_line' id='line_1_13' title="bbox 257 805 1365 872; baseline 0.001 -25"><span class='ocrx_word' id='word_1_67' title='bbox 257 805 401 861; x_wconf 83' lang='lat' dir='ltr'>Atque</span> <span class='ocrx_word' id='word_1_68' title='bbox 433 820 458 848; x_wconf 86' lang='lat' dir='ltr'>a</span> <span class='ocrx_word' id='word_1_69' title='bbox 487 805 685 848; x_wconf 82' lang='lat' dir='ltr'>Fabricio</span> <span class='ocrx_word' id='word_1_70' title='bbox 718 821 803 848; x_wconf 93' lang='lat' dir='ltr'>non</span> <span class='ocrx_word' id='word_1_71' title='bbox 833 807 1001 872; x_wconf 80' lang='lat' dir='ltr'>tristem</span> <span class='ocrx_word' id='word_1_72' title='bbox 1031 811 1162 864; x_wconf 88' lang='lat' dir='ltr'>ponte</span> <span class='ocrx_word' id='word_1_73' title='bbox 1193 808 1365 850; x_wconf 79' lang='lat' dir='ltr'>reverti.</span> 
     </span>
     <span class='ocr_line' id='line_1_14' title="bbox 255 875 1435 935; baseline 0.002 -17"><span class='ocrx_word' id='word_1_74' title='bbox 255 875 366 923; x_wconf 86' lang='lat' dir='ltr'>Nam</span> <span class='ocrx_word' id='word_1_75' title='bbox 397 877 509 919; x_wconf 87' lang='lat' dir='ltr'>male</span> <span class='ocrx_word' id='word_1_76' title='bbox 540 891 587 919; x_wconf 88' lang='lat' dir='ltr'>re</span> <span class='ocrx_word' id='word_1_77' title='bbox 619 881 743 933; x_wconf 88' lang='lat' dir='ltr'>gesta</span> <span class='ocrx_word' id='word_1_78' title='bbox 773 891 869 919; x_wconf 90' lang='lat' dir='ltr'>cum</span> <span class='ocrx_word' id='word_1_79' title='bbox 899 879 1055 920; x_wconf 83' lang='lat' dir='ltr'>vellem</span> <span class='ocrx_word' id='word_1_80' title='bbox 1086 879 1256 921; x_wconf 89' lang='lat' dir='ltr'>mittere</span> <span class='ocrx_word' id='word_1_81' title='bbox 1287 881 1435 935; x_wconf 88' lang='lat' dir='ltr'>operto</span> 
     </span>
     <span class='ocr_line' id='line_1_15' title="bbox 256 947 1504 1004; baseline 0 -14"><span class='ocrx_word' id='word_1_82' title='bbox 256 947 327 990; x_wconf 88' lang='lat' dir='ltr'>Me</span> <span class='ocrx_word' id='word_1_83' title='bbox 361 948 501 1004; x_wconf 87' lang='lat' dir='ltr'>capite</span> <span class='ocrx_word' id='word_1_84' title='bbox 531 948 578 989; x_wconf 89' lang='lat' dir='ltr'>in</span> <span class='ocrx_word' id='word_1_85' title='bbox 607 949 786 1003; x_wconf 89' lang='lat' dir='ltr'>flumen,</span> <span class='ocrx_word' id='word_1_86' title='bbox 818 949 969 992; x_wconf 81' lang='lat' dir='ltr'>dexter</span> <span class='ocrx_word' id='word_1_87' title='bbox 1001 950 1121 993; x_wconf 89' lang='lat' dir='ltr'>stetit</span> <span class='ocrx_word' id='word_1_88' title='bbox 1152 954 1213 1004; x_wconf 93' lang='lat' dir='ltr'>et,</span> <span class='ocrx_word' id='word_1_89' title='bbox 1246 949 1362 992; x_wconf 83' lang='lat' dir='ltr'>Cave</span> <span class='ocrx_word' id='word_1_90' title='bbox 1392 949 1504 992; x_wconf 84' lang='lat' dir='ltr'>faxis</span> 
     </span>
    </p>
   </div>
   <div class='ocr_carea' id='block_1_10' title="bbox 127 1058 873 2714">
    <p class='ocr_par' dir='ltr' id='par_1_11' title="bbox 136 1058 872 1152">
     <span class='ocr_line' id='line_1_16' title="bbox 137 1058 872 1104; baseline 0.003 -12"><span class='ocrx_word' id='word_1_91' title='bbox 137 1068 182 1092; x_wconf 88' lang='lat' dir='ltr'>ex</span> <span class='ocrx_word' id='word_1_92' title='bbox 206 1059 446 1104; x_wconf 81' lang='lat' dir='ltr'>philosophia</span> <span class='ocrx_word' id='word_1_93' title='bbox 473 1058 599 1094; x_wconf 84' lang='lat' dir='ltr'>Stoica</span> <span class='ocrx_word' id='word_1_94' title='bbox 625 1062 766 1103; x_wconf 92' lang='lat' dir='ltr'>ortum,</span> <span class='ocrx_word' id='word_1_95' title='bbox 798 1070 872 1104; x_wconf 89' lang='lat' dir='ltr'>quo</span> 
     </span>
     <span class='ocr_line' id='line_1_17' title="bbox 136 1107 710 1152; baseline 0.003 -13"><span class='ocrx_word' id='word_1_96' title='bbox 136 1116 239 1140; x_wconf 90' lang='lat' dir='ltr'>nunc</span> <span class='ocrx_word' id='word_1_97' title='bbox 264 1107 390 1141; x_wconf 87' lang='lat' dir='ltr'>aliena</span> <span class='ocrx_word' id='word_1_98' title='bbox 416 1108 568 1152; x_wconf 86' lang='lat' dir='ltr'>negotia</span> <span class='ocrx_word' id='word_1_99' title='bbox 593 1110 710 1142; x_wconf 87' lang='lat' dir='ltr'>curet.</span> 
     </span>
    </p>

    <p class='ocr_par' dir='ltr' id='par_1_12' title="bbox 127 1153 873 2704">
     <span class='ocr_line' id='line_1_18' title="bbox 184 1153 872 1201; baseline -0.001 -14"><span class='ocrx_word' id='word_1_100' title='bbox 184 1155 305 1187; x_wconf 86' lang='lat'>28-31.</span> <span class='ocrx_word' id='word_1_101' title='bbox 332 1154 414 1197; x_wconf 80' lang='lat' dir='ltr'>cor]</span> <span class='ocrx_word' id='word_1_102' title='bbox 441 1162 483 1188; x_wconf 83' lang='lat' dir='ltr'>ut</span> <span class='ocrx_word' id='word_1_103' title='bbox 508 1155 697 1189; x_wconf 86' lang='lat' dir='ltr'>interdum</span> <span class='ocrx_word' id='word_1_104' title='bbox 722 1153 872 1201; x_wconf 78' lang='grc' dir='ltr'><em>καρδία,</em></span> 
     </span>
     <span class='ocr_line' id='line_1_19' title="bbox 135 1201 870 1236; baseline 0.003 -2"><span class='ocrx_word' id='word_1_105' title='bbox 135 1201 172 1234; x_wconf 90' lang='lat' dir='ltr'>h.</span> <span class='ocrx_word' id='word_1_106' title='bbox 198 1202 222 1234; x_wconf 94' lang='grc'>1.</span> <span class='ocrx_word' id='word_1_107' title='bbox 249 1212 290 1235; x_wconf 88' lang='lat' dir='ltr'>os</span> <span class='ocrx_word' id='word_1_108' title='bbox 316 1202 529 1236; x_wconf 86' lang='lat' dir='ltr'>ventriculi.</span> <span class='ocrx_word' id='word_1_109' title='bbox 566 1202 640 1236; x_wconf 84' lang='lat' dir='ltr'>Cfr.</span> <span class='ocrx_word' id='word_1_110' title='bbox 667 1213 700 1236; x_wconf 81' lang='lat' dir='ltr'>v.</span> <span class='ocrx_word' id='word_1_111' title='bbox 730 1204 807 1236; x_wconf 89' lang='lat'>161.</span> <span class='ocrx_word' id='word_1_112' title='bbox 827 1221 870 1226; x_wconf 90' lang='lat'>—-</span> 
     </span>
     <span class='ocr_line' id='line_1_20' title="bbox 135 1248 872 1293; baseline 0.003 -12"><span class='ocrx_word' id='word_1_113' title='bbox 135 1248 318 1291; x_wconf 77' lang='lat' dir='ltr'>Traieclo]</span> <span class='ocrx_word' id='word_1_114' title='bbox 335 1249 530 1293; x_wconf 78' lang='lat' dir='ltr'>„proprie3</span> <span class='ocrx_word' id='word_1_115' title='bbox 548 1249 602 1283; x_wconf 88' lang='lat' dir='ltr'>ita</span> <span class='ocrx_word' id='word_1_116' title='bbox 619 1250 719 1283; x_wconf 90' lang='lat' dir='ltr'>enim</span> <span class='ocrx_word' id='word_1_117' title='bbox 736 1249 872 1283; x_wconf 91' lang='lat' dir='ltr'>medici</span> 
     </span>
     <span class='ocr_line' id='line_1_21' title="bbox 134 1295 873 1339; baseline 0.001 -10"><span class='ocrx_word' id='word_1_118' title='bbox 134 1295 300 1329; x_wconf 79' lang='lat' dir='ltr'>dicunt.“</span> <span class='ocrx_word' id='word_1_119' title='bbox 328 1296 478 1330; x_wconf 79' lang='lat' dir='ltr'><strong>PORPH.</strong></span> <span class='ocrx_word' id='word_1_120' title='bbox 497 1296 787 1339; x_wconf 78' lang='grc' dir='ltr'><em>(μεθίστασθαι,</em></span> <span class='ocrx_word' id='word_1_121' title='bbox 804 1307 873 1339; x_wconf 79' lang='grc' dir='ltr'>με-</span> 
     </span>
     <span class='ocr_line' id='line_1_22' title="bbox 135 1339 871 1387; baseline 0.004 -12"><span class='ocrx_word' id='word_1_122' title='bbox 135 1339 346 1386; x_wconf 80' lang='grc' dir='ltr'><strong><em>τάστασις.)</em></strong></span> <span class='ocrx_word' id='word_1_123' title='bbox 374 1363 418 1367; x_wconf 93' lang='grc'><strong>-</strong></span> <span class='ocrx_word' id='word_1_124' title='bbox 445 1344 584 1387; x_wconf 79' lang='lat' dir='ltr'>miseri]</span> <span class='ocrx_word' id='word_1_125' title='bbox 611 1344 721 1383; x_wconf 84' lang='lat' dir='ltr'>Quod</span> <span class='ocrx_word' id='word_1_126' title='bbox 738 1343 871 1378; x_wconf 82' lang='lat' dir='ltr'>Graeci</span> 
     </span>
     <span class='ocr_line' id='line_1_23' title="bbox 135 1388 871 1434; baseline 0.003 -11"><span class='ocrx_word' id='word_1_127' title='bbox 135 1388 202 1424; x_wconf 83' lang='grc' dir='ltr'>τὸν</span> <span class='ocrx_word' id='word_1_128' title='bbox 228 1388 452 1424; x_wconf 75' lang='grc' dir='ltr'><em>πεπονθότα</em></span> <span class='ocrx_word' id='word_1_129' title='bbox 477 1388 598 1425; x_wconf 81' lang='grc' dir='ltr'><em>τόπον</em></span> <span class='ocrx_word' id='word_1_130' title='bbox 625 1392 774 1434; x_wconf 91' lang='lat' dir='ltr'>dicunt,</span> <span class='ocrx_word' id='word_1_131' title='bbox 799 1391 871 1425; x_wconf 84' lang='lat' dir='ltr'>La-</span> 
     </span>
     <span class='ocr_line' id='line_1_24' title="bbox 134 1438 871 1481; baseline 0.003 -10"><span class='ocrx_word' id='word_1_132' title='bbox 134 1438 204 1471; x_wconf 90' lang='lat' dir='ltr'>tini</span> <span class='ocrx_word' id='word_1_133' title='bbox 222 1438 403 1472; x_wconf 88' lang='lat' dir='ltr'>miserum</span> <span class='ocrx_word' id='word_1_134' title='bbox 427 1439 564 1481; x_wconf 91' lang='lat' dir='ltr'>locum,</span> <span class='ocrx_word' id='word_1_135' title='bbox 590 1439 630 1472; x_wconf 90' lang='lat' dir='ltr'>id</span> <span class='ocrx_word' id='word_1_136' title='bbox 648 1443 714 1481; x_wconf 89' lang='lat' dir='ltr'>est,</span> <span class='ocrx_word' id='word_1_137' title='bbox 740 1438 871 1473; x_wconf 91' lang='lat' dir='ltr'>morbo</span> 
     </span>
     <span class='ocr_line' id='line_1_25' title="bbox 133 1485 871 1529; baseline 0.001 -11"><span class='ocrx_word' id='word_1_138' title='bbox 133 1485 318 1520; x_wconf 82' lang='lat' dir='ltr'>affectum.</span> <span class='ocrx_word' id='word_1_139' title='bbox 346 1505 388 1509; x_wconf 95' lang='lat'>—</span> <span class='ocrx_word' id='word_1_140' title='bbox 419 1487 542 1519; x_wconf 77' lang='lat' dir='ltr'>lateris</span> <span class='ocrx_word' id='word_1_141' title='bbox 561 1505 575 1511; x_wconf 97' lang='lat'><em>-</em></span> <span class='ocrx_word' id='word_1_142' title='bbox 593 1506 608 1512; x_wconf 98' lang='lat'>-</span> <span class='ocrx_word' id='word_1_143' title='bbox 625 1486 774 1529; x_wconf 85' lang='lat' dir='ltr'>dolore]</span> <span class='ocrx_word' id='word_1_144' title='bbox 814 1485 871 1519; x_wconf 84' lang='lat' dir='ltr'>Si-</span> 
     </span>
     <span class='ocr_line' id='line_1_26' title="bbox 132 1532 869 1579; baseline 0.003 -14"><span class='ocrx_word' id='word_1_145' title='bbox 132 1532 285 1577; x_wconf 86' lang='lat' dir='ltr'>gnificat</span> <span class='ocrx_word' id='word_1_146' title='bbox 311 1532 511 1579; x_wconf 81' lang='grc' dir='ltr'><em>πλευρῖτιν.</em></span> <span class='ocrx_word' id='word_1_147' title='bbox 562 1532 636 1567; x_wconf 80' lang='lat' dir='ltr'>Sat.</span> <span class='ocrx_word' id='word_1_148' title='bbox 665 1537 703 1576; x_wconf 84' lang='lat'>1,</span> <span class='ocrx_word' id='word_1_149' title='bbox 737 1536 778 1575; x_wconf 84' lang='lat'>9,</span> <span class='ocrx_word' id='word_1_150' title='bbox 812 1535 869 1567; x_wconf 84' lang='lat'>32.</span> 
     </span>
     <span class='ocr_line' id='line_1_27' title="bbox 133 1580 871 1625; baseline 0 -12"><span class='ocrx_word' id='word_1_151' title='bbox 133 1598 176 1603; x_wconf 85' lang='lat'>-—</span> <span class='ocrx_word' id='word_1_152' title='bbox 205 1580 275 1623; x_wconf 78' lang='lat' dir='ltr'>hic]</span> <span class='ocrx_word' id='word_1_153' title='bbox 313 1592 449 1625; x_wconf 81' lang='lat' dir='ltr'>„quem</span> <span class='ocrx_word' id='word_1_154' title='bbox 475 1581 586 1615; x_wconf 86' lang='lat' dir='ltr'>nosti.</span> <span class='ocrx_word' id='word_1_155' title='bbox 593 1582 609 1598; x_wconf 63' lang='lat'>‘⁶</span> <span class='ocrx_word' id='word_1_156' title='bbox 645 1600 691 1605; x_wconf 87' lang='lat'>—-</span> <span class='ocrx_word' id='word_1_157' title='bbox 725 1590 807 1614; x_wconf 85' lang='lat' dir='ltr'>cum</span> <span class='ocrx_word' id='word_1_158' title='bbox 831 1582 871 1622; x_wconf 77' lang='lat' dir='ltr'>fic</span> 
     </span>
     <span class='ocr_line' id='line_1_28' title="bbox 129 1628 868 1672; baseline 0.001 -12"><span class='ocrx_word' id='word_1_159' title='bbox 129 1629 236 1669; x_wconf 75' lang='lat' dir='ltr'>puail</span> <span class='ocrx_word' id='word_1_160' title='bbox 261 1628 346 1671; x_wconf 59' lang='lat' dir='ltr'>cet]</span> <span class='ocrx_word' id='word_1_161' title='bbox 382 1628 552 1672; x_wconf 85' lang='lat' dir='ltr'>lethargo</span> <span class='ocrx_word' id='word_1_162' title='bbox 587 1628 627 1661; x_wconf 92' lang='lat' dir='ltr'>in</span> <span class='ocrx_word' id='word_1_163' title='bbox 661 1628 868 1672; x_wconf 83' lang='lat' dir='ltr'>phrenesin</span> 
     </span>
     <span class='ocr_line' id='line_1_29' title="bbox 131 1675 870 1720; baseline 0 -12"><span class='ocrx_word' id='word_1_164' title='bbox 131 1678 287 1709; x_wconf 85' lang='lat' dir='ltr'>mutato.</span> <span class='ocrx_word' id='word_1_165' title='bbox 341 1675 588 1720; x_wconf 86' lang='lat' dir='ltr'>Lethargicus</span> <span class='ocrx_word' id='word_1_166' title='bbox 630 1675 702 1709; x_wconf 84' lang='lat' dir='ltr'>iste</span> <span class='ocrx_word' id='word_1_167' title='bbox 732 1675 870 1709; x_wconf 84' lang='lat' dir='ltr'>subita</span> 
     </span>
     <span class='ocr_line' id='line_1_30' title="bbox 130 1719 870 1765; baseline -0.001 -9"><span class='ocrx_word' id='word_1_168' title='bbox 130 1723 251 1756; x_wconf 91' lang='lat' dir='ltr'>morbi</span> <span class='ocrx_word' id='word_1_169' title='bbox 270 1723 493 1756; x_wconf 84' lang='lat' dir='ltr'>traiectione</span> <span class='ocrx_word' id='word_1_170' title='bbox 513 1719 775 1765; x_wconf 74' lang='grc' dir='ltr'><em>(μεταστάσει)</em></span> <span class='ocrx_word' id='word_1_171' title='bbox 793 1733 870 1756; x_wconf 89' lang='lat' dir='ltr'>me-</span> 
     </span>
     <span class='ocr_line' id='line_1_31' title="bbox 131 1769 868 1815; baseline 0 -12"><span class='ocrx_word' id='word_1_172' title='bbox 131 1769 277 1812; x_wconf 88' lang='lat' dir='ltr'>dicum,</span> <span class='ocrx_word' id='word_1_173' title='bbox 316 1771 382 1815; x_wconf 90' lang='lat' dir='ltr'>qui</span> <span class='ocrx_word' id='word_1_174' title='bbox 410 1781 494 1803; x_wconf 88' lang='lat' dir='ltr'>cum</span> <span class='ocrx_word' id='word_1_175' title='bbox 529 1771 680 1804; x_wconf 89' lang='lat' dir='ltr'>homine</span> <span class='ocrx_word' id='word_1_176' title='bbox 715 1773 868 1813; x_wconf 85' lang='lat' dir='ltr'>torpore</span> 
     </span>
     <span class='ocr_line' id='line_1_32' title="bbox 132 1818 868 1862; baseline 0 -12"><span class='ocrx_word' id='word_1_177' title='bbox 132 1827 311 1861; x_wconf 87' lang='lat' dir='ltr'>oppresso</span> <span class='ocrx_word' id='word_1_178' title='bbox 339 1828 378 1852; x_wconf 86' lang='lat' dir='ltr'>se</span> <span class='ocrx_word' id='word_1_179' title='bbox 404 1818 548 1851; x_wconf 87' lang='lat' dir='ltr'>versari</span> <span class='ocrx_word' id='word_1_180' title='bbox 575 1818 750 1862; x_wconf 84' lang='lat' dir='ltr'>opinatus</span> <span class='ocrx_word' id='word_1_181' title='bbox 776 1820 868 1859; x_wconf 88' lang='lat' dir='ltr'>erat,</span> 
     </span>
     <span class='ocr_line' id='line_1_33' title="bbox 130 1863 868 1910; baseline 0 -13"><span class='ocrx_word' id='word_1_182' title='bbox 130 1864 333 1908; x_wconf 83' lang='lat' dir='ltr'>improviso</span> <span class='ocrx_word' id='word_1_183' title='bbox 352 1867 395 1898; x_wconf 89' lang='lat' dir='ltr'>ut</span> <span class='ocrx_word' id='word_1_184' title='bbox 411 1865 517 1909; x_wconf 85' lang='lat' dir='ltr'>pugil</span> <span class='ocrx_word' id='word_1_185' title='bbox 539 1863 777 1910; x_wconf 82' lang='lat' dir='ltr'>aggreditur3</span> <span class='ocrx_word' id='word_1_186' title='bbox 806 1874 868 1898; x_wconf 88' lang='lat' dir='ltr'>co-</span> 
     </span>
     <span class='ocr_line' id='line_1_34' title="bbox 129 1911 868 1956; baseline 0.001 -11"><span class='ocrx_word' id='word_1_187' title='bbox 129 1912 269 1945; x_wconf 87' lang='lat' dir='ltr'>micum</span> <span class='ocrx_word' id='word_1_188' title='bbox 296 1922 385 1946; x_wconf 89' lang='lat' dir='ltr'>sane</span> <span class='ocrx_word' id='word_1_189' title='bbox 416 1913 640 1956; x_wconf 86' lang='lat' dir='ltr'>exemplum.</span> <span class='ocrx_word' id='word_1_190' title='bbox 688 1911 767 1945; x_wconf 90' lang='lat' dir='ltr'>Iam</span> <span class='ocrx_word' id='word_1_191' title='bbox 791 1912 868 1946; x_wconf 89' lang='lat' dir='ltr'>Ho-</span> 
     </span>
     <span class='ocr_line' id='line_1_35' title="bbox 130 1959 867 2004; baseline -0.001 -11"><span class='ocrx_word' id='word_1_192' title='bbox 130 1960 268 2002; x_wconf 83' lang='lat' dir='ltr'>ratius,</span> <span class='ocrx_word' id='word_1_193' title='bbox 320 1959 492 2004; x_wconf 78' lang='lat' dir='ltr'>„quidvis</span> <span class='ocrx_word' id='word_1_194' title='bbox 533 1959 680 2001; x_wconf 78' lang='lat' dir='ltr'>aliud“,</span> <span class='ocrx_word' id='word_1_195' title='bbox 728 1960 867 2003; x_wconf 87' lang='lat' dir='ltr'>inquit,</span> 
     </span>
     <span class='ocr_line' id='line_1_36' title="bbox 131 2006 868 2051; baseline 0 -11"><span class='ocrx_word' id='word_1_196' title='bbox 131 2007 223 2050; x_wconf 84' lang='lat' dir='ltr'>„tibi</span> <span class='ocrx_word' id='word_1_197' title='bbox 249 2008 484 2051; x_wconf 85' lang='lat' dir='ltr'>permittens,</span> <span class='ocrx_word' id='word_1_198' title='bbox 509 2007 582 2040; x_wconf 90' lang='lat' dir='ltr'>hoc</span> <span class='ocrx_word' id='word_1_199' title='bbox 600 2017 718 2040; x_wconf 92' lang='lat' dir='ltr'>unum</span> <span class='ocrx_word' id='word_1_200' title='bbox 736 2006 868 2050; x_wconf 91' lang='lat' dir='ltr'>depre-</span> 
     </span>
     <span class='ocr_line' id='line_1_37' title="bbox 131 2054 868 2099; baseline -0.001 -11"><span class='ocrx_word' id='word_1_201' title='bbox 131 2064 206 2097; x_wconf 89' lang='lat' dir='ltr'>cor,</span> <span class='ocrx_word' id='word_1_202' title='bbox 231 2065 279 2089; x_wconf 91' lang='lat' dir='ltr'>ne</span> <span class='ocrx_word' id='word_1_203' title='bbox 298 2057 341 2087; x_wconf 90' lang='lat' dir='ltr'>ut</span> <span class='ocrx_word' id='word_1_204' title='bbox 358 2055 557 2088; x_wconf 90' lang='lat' dir='ltr'>morbosus</span> <span class='ocrx_word' id='word_1_205' title='bbox 583 2054 648 2088; x_wconf 92' lang='lat' dir='ltr'>ille</span> <span class='ocrx_word' id='word_1_206' title='bbox 666 2054 775 2099; x_wconf 87' lang='lat' dir='ltr'>pugil</span> <span class='ocrx_word' id='word_1_207' title='bbox 791 2065 868 2088; x_wconf 90' lang='lat' dir='ltr'>me-</span> 
     </span>
     <span class='ocr_line' id='line_1_38' title="bbox 130 2101 866 2146; baseline 0.001 -11"><span class='ocrx_word' id='word_1_208' title='bbox 130 2102 257 2135; x_wconf 89' lang='lat' dir='ltr'>dicum</span> <span class='ocrx_word' id='word_1_209' title='bbox 275 2105 316 2135; x_wconf 88' lang='lat' dir='ltr'>tu</span> <span class='ocrx_word' id='word_1_210' title='bbox 335 2113 487 2146; x_wconf 90' lang='lat' dir='ltr'>quoque</span> <span class='ocrx_word' id='word_1_211' title='bbox 505 2112 567 2138; x_wconf 74' lang='lat' dir='ltr'>me,</span> <span class='ocrx_word' id='word_1_212' title='bbox 582 2102 679 2135; x_wconf 89' lang='lat' dir='ltr'>male</span> <span class='ocrx_word' id='word_1_213' title='bbox 698 2101 866 2136; x_wconf 83' lang='lat' dir='ltr'>mulcare</span> 
     </span>
     <span class='ocr_line' id='line_1_39' title="bbox 129 2149 867 2193; baseline 0 -11"><span class='ocrx_word' id='word_1_214' title='bbox 129 2149 324 2193; x_wconf 84' lang='lat' dir='ltr'>incipias.“</span> <span class='ocrx_word' id='word_1_215' title='bbox 353 2169 396 2173; x_wconf 85' lang='lat'>—-</span> <span class='ocrx_word' id='word_1_216' title='bbox 422 2151 521 2183; x_wconf 85' lang='lat' dir='ltr'>Dum</span> <span class='ocrx_word' id='word_1_217' title='bbox 552 2158 597 2182; x_wconf 75' lang='lat' dir='ltr'>ne</span> <span class='ocrx_word' id='word_1_218' title='bbox 631 2150 720 2189; x_wconf 78' lang='lat' dir='ltr'>quid</span> <span class='ocrx_word' id='word_1_219' title='bbox 750 2150 867 2182; x_wconf 81' lang='lat' dir='ltr'>simile</span> 
     </span>
     <span class='ocr_line' id='line_1_40' title="bbox 131 2196 866 2240; baseline 0.001 -11"><span class='ocrx_word' id='word_1_220' title='bbox 131 2197 227 2239; x_wconf 80' lang='lat' dir='ltr'>huic]</span> <span class='ocrx_word' id='word_1_221' title='bbox 254 2197 293 2229; x_wconf 90' lang='lat' dir='ltr'>in</span> <span class='ocrx_word' id='word_1_222' title='bbox 320 2207 379 2231; x_wconf 88' lang='lat' dir='ltr'>me</span> <span class='ocrx_word' id='word_1_223' title='bbox 405 2196 480 2239; x_wconf 88' lang='lat' dir='ltr'>fiat,</span> <span class='ocrx_word' id='word_1_224' title='bbox 508 2198 582 2230; x_wconf 82' lang='lat' dir='ltr'>esto</span> <span class='ocrx_word' id='word_1_225' title='bbox 609 2196 758 2239; x_wconf 82' lang='lat' dir='ltr'>(tertiae</span> <span class='ocrx_word' id='word_1_226' title='bbox 780 2207 866 2240; x_wconf 89' lang='lat' dir='ltr'>per-</span> 
     </span>
     <span class='ocr_line' id='line_1_41' title="bbox 130 2244 865 2287; baseline -0.001 -10"><span class='ocrx_word' id='word_1_227' title='bbox 130 2244 281 2286; x_wconf 83' lang='lat' dir='ltr'>sonae),</span> <span class='ocrx_word' id='word_1_228' title='bbox 314 2247 355 2277; x_wconf 78' lang='grc' dir='ltr'>αι</span> <span class='ocrx_word' id='word_1_229' title='bbox 391 2245 494 2287; x_wconf 78' lang='lat' dir='ltr'>libet,</span> <span class='ocrx_word' id='word_1_230' title='bbox 532 2252 632 2284; x_wconf 75' lang='lat' dir='ltr'>maa</span> <span class='ocrx_word' id='word_1_231' title='bbox 668 2253 712 2277; x_wconf 81' lang='lat' dir='ltr'>es</span> <span class='ocrx_word' id='word_1_232' title='bbox 744 2245 865 2286; x_wconf 79' lang='lat' dir='ltr'>sein,</span> 
     </span>
     <span class='ocr_line' id='line_1_42' title="bbox 128 2291 866 2333; baseline 0.001 -10"><span class='ocrx_word' id='word_1_233' title='bbox 128 2299 219 2323; x_wconf 83' lang='lat' dir='ltr'>was</span> <span class='ocrx_word' id='word_1_234' title='bbox 245 2292 301 2324; x_wconf 83' lang='lat' dir='ltr'>da</span> <span class='ocrx_word' id='word_1_235' title='bbox 324 2293 437 2324; x_wconf 81' lang='lat' dir='ltr'>will.</span> <span class='ocrx_word' id='word_1_236' title='bbox 457 2311 500 2314; x_wconf 97' lang='lat'><strong>—</strong></span> <span class='ocrx_word' id='word_1_237' title='bbox 522 2293 551 2324; x_wconf 87' lang='lat' dir='ltr'><strong><em>O</em></strong></span> <span class='ocrx_word' id='word_1_238' title='bbox 570 2293 659 2324; x_wconf 80' lang='lat' dir='ltr'>bone</span> <span class='ocrx_word' id='word_1_239' title='bbox 685 2292 771 2333; x_wconf 87' lang='lat' dir='ltr'>cet.]</span> <span class='ocrx_word' id='word_1_240' title='bbox 800 2291 866 2324; x_wconf 84' lang='lat' dir='ltr'>Vi-</span> 
     </span>
     <span class='ocr_line' id='line_1_43' title="bbox 129 2338 865 2382; baseline -0.001 -10"><span class='ocrx_word' id='word_1_241' title='bbox 129 2338 195 2372; x_wconf 84' lang='lat' dir='ltr'>des</span> <span class='ocrx_word' id='word_1_242' title='bbox 220 2338 417 2372; x_wconf 81' lang='lat' dir='ltr'>Horatium</span> <span class='ocrx_word' id='word_1_243' title='bbox 446 2350 514 2382; x_wconf 89' lang='lat' dir='ltr'>per</span> <span class='ocrx_word' id='word_1_244' title='bbox 548 2341 667 2372; x_wconf 83' lang='lat' dir='ltr'>totum</span> <span class='ocrx_word' id='word_1_245' title='bbox 691 2339 763 2372; x_wconf 87' lang='lat' dir='ltr'>hoc</span> <span class='ocrx_word' id='word_1_246' title='bbox 790 2338 865 2371; x_wconf 89' lang='lat' dir='ltr'>col-</span> 
     </span>
     <span class='ocr_line' id='line_1_44' title="bbox 129 2385 864 2430; baseline 0 -11"><span class='ocrx_word' id='word_1_247' title='bbox 129 2386 299 2430; x_wconf 88' lang='lat' dir='ltr'>loquium</span> <span class='ocrx_word' id='word_1_248' title='bbox 333 2386 410 2419; x_wconf 90' lang='lat' dir='ltr'>leni</span> <span class='ocrx_word' id='word_1_249' title='bbox 447 2397 594 2430; x_wconf 88' lang='lat' dir='ltr'>semper</span> <span class='ocrx_word' id='word_1_250' title='bbox 620 2385 798 2419; x_wconf 86' lang='lat' dir='ltr'>irrisione</span> <span class='ocrx_word' id='word_1_251' title='bbox 825 2385 864 2418; x_wconf 91' lang='lat' dir='ltr'>in</span> 
     </span>
     <span class='ocr_line' id='line_1_45' title="bbox 129 2432 865 2467; baseline -0.001 0"><span class='ocrx_word' id='word_1_252' title='bbox 129 2432 297 2467; x_wconf 86' lang='lat' dir='ltr'>Stoicum</span> <span class='ocrx_word' id='word_1_253' title='bbox 330 2443 441 2466; x_wconf 89' lang='lat' dir='ltr'>usum</span> <span class='ocrx_word' id='word_1_254' title='bbox 475 2443 577 2467; x_wconf 84' lang='lat' dir='ltr'>esse:</span> <span class='ocrx_word' id='word_1_255' title='bbox 610 2433 672 2466; x_wconf 89' lang='lat' dir='ltr'>hic</span> <span class='ocrx_word' id='word_1_256' title='bbox 705 2443 794 2467; x_wconf 84' lang='lat' dir='ltr'>vero</span> <span class='ocrx_word' id='word_1_257' title='bbox 820 2443 865 2466; x_wconf 88' lang='lat' dir='ltr'>ex</span> 
     </span>
     <span class='ocr_line' id='line_1_46' title="bbox 129 2479 865 2523; baseline -0.001 -9"><span class='ocrx_word' id='word_1_258' title='bbox 129 2480 339 2514; x_wconf 83' lang='lat' dir='ltr'>Stoicorum</span> <span class='ocrx_word' id='word_1_259' title='bbox 368 2479 528 2513; x_wconf 87' lang='lat' dir='ltr'>istorum</span> <span class='ocrx_word' id='word_1_260' title='bbox 554 2491 658 2513; x_wconf 93' lang='lat' dir='ltr'>more</span> <span class='ocrx_word' id='word_1_261' title='bbox 686 2480 797 2523; x_wconf 86' lang='lat' dir='ltr'>serio,</span> <span class='ocrx_word' id='word_1_262' title='bbox 822 2482 865 2513; x_wconf 87' lang='lat' dir='ltr'>ut</span> 
     </span>
     <span class='ocr_line' id='line_1_47' title="bbox 128 2527 865 2572; baseline 0.001 -12"><span class='ocrx_word' id='word_1_263' title='bbox 128 2528 210 2572; x_wconf 87' lang='lat' dir='ltr'>ipse</span> <span class='ocrx_word' id='word_1_264' title='bbox 237 2527 369 2562; x_wconf 85' lang='lat' dir='ltr'>saltem</span> <span class='ocrx_word' id='word_1_265' title='bbox 388 2528 576 2570; x_wconf 75' lang='lat' dir='ltr'>opinatur,</span> <span class='ocrx_word' id='word_1_266' title='bbox 604 2538 777 2561; x_wconf 84' lang='lat' dir='ltr'>sermone</span> <span class='ocrx_word' id='word_1_267' title='bbox 802 2538 865 2572; x_wconf 88' lang='lat' dir='ltr'>ag-</span> 
     </span>
     <span class='ocr_line' id='line_1_48' title="bbox 127 2574 863 2620; baseline -0.001 -11"><span class='ocrx_word' id='word_1_268' title='bbox 127 2575 297 2620; x_wconf 86' lang='lat' dir='ltr'>greditur</span> <span class='ocrx_word' id='word_1_269' title='bbox 322 2574 532 2608; x_wconf 83' lang='lat' dir='ltr'>Horatium.</span> <span class='ocrx_word' id='word_1_270' title='bbox 565 2576 594 2607; x_wconf 91' lang='lat' dir='ltr'><strong><em>O</em></strong></span> <span class='ocrx_word' id='word_1_271' title='bbox 622 2576 711 2608; x_wconf 83' lang='lat' dir='ltr'>bone</span> <span class='ocrx_word' id='word_1_272' title='bbox 737 2577 863 2608; x_wconf 85' lang='lat' dir='ltr'>autem</span> 
     </span>
     <span class='ocr_line' id='line_1_49' title="bbox 127 2621 865 2666; baseline -0.001 -10"><span class='ocrx_word' id='word_1_273' title='bbox 127 2623 324 2656; x_wconf 86' lang='lat' dir='ltr'>familiaris</span> <span class='ocrx_word' id='word_1_274' title='bbox 349 2621 474 2666; x_wconf 79' lang='lat' dir='ltr'>potius</span> <span class='ocrx_word' id='word_1_275' title='bbox 496 2632 631 2665; x_wconf 88' lang='lat' dir='ltr'>quam</span> <span class='ocrx_word' id='word_1_276' title='bbox 636 2622 782 2656; x_wconf 89' lang='lat' dir='ltr'>ironica</span> <span class='ocrx_word' id='word_1_277' title='bbox 807 2624 865 2656; x_wconf 81' lang='lat' dir='ltr'>est</span> 
     </span>
     <span class='ocr_line' id='line_1_50' title="bbox 128 2667 863 2714; baseline -0.001 -11"><span class='ocrx_word' id='word_1_278' title='bbox 128 2670 326 2712; x_wconf 74' lang='lat' dir='ltr'>allocutio,</span> <span class='ocrx_word' id='word_1_279' title='bbox 361 2669 416 2703; x_wconf 87' lang='lat' dir='ltr'>sic</span> <span class='ocrx_word' id='word_1_280' title='bbox 442 2668 578 2703; x_wconf 83' lang='lat' dir='ltr'>Graeci</span> <span class='ocrx_word' id='word_1_281' title='bbox 604 2667 633 2701; x_wconf 83' lang='grc' dir='ltr'><em>ὠ</em></span> <span class='ocrx_word' id='word_1_282' title='bbox 660 2668 798 2714; x_wconf 79' lang='grc' dir='ltr'>λῷστε,</span> <span class='ocrx_word' id='word_1_283' title='bbox 832 2680 863 2702; x_wconf 89' lang='grc' dir='ltr'><strong>ω</strong></span> 
     </span>
    </p>
   </div>
   <div class='ocr_carea' id='block_1_11' title="bbox 342 2715 720 2758">
    <p class='ocr_par' dir='ltr' id='par_1_13' title="bbox 342 2715 720 2758">
     <span class='ocr_line' id='line_1_51' title="bbox 342 2715 720 2758; baseline -0.006 -7"><span class='ocrx_word' id='word_1_284' title='bbox 342 2717 417 2751; x_wconf 80' lang='lat' dir='ltr'>Ofr.</span> <span class='ocrx_word' id='word_1_285' title='bbox 445 2715 519 2750; x_wconf 77' lang='lat' dir='ltr'>Sat.</span> <span class='ocrx_word' id='word_1_286' title='bbox 545 2718 577 2758; x_wconf 85' lang='lat'>2,</span> <span class='ocrx_word' id='word_1_287' title='bbox 603 2718 636 2758; x_wconf 87' lang='grc'>6,</span> <span class='ocrx_word' id='word_1_288' title='bbox 663 2718 720 2749; x_wconf 90' lang='grc'>51.</span> 
     </span>
    </p>
   </div>
   <div class='ocr_carea' id='block_1_12' title="bbox 129 2719 297 2763">
    <p class='ocr_par' dir='ltr' id='par_1_14' title="bbox 129 2719 297 2763">
     <span class='ocr_line' id='line_1_52' title="bbox 129 2719 297 2763; baseline 0 -13"><span class='ocrx_word' id='word_1_289' title='bbox 129 2719 297 2763; x_wconf 71' lang='grc' dir='ltr'>φέριστε.</span> 
     </span>
    </p>
   </div>
   <div class='ocr_carea' id='block_1_13' title="bbox 920 1059 1661 1293">
    <p class='ocr_par' dir='ltr' id='par_1_15' title="bbox 920 1059 1661 1293">
     <span class='ocr_line' id='line_1_53' title="bbox 971 1059 1661 1104; baseline 0 -10"><span class='ocrx_word' id='word_1_290' title='bbox 971 1062 1090 1094; x_wconf 86' lang='lat'>31-40.</span> <span class='ocrx_word' id='word_1_291' title='bbox 1116 1070 1160 1094; x_wconf 81' lang='lat' dir='ltr'>ne</span> <span class='ocrx_word' id='word_1_292' title='bbox 1186 1063 1219 1094; x_wconf 79' lang='lat' dir='ltr'>te</span> <span class='ocrx_word' id='word_1_293' title='bbox 1243 1060 1447 1104; x_wconf 64' lang='lat' dir='ltr'>Rusti-ere]</span> <span class='ocrx_word' id='word_1_294' title='bbox 1475 1059 1582 1103; x_wconf 83' lang='lat' dir='ltr'>„Noli</span> <span class='ocrx_word' id='word_1_295' title='bbox 1598 1061 1661 1094; x_wconf 79' lang='lat' dir='ltr'>ni-</span> 
     </span>
     <span class='ocr_line' id='line_1_54' title="bbox 921 1108 1660 1152; baseline 0.003 -11"><span class='ocrx_word' id='word_1_296' title='bbox 921 1108 992 1142; x_wconf 88' lang='lat' dir='ltr'>mis</span> <span class='ocrx_word' id='word_1_297' title='bbox 1018 1109 1208 1152; x_wconf 82' lang='lat' dir='ltr'>praesenti</span> <span class='ocrx_word' id='word_1_298' title='bbox 1231 1111 1298 1142; x_wconf 90' lang='lat' dir='ltr'>tuo</span> <span class='ocrx_word' id='word_1_299' title='bbox 1330 1110 1430 1143; x_wconf 81' lang='lat' dir='ltr'>statu</span> <span class='ocrx_word' id='word_1_300' title='bbox 1455 1110 1660 1143; x_wconf 79' lang='lat' dir='ltr'>contentus</span> 
     </span>
     <span class='ocr_line' id='line_1_55' title="bbox 922 1155 1656 1200; baseline 0.001 -12"><span class='ocrx_word' id='word_1_301' title='bbox 922 1157 958 1189; x_wconf 89' lang='lat' dir='ltr'>te</span> <span class='ocrx_word' id='word_1_302' title='bbox 984 1155 1108 1199; x_wconf 86' lang='lat' dir='ltr'>ipsum</span> <span class='ocrx_word' id='word_1_303' title='bbox 1126 1155 1314 1200; x_wconf 77' lang='lat' dir='ltr'>decipere,</span> <span class='ocrx_word' id='word_1_304' title='bbox 1341 1156 1449 1200; x_wconf 90' lang='lat' dir='ltr'>quasi</span> <span class='ocrx_word' id='word_1_305' title='bbox 1466 1166 1555 1189; x_wconf 82' lang='lat' dir='ltr'>vero</span> <span class='ocrx_word' id='word_1_306' title='bbox 1580 1155 1656 1190; x_wconf 86' lang='lat' dir='ltr'>iam</span> 
     </span>
     <span class='ocr_line' id='line_1_56' title="bbox 920 1203 1658 1248; baseline 0 -13"><span class='ocrx_word' id='word_1_307' title='bbox 920 1203 1192 1246; x_wconf 82' lang='lat' dir='ltr'>perfectionem</span> <span class='ocrx_word' id='word_1_308' title='bbox 1210 1203 1392 1248; x_wconf 79' lang='lat' dir='ltr'>attigeris.</span> <span class='ocrx_word' id='word_1_309' title='bbox 1399 1203 1416 1220; x_wconf 83' lang='lat'>“</span> <span class='ocrx_word' id='word_1_310' title='bbox 1429 1221 1472 1226; x_wconf 93' lang='lat'><strong>—</strong></span> <span class='ocrx_word' id='word_1_311' title='bbox 1482 1204 1658 1243; x_wconf 76' lang='lat' dir='ltr'>stultique</span> 
     </span>
     <span class='ocr_line' id='line_1_57' title="bbox 922 1249 1656 1293; baseline 0 -10"><span class='ocrx_word' id='word_1_312' title='bbox 922 1249 1006 1292; x_wconf 69' lang='lat' dir='ltr'>cet]</span> <span class='ocrx_word' id='word_1_313' title='bbox 1040 1249 1155 1284; x_wconf 87' lang='lat' dir='ltr'>Stulti</span> <span class='ocrx_word' id='word_1_314' title='bbox 1179 1253 1216 1284; x_wconf 86' lang='lat' dir='ltr'>et</span> <span class='ocrx_word' id='word_1_315' title='bbox 1239 1250 1366 1285; x_wconf 81' lang='lat' dir='ltr'>insani</span> <span class='ocrx_word' id='word_1_316' title='bbox 1392 1252 1481 1284; x_wconf 81' lang='lat' dir='ltr'>sunt</span> <span class='ocrx_word' id='word_1_317' title='bbox 1507 1249 1656 1293; x_wconf 80' lang='lat' dir='ltr'>Stoicis,</span> 
     </span>
    </p>
   </div>
   <div class='ocr_carea' id='block_1_14' title="bbox 915 1297 1660 2186">
    <p class='ocr_par' dir='ltr' id='par_1_16' title="bbox 915 1297 1660 2186">
     <span class='ocr_line' id='line_1_58' title="bbox 922 1297 1654 1353; baseline 0 -23"><span class='ocrx_word' id='word_1_318' title='bbox 922 1297 1142 1341; x_wconf 84' lang='lat' dir='ltr'>quicunque</span> <span class='ocrx_word' id='word_1_319' title='bbox 1160 1298 1207 1332; x_wconf 85' lang='lat' dir='ltr'>ab</span> <span class='ocrx_word' id='word_1_320' title='bbox 1221 1307 1352 1331; x_wconf 85' lang='lat' dir='ltr'>eorum</span> <span class='ocrx_word' id='word_1_321' title='bbox 1371 1297 1594 1353; x_wconf 81' lang='lat' dir='ltr'>disciplina</span> <span class='ocrx_word' id='word_1_322' title='bbox 1590 1297 1654 1331; x_wconf 80' lang='lat' dir='ltr'>ab·</span> 
     </span>
     <span class='ocr_line' id='line_1_59' title="bbox 920 1339 1657 1379; baseline 0 -1"><span class='ocrx_word' id='word_1_323' title='bbox 920 1345 1088 1378; x_wconf 84' lang='lat' dir='ltr'>horrent.</span> <span class='ocrx_word' id='word_1_324' title='bbox 1115 1344 1191 1379; x_wconf 86' lang='lat' dir='ltr'>Cio.</span> <span class='ocrx_word' id='word_1_325' title='bbox 1216 1344 1352 1378; x_wconf 82' lang='lat' dir='ltr'>Parad.</span> <span class='ocrx_word' id='word_1_326' title='bbox 1378 1344 1492 1378; x_wconf 84' lang='lat' dir='ltr'>Stoio.</span> <span class='ocrx_word' id='word_1_327' title='bbox 1517 1346 1561 1378; x_wconf 81' lang='lat'>4:</span> <span class='ocrx_word' id='word_1_328' title='bbox 1571 1339 1657 1377; x_wconf 66' lang='grc' dir='ltr'>’Ότι</span> 
     </span>
     <span class='ocr_line' id='line_1_60' title="bbox 921 1388 1660 1447; baseline 0.001 -23.003"><span class='ocrx_word' id='word_1_329' title='bbox 921 1392 993 1433; x_wconf 68' lang='grc' dir='ltr'>,τᾶς</span> <span class='ocrx_word' id='word_1_330' title='bbox 1040 1388 1178 1447; x_wconf 74' lang='grc' dir='ltr'><em>ἄφρων</em></span> <span class='ocrx_word' id='word_1_331' title='bbox 1225 1393 1415 1446; x_wconf 79' lang='grc' dir='ltr'><em>μαίνεται.</em></span> <span class='ocrx_word' id='word_1_332' title='bbox 1456 1410 1500 1415; x_wconf 90' lang='lat'>--</span> <span class='ocrx_word' id='word_1_333' title='bbox 1538 1399 1660 1433; x_wconf 72' lang='lat' dir='ltr'>prope</span> 
     </span>
     <span class='ocr_line' id='line_1_61' title="bbox 920 1434 1657 1482; baseline 0 -10"><span class='ocrx_word' id='word_1_334' title='bbox 920 1440 1063 1482; x_wconf 80' lang='lat' dir='ltr'>omnes]</span> <span class='ocrx_word' id='word_1_335' title='bbox 1107 1434 1285 1481; x_wconf 78' lang='grc' dir='ltr'>ἅπαντες,</span> <span class='ocrx_word' id='word_1_336' title='bbox 1310 1436 1362 1481; x_wconf 81' lang='grc' dir='ltr'>ὦς</span> <span class='ocrx_word' id='word_1_337' title='bbox 1394 1448 1487 1480; x_wconf 85' lang='grc' dir='ltr'><em>επος</em></span> <span class='ocrx_word' id='word_1_338' title='bbox 1525 1440 1657 1472; x_wconf 82' lang='grc' dir='ltr'><strong><em>ειπεῐν.</em></strong></span> 
     </span>
     <span class='ocr_line' id='line_1_62' title="bbox 919 1486 1655 1531; baseline 0 -11"><span class='ocrx_word' id='word_1_339' title='bbox 919 1504 967 1511; x_wconf 84' lang='lat'><strong><em>-</em></strong></span> <span class='ocrx_word' id='word_1_340' title='bbox 990 1487 1198 1531; x_wconf 76' lang='lat' dir='ltr'>Stertinius]</span> <span class='ocrx_word' id='word_1_341' title='bbox 1233 1486 1310 1520; x_wconf 82' lang='lat' dir='ltr'>Cfr.</span> <span class='ocrx_word' id='word_1_342' title='bbox 1335 1486 1430 1531; x_wconf 84' lang='lat' dir='ltr'>Epp.</span> <span class='ocrx_word' id='word_1_343' title='bbox 1458 1488 1490 1529; x_wconf 90' lang='lat'>1,</span> <span class='ocrx_word' id='word_1_344' title='bbox 1517 1487 1573 1529; x_wconf 87' lang='grc'>12,</span> <span class='ocrx_word' id='word_1_345' title='bbox 1598 1487 1655 1520; x_wconf 88' lang='grc'>20.</span> 
     </span>
     <span class='ocr_line' id='line_1_63' title="bbox 920 1533 1660 1578; baseline -0.001 -11"><span class='ocrx_word' id='word_1_346' title='bbox 920 1553 964 1558; x_wconf 90' lang='grc'><strong>-</strong></span> <span class='ocrx_word' id='word_1_347' title='bbox 991 1534 1132 1577; x_wconf 80' lang='lat' dir='ltr'>crepat]</span> <span class='ocrx_word' id='word_1_348' title='bbox 1152 1534 1394 1577; x_wconf 81' lang='lat' dir='ltr'>„identidem,</span> <span class='ocrx_word' id='word_1_349' title='bbox 1419 1535 1458 1567; x_wconf 82' lang='lat' dir='ltr'>et</span> <span class='ocrx_word' id='word_1_350' title='bbox 1474 1534 1549 1567; x_wconf 82' lang='lat' dir='ltr'>alta</span> <span class='ocrx_word' id='word_1_351' title='bbox 1573 1533 1660 1578; x_wconf 83' lang='lat' dir='ltr'>qui-</span> 
     </span>
     <span class='ocr_line' id='line_1_64' title="bbox 919 1581 1657 1623; baseline -0.001 -9"><span class='ocrx_word' id='word_1_352' title='bbox 919 1581 1004 1614; x_wconf 90' lang='lat' dir='ltr'>dem</span> <span class='ocrx_word' id='word_1_353' title='bbox 1029 1592 1138 1623; x_wconf 81' lang='lat' dir='ltr'>voce,</span> <span class='ocrx_word' id='word_1_354' title='bbox 1170 1582 1306 1615; x_wconf 89' lang='lat' dir='ltr'>docere</span> <span class='ocrx_word' id='word_1_355' title='bbox 1332 1581 1461 1615; x_wconf 81' lang='lat' dir='ltr'>solet.“</span> <span class='ocrx_word' id='word_1_356' title='bbox 1489 1599 1534 1605; x_wconf 91' lang='lat'>—-</span> <span class='ocrx_word' id='word_1_357' title='bbox 1559 1583 1657 1614; x_wconf 78' lang='lat' dir='ltr'>unde</span> 
     </span>
     <span class='ocr_line' id='line_1_65' title="bbox 919 1627 1655 1671; baseline -0.001 -9"><span class='ocrx_word' id='word_1_358' title='bbox 919 1628 1003 1670; x_wconf 78' lang='lat' dir='ltr'>cet-J</span> <span class='ocrx_word' id='word_1_359' title='bbox 1046 1639 1120 1670; x_wconf 86' lang='lat' dir='ltr'>„ex</span> <span class='ocrx_word' id='word_1_360' title='bbox 1144 1628 1211 1671; x_wconf 87' lang='lat' dir='ltr'>iis,</span> <span class='ocrx_word' id='word_1_361' title='bbox 1250 1638 1346 1671; x_wconf 85' lang='lat' dir='ltr'>quae</span> <span class='ocrx_word' id='word_1_362' title='bbox 1371 1627 1418 1661; x_wconf 81' lang='lat' dir='ltr'>ab</span> <span class='ocrx_word' id='word_1_363' title='bbox 1445 1637 1488 1661; x_wconf 90' lang='lat' dir='ltr'>eo</span> <span class='ocrx_word' id='word_1_364' title='bbox 1514 1627 1655 1670; x_wconf 81' lang='lat' dir='ltr'>audivi,</span> 
     </span>
     <span class='ocr_line' id='line_1_66' title="bbox 918 1674 1657 1720; baseline 0 -12"><span class='ocrx_word' id='word_1_365' title='bbox 918 1675 1070 1708; x_wconf 90' lang='lat' dir='ltr'>domum</span> <span class='ocrx_word' id='word_1_366' title='bbox 1095 1685 1283 1717; x_wconf 82' lang='lat' dir='ltr'>reversus,</span> <span class='ocrx_word' id='word_1_367' title='bbox 1308 1675 1434 1709; x_wconf 79' lang='lat' dir='ltr'>notavi</span> <span class='ocrx_word' id='word_1_368' title='bbox 1453 1674 1657 1720; x_wconf 83' lang='lat' dir='ltr'>diligenter</span> 
     </span>
     <span class='ocr_line' id='line_1_67' title="bbox 917 1722 1653 1767; baseline 0.001 -13"><span class='ocrx_word' id='word_1_369' title='bbox 917 1722 1009 1756; x_wconf 88' lang='lat' dir='ltr'>haec</span> <span class='ocrx_word' id='word_1_370' title='bbox 1028 1723 1180 1767; x_wconf 87' lang='lat' dir='ltr'>egregia</span> <span class='ocrx_word' id='word_1_371' title='bbox 1196 1722 1433 1767; x_wconf 78' lang='lat' dir='ltr'>praecepta.“</span> <span class='ocrx_word' id='word_1_372' title='bbox 1450 1740 1493 1745; x_wconf 94' lang='lat'>-—</span> <span class='ocrx_word' id='word_1_373' title='bbox 1507 1723 1653 1763; x_wconf 63' lang='lat' dir='ltr'>sapiam</span> 
     </span>
     <span class='ocr_line' id='line_1_68' title="bbox 918 1768 1656 1814; baseline 0.001 -12"><span class='ocrx_word' id='word_1_374' title='bbox 918 1770 1174 1813; x_wconf 78' lang='lat' dir='ltr'>lem-barbam]</span> <span class='ocrx_word' id='word_1_375' title='bbox 1203 1780 1323 1814; x_wconf 86' lang='lat' dir='ltr'>„quae</span> <span class='ocrx_word' id='word_1_376' title='bbox 1342 1768 1552 1814; x_wconf 82' lang='lat' dir='ltr'>sapientiae</span> <span class='ocrx_word' id='word_1_377' title='bbox 1569 1779 1656 1814; x_wconf 89' lang='lat' dir='ltr'>spe-</span> 
     </span>
     <span class='ocr_line' id='line_1_69' title="bbox 918 1816 1652 1862; baseline 0 -12"><span class='ocrx_word' id='word_1_378' title='bbox 918 1816 1013 1851; x_wconf 87' lang='lat' dir='ltr'>ciem</span> <span class='ocrx_word' id='word_1_379' title='bbox 1046 1819 1160 1861; x_wconf 87' lang='lat' dir='ltr'>atque</span> <span class='ocrx_word' id='word_1_380' title='bbox 1187 1817 1405 1862; x_wconf 88' lang='lat' dir='ltr'>opinionem</span> <span class='ocrx_word' id='word_1_381' title='bbox 1438 1816 1652 1850; x_wconf 75' lang='lat' dir='ltr'>conciliat.“</span> 
     </span>
     <span class='ocr_line' id='line_1_70' title="bbox 919 1863 1655 1908; baseline -0.001 -11"><span class='ocrx_word' id='word_1_382' title='bbox 919 1863 1149 1898; x_wconf 85' lang='lat' dir='ltr'>Graecorum</span> <span class='ocrx_word' id='word_1_383' title='bbox 1187 1866 1269 1898; x_wconf 84' lang='lat' dir='ltr'>erat</span> <span class='ocrx_word' id='word_1_384' title='bbox 1307 1864 1572 1908; x_wconf 84' lang='lat' dir='ltr'>proverbium:</span> <span class='ocrx_word' id='word_1_385' title='bbox 1609 1863 1655 1897; x_wconf 80' lang='grc' dir='ltr'>ἐκ</span> 
     </span>
     <span class='ocr_line' id='line_1_71' title="bbox 918 1908 1653 1955; baseline 0 -11"><span class='ocrx_word' id='word_1_386' title='bbox 918 1908 1101 1955; x_wconf 75' lang='grc' dir='ltr'><em>πώγωνος</em></span> <span class='ocrx_word' id='word_1_387' title='bbox 1126 1908 1265 1954; x_wconf 84' lang='grc' dir='ltr'><strong><em>σοφός.</em></strong></span> <span class='ocrx_word' id='word_1_388' title='bbox 1298 1911 1404 1946; x_wconf 88' lang='lat' dir='ltr'>Conf.</span> <span class='ocrx_word' id='word_1_389' title='bbox 1429 1921 1462 1944; x_wconf 82' lang='lat' dir='ltr'>v.</span> <span class='ocrx_word' id='word_1_390' title='bbox 1490 1913 1546 1945; x_wconf 81' lang='lat'>17.</span> <span class='ocrx_word' id='word_1_391' title='bbox 1564 1929 1606 1934; x_wconf 91' lang='lat'>—</span> <span class='ocrx_word' id='word_1_392' title='bbox 1628 1919 1653 1944; x_wconf 85' lang='lat' dir='ltr'>a</span> 
     </span>
     <span class='ocr_line' id='line_1_72' title="bbox 915 1957 1655 2003; baseline -0.001 -11"><span class='ocrx_word' id='word_1_393' title='bbox 915 1960 1084 1992; x_wconf 80' lang='lat' dir='ltr'>Fabricio</span> <span class='ocrx_word' id='word_1_394' title='bbox 1095 1959 1241 2002; x_wconf 52' lang='lat' dir='ltr'>monte]</span> <span class='ocrx_word' id='word_1_395' title='bbox 1281 1959 1375 2002; x_wconf 87' lang='lat' dir='ltr'>„Hic</span> <span class='ocrx_word' id='word_1_396' title='bbox 1398 1969 1495 2003; x_wconf 89' lang='lat' dir='ltr'>pons</span> <span class='ocrx_word' id='word_1_397' title='bbox 1519 1957 1655 1992; x_wconf 81' lang='lat' dir='ltr'>Fabri-</span> 
     </span>
     <span class='ocr_line' id='line_1_73' title="bbox 917 2005 1651 2040; baseline 0 0"><span class='ocrx_word' id='word_1_398' title='bbox 917 2007 1000 2040; x_wconf 87' lang='lat' dir='ltr'>cius</span> <span class='ocrx_word' id='word_1_399' title='bbox 1025 2006 1147 2040; x_wconf 82' lang='lat' dir='ltr'>dictus</span> <span class='ocrx_word' id='word_1_400' title='bbox 1174 2008 1231 2040; x_wconf 81' lang='lat' dir='ltr'>est</span> <span class='ocrx_word' id='word_1_401' title='bbox 1256 2017 1278 2040; x_wconf 92' lang='lat' dir='ltr'>a</span> <span class='ocrx_word' id='word_1_402' title='bbox 1293 2005 1468 2040; x_wconf 85' lang='lat' dir='ltr'>Fabricio</span> <span class='ocrx_word' id='word_1_403' title='bbox 1493 2005 1651 2040; x_wconf 85' lang='lat' dir='ltr'>consule</span> 
     </span>
     <span class='ocr_line' id='line_1_74' title="bbox 917 2052 1657 2098; baseline -0.001 -11"><span class='ocrx_word' id='word_1_404' title='bbox 917 2053 1124 2096; x_wconf 84' lang='lat' dir='ltr'>conditore,</span> <span class='ocrx_word' id='word_1_405' title='bbox 1151 2053 1219 2098; x_wconf 89' lang='lat' dir='ltr'>qui</span> <span class='ocrx_word' id='word_1_406' title='bbox 1243 2064 1347 2087; x_wconf 84' lang='lat' dir='ltr'>nunc</span> <span class='ocrx_word' id='word_1_407' title='bbox 1368 2052 1560 2097; x_wconf 82' lang='lat' dir='ltr'>Lapideus</span> <span class='ocrx_word' id='word_1_408' title='bbox 1585 2063 1657 2087; x_wconf 88' lang='lat' dir='ltr'>no·-</span> 
     </span>
     <span class='ocr_line' id='line_1_75' title="bbox 915 2099 1657 2143; baseline -0.001 -9"><span class='ocrx_word' id='word_1_409' title='bbox 915 2101 1100 2143; x_wconf 85' lang='lat' dir='ltr'>minatur,</span> <span class='ocrx_word' id='word_1_410' title='bbox 1136 2101 1290 2135; x_wconf 88' lang='lat' dir='ltr'>iunctus</span> <span class='ocrx_word' id='word_1_411' title='bbox 1323 2101 1472 2135; x_wconf 86' lang='lat' dir='ltr'>insulae</span> <span class='ocrx_word' id='word_1_412' title='bbox 1506 2099 1657 2135; x_wconf 81' lang='lat' dir='ltr'>Tiberi-</span> 
     </span>
     <span class='ocr_line' id='line_1_76' title="bbox 915 2147 1650 2186; baseline -0.001 -4"><span class='ocrx_word' id='word_1_413' title='bbox 915 2149 1021 2182; x_wconf 83' lang='lat' dir='ltr'>nae.“</span> <span class='ocrx_word' id='word_1_414' title='bbox 1050 2148 1179 2182; x_wconf 65' lang='lat' dir='ltr'>Comi.</span> <span class='ocrx_word' id='word_1_415' title='bbox 1206 2148 1327 2186; x_wconf 70' lang='lat' dir='ltr'>Cano.</span> <span class='ocrx_word' id='word_1_416' title='bbox 1359 2147 1470 2182; x_wconf 81' lang='lat' dir='ltr'>Nunc</span> <span class='ocrx_word' id='word_1_417' title='bbox 1495 2149 1650 2182; x_wconf 80' lang='lat' dir='ltr'>vocatur</span> 
     </span>
    </p>
   </div>
   <div class='ocr_carea' id='block_1_15' title="bbox 911 2194 1707 2237">
    <p class='ocr_par' dir='ltr' id='par_1_17' title="bbox 911 2194 1707 2237">
     <span class='ocr_line' id='line_1_77' title="bbox 911 2194 1707 2237; baseline -0.003 -7"><span class='ocrx_word' id='word_1_418' title='bbox 911 2198 1023 2237; x_wconf 73' lang='lat' dir='ltr'>ponte</span> <span class='ocrx_word' id='word_1_419' title='bbox 1048 2197 1087 2229; x_wconf 81' lang='lat' dir='ltr'>di</span> <span class='ocrx_word' id='word_1_420' title='bbox 1111 2197 1260 2236; x_wconf 68' lang='lat' dir='ltr'>quatere</span> <span class='ocrx_word' id='word_1_421' title='bbox 1298 2197 1393 2237; x_wconf 78' lang='lat' dir='ltr'>capi.</span> <span class='ocrx_word' id='word_1_422' title='bbox 1419 2214 1464 2219; x_wconf 91' lang='lat'>-—-</span> <span class='ocrx_word' id='word_1_423' title='bbox 1491 2195 1585 2228; x_wconf 82' lang='lat' dir='ltr'>male</span> <span class='ocrx_word' id='word_1_424' title='bbox 1608 2203 1654 2228; x_wconf 79' lang='lat' dir='ltr'>re</span> <span class='ocrx_word' id='word_1_425' title='bbox 1706 2194 1707 2199; x_wconf 78' lang='grc'>’</span> 
     </span>
    </p>
   </div>
   <div class='ocr_carea' id='block_1_16' title="bbox 913 2241 1651 2758">
    <p class='ocr_par' dir='ltr' id='par_1_18' title="bbox 913 2241 1651 2758">
     <span class='ocr_line' id='line_1_78' title="bbox 915 2241 1650 2286; baseline -0.001 -10"><span class='ocrx_word' id='word_1_426' title='bbox 915 2243 1039 2286; x_wconf 73' lang='lat' dir='ltr'>qesta]</span> <span class='ocrx_word' id='word_1_427' title='bbox 1076 2243 1194 2285; x_wconf 83' lang='lat' dir='ltr'>„male</span> <span class='ocrx_word' id='word_1_428' title='bbox 1219 2254 1261 2277; x_wconf 85' lang='lat' dir='ltr'>re</span> <span class='ocrx_word' id='word_1_429' title='bbox 1286 2242 1465 2277; x_wconf 85' lang='lat' dir='ltr'>familiari</span> <span class='ocrx_word' id='word_1_430' title='bbox 1490 2241 1650 2277; x_wconf 72' lang='lat' dir='ltr'>admini-</span> 
     </span>
     <span class='ocr_line' id='line_1_79' title="bbox 916 2289 1651 2333; baseline -0.004 -9"><span class='ocrx_word' id='word_1_431' title='bbox 916 2293 1043 2333; x_wconf 81' lang='lat' dir='ltr'>strata,</span> <span class='ocrx_word' id='word_1_432' title='bbox 1061 2300 1146 2324; x_wconf 89' lang='lat' dir='ltr'>cum</span> <span class='ocrx_word' id='word_1_433' title='bbox 1160 2289 1430 2324; x_wconf 74' lang='lat' dir='ltr'>decom&#39;ssem.“</span> <span class='ocrx_word' id='word_1_434' title='bbox 1444 2308 1491 2315; x_wconf 88' lang='lat'>—-</span> <span class='ocrx_word' id='word_1_435' title='bbox 1505 2291 1651 2330; x_wconf 77' lang='lat' dir='ltr'>operto-</span> 
     </span>
     <span class='ocr_line' id='line_1_80' title="bbox 915 2335 1651 2381; baseline -0.003 -10"><span class='ocrx_word' id='word_1_436' title='bbox 915 2338 1046 2381; x_wconf 79' lang='lat' dir='ltr'>capile]</span> <span class='ocrx_word' id='word_1_437' title='bbox 1072 2340 1114 2371; x_wconf 90' lang='lat' dir='ltr'>ut</span> <span class='ocrx_word' id='word_1_438' title='bbox 1131 2338 1304 2372; x_wconf 83' lang='lat' dir='ltr'>solebant</span> <span class='ocrx_word' id='word_1_439' title='bbox 1328 2336 1519 2370; x_wconf 87' lang='lat' dir='ltr'>interdum</span> <span class='ocrx_word' id='word_1_440' title='bbox 1535 2335 1651 2369; x_wconf 86' lang='lat' dir='ltr'>mori-</span> 
     </span>
     <span class='ocr_line' id='line_1_81' title="bbox 914 2384 1648 2426; baseline -0.004 -7"><span class='ocrx_word' id='word_1_441' title='bbox 914 2385 1045 2419; x_wconf 90' lang='lat' dir='ltr'>bundi.</span> <span class='ocrx_word' id='word_1_442' title='bbox 1077 2384 1158 2418; x_wconf 81' lang='lat' dir='ltr'>Liv.</span> <span class='ocrx_word' id='word_1_443' title='bbox 1184 2386 1223 2426; x_wconf 83' lang='lat'>4,</span> <span class='ocrx_word' id='word_1_444' title='bbox 1250 2385 1313 2417; x_wconf 83' lang='lat'>12:</span> <span class='ocrx_word' id='word_1_445' title='bbox 1337 2384 1451 2419; x_wconf 76' lang='lat' dir='ltr'>Multi</span> <span class='ocrx_word' id='word_1_446' title='bbox 1476 2391 1522 2417; x_wconf 69' lang='grc' dir='ltr'>σω</span> <span class='ocrx_word' id='word_1_447' title='bbox 1542 2384 1648 2424; x_wconf 77' lang='lat' dir='ltr'>plebe</span> 
     </span>
     <span class='ocr_line' id='line_1_82' title="bbox 913 2431 1647 2474; baseline -0.003 -8"><span class='ocrx_word' id='word_1_448' title='bbox 913 2442 974 2474; x_wconf 81' lang='lat' dir='ltr'>spe</span> <span class='ocrx_word' id='word_1_449' title='bbox 993 2433 1141 2474; x_wconf 77' lang='lat' dir='ltr'>amissa,</span> <span class='ocrx_word' id='word_1_450' title='bbox 1162 2433 1285 2473; x_wconf 76' lang='lat' dir='ltr'>potius</span> <span class='ocrx_word' id='word_1_451' title='bbox 1303 2440 1415 2472; x_wconf 79' lang='lat' dir='ltr'>quam</span> <span class='ocrx_word' id='word_1_452' title='bbox 1438 2433 1479 2464; x_wconf 77' lang='lat' dir='ltr'>ul</span> <span class='ocrx_word' id='word_1_453' title='bbox 1504 2431 1647 2464; x_wconf 79' lang='lat' dir='ltr'>crucia-</span> 
     </span>
     <span class='ocr_line' id='line_1_83' title="bbox 914 2478 1648 2521; baseline -0.001 -10"><span class='ocrx_word' id='word_1_454' title='bbox 914 2482 1043 2513; x_wconf 80' lang='lat' dir='ltr'>remur</span> <span class='ocrx_word' id='word_1_455' title='bbox 1068 2480 1248 2512; x_wconf 71' lang='lat' dir='ltr'>trahendo</span> <span class='ocrx_word' id='word_1_456' title='bbox 1267 2480 1442 2521; x_wconf 73' lang='lat' dir='ltr'>animam,</span> <span class='ocrx_word' id='word_1_457' title='bbox 1468 2478 1648 2519; x_wconf 63' lang='lat' dir='ltr'>capitibus</span> 
     </span>
     <span class='ocr_line' id='line_1_84' title="bbox 915 2524 1648 2566; baseline -0.003 -6"><span class='ocrx_word' id='word_1_458' title='bbox 915 2528 1092 2560; x_wconf 71' lang='lat' dir='ltr'>obvolutis</span> <span class='ocrx_word' id='word_1_459' title='bbox 1127 2535 1166 2559; x_wconf 87' lang='lat' dir='ltr'>se</span> <span class='ocrx_word' id='word_1_460' title='bbox 1203 2527 1243 2558; x_wconf 78' lang='lat' dir='ltr'>in</span> <span class='ocrx_word' id='word_1_461' title='bbox 1275 2527 1431 2559; x_wconf 78' lang='lat' dir='ltr'>Tiberim</span> <span class='ocrx_word' id='word_1_462' title='bbox 1463 2524 1648 2566; x_wconf 73' lang='lat' dir='ltr'>praecipi-</span> 
     </span>
     <span class='ocr_line' id='line_1_85' title="bbox 914 2570 1649 2616; baseline -0.003 -10"><span class='ocrx_word' id='word_1_463' title='bbox 914 2576 1093 2608; x_wconf 73' lang='lat' dir='ltr'>taverunt.</span> <span class='ocrx_word' id='word_1_464' title='bbox 1132 2592 1175 2597; x_wconf 88' lang='lat'>—</span> <span class='ocrx_word' id='word_1_465' title='bbox 1213 2573 1362 2616; x_wconf 72' lang='lat' dir='ltr'>dexter]</span> <span class='ocrx_word' id='word_1_466' title='bbox 1398 2570 1649 2616; x_wconf 81' lang='lat' dir='ltr'>„propitius“,</span> 
     </span>
     <span class='ocr_line' id='line_1_86' title="bbox 913 2616 1647 2667; baseline -0.003 -14"><span class='ocrx_word' id='word_1_467' title='bbox 913 2622 1016 2655; x_wconf 84' lang='lat' dir='ltr'>velut</span> <span class='ocrx_word' id='word_1_468' title='bbox 1039 2618 1131 2662; x_wconf 77' lang='grc' dir='ltr'><em>θεὸς</em></span> <span class='ocrx_word' id='word_1_469' title='bbox 1161 2616 1302 2667; x_wconf 82' lang='grc' dir='ltr'><em>σωτήρ.</em></span> <span class='ocrx_word' id='word_1_470' title='bbox 1350 2619 1456 2664; x_wconf 78' lang='lat' dir='ltr'>Virg.</span> <span class='ocrx_word' id='word_1_471' title='bbox 1492 2618 1585 2652; x_wconf 82' lang='lat' dir='ltr'>Aen.</span> <span class='ocrx_word' id='word_1_472' title='bbox 1611 2619 1647 2660; x_wconf 87' lang='lat'>8,</span> 
     </span>
     <span class='ocr_line' id='line_1_87' title="bbox 913 2665 1646 2708; baseline -0.005 -6"><span class='ocrx_word' id='word_1_473' title='bbox 913 2670 1000 2702; x_wconf 85' lang='lat'>302:</span> <span class='ocrx_word' id='word_1_474' title='bbox 1026 2670 1072 2702; x_wconf 85' lang='grc' dir='ltr'>Ει</span> <span class='ocrx_word' id='word_1_475' title='bbox 1090 2677 1153 2701; x_wconf 74' lang='grc' dir='ltr'>πω</span> <span class='ocrx_word' id='word_1_476' title='bbox 1172 2670 1205 2701; x_wconf 76' lang='grc' dir='ltr'>ει</span> <span class='ocrx_word' id='word_1_477' title='bbox 1226 2670 1294 2701; x_wconf 77' lang='lat' dir='ltr'>tua</span> <span class='ocrx_word' id='word_1_478' title='bbox 1308 2669 1435 2701; x_wconf 69' lang='lat' dir='ltr'>dexter</span> <span class='ocrx_word' id='word_1_479' title='bbox 1452 2666 1516 2700; x_wconf 74' lang='lat' dir='ltr'>adi</span> <span class='ocrx_word' id='word_1_480' title='bbox 1533 2665 1646 2708; x_wconf 85' lang='lat' dir='ltr'>(Her-</span> 
     </span>
     <span class='ocr_line' id='line_1_88' title="bbox 913 2711 1645 2758; baseline -0.005 -8"><span class='ocrx_word' id='word_1_481' title='bbox 913 2716 1032 2758; x_wconf 86' lang='lat' dir='ltr'>cules)</span> <span class='ocrx_word' id='word_1_482' title='bbox 1056 2717 1146 2758; x_wconf 81' lang='lat' dir='ltr'>pede</span> <span class='ocrx_word' id='word_1_483' title='bbox 1162 2723 1272 2748; x_wconf 84' lang='lat' dir='ltr'>sac-ra</span> <span class='ocrx_word' id='word_1_484' title='bbox 1287 2715 1455 2748; x_wconf 76' lang='lat' dir='ltr'>secundo.</span> <span class='ocrx_word' id='word_1_485' title='bbox 1473 2732 1518 2738; x_wconf 93' lang='lat'>—</span> <span class='ocrx_word' id='word_1_486' title='bbox 1537 2711 1645 2754; x_wconf 78' lang='lat' dir='ltr'>Cave]</span> 
     </span>
    </p>
   </div>
  </div>
 </body>
</html>
