1774 2930
161 141 246 183 272

632 141 842 177 HOBATII
866 141 1213 178 EPISTOLARUM

279 241 479 285 Sirenum
510 257 637 286 voces
671 247 714 286 et
746 242 897 286 Circae
927 244 1082 300 pocula
1110 246 1247 300 nosti3

280 312 401 362 Quae
431 314 469 355 si
501 328 597 356 cum
630 314 757 356 sociis
789 314 946 356 stultus
978 315 1243 372 cupidusque
1273 316 1454 360 bibisset
1462 329 1482 370 ,·

279 383 368 426 Sub
401 384 574 427 domina
603 385 829 427 meretrice
860 384 1014 428 fuisset
1043 387 1181 442 turpis
1213 391 1257 430 et
1288 401 1459 442 excors,

1626 389 1681 430 25

279 455 472 498 Vixisset
503 455 621 497 canis
653 455 898 497 immundus
928 456 998 499 vel
1029 458 1166 507 amica
1195 458 1287 500 luto
1319 473 1405 502 sus.

276 525 365 568 Nos
398 540 601 569 numerus
635 541 780 568 sumus
813 530 857 569 et
886 527 1033 583 fruges
1066 542 1316 573 consumere
1345 530 1455 583 nati,

277 596 435 653 Sponsi
464 597 731 654 Penelopae,
762 598 1018 652 nebulones,
1050 598 1306 656 Alcinoique

157 732 335 767 adversae
361 734 595 775 ἀειηεναενε
585 744 625 767 ιιι
643 730 899 780 δυσχείμερόν

157 790 200 823 γε
226 780 392 824 πέλαγος
417 778 562 827 ἀτηρᾶς
586 778 679 824 δύης
709 781 897 826 (Aeschyl-

156 826 281 862 Prom.
308 827 425 870 746),
460 829 674 872 opprimere
700 839 896 873 nunquam

139 876 396 918 ‚potueruntf‘
437 874 506 909 Od.
534 878 568 918 4,
595 879 627 918 4,
654 877 718 910 65:
756 878 896 911 Merses

151 923 361 963 profando:
399 923 591 964 pulchrior
628 924 734 957 ecciet.
785 923 895 957 Pind.

154 968 269 1024 Pyth3
284 972 315 1012 2,
334 971 398 1003 80:
424 966 665 1025 ἀβάπτιστός
686 972 774 1013 εἰμι,
801 970 896 1012 φελ-

155 1014 223 1057 λὸς
248 1012 300 1059 ὣς
324 1014 391 1049 ὕπε
442 1028 574 1064 ερκος,
608 1013 746 1061 ἅλμας.
773 1038 815 1041 -
842 1020 896 1052 Si-

154 1064 309 1108 renum]
349 1017 485 1109 ofyss.
519 1077 568 1108 μ,
607 1066 650 1098 39
687 1076 790 1110 sqq„
829 1066 894 1099 ubi

155 1110 369 1145 Scholiasta
407 1122 538 1146 earum
576 1112 732 1146 nomina
768 1111 894 1146 affert·

153 1158 429 1203 Aglaopheme,
456 1159 704 1204 Thelxiepea,
729 1159 894 1203 Pisinoe‚

153 1205 281 1250 Ligea.
319 1205 425 1240 Duas
450 1209 595 1240 tantum
623 1207 794 1252 agnoscit
817 1207 894 1241 Ho-

154 1262 281 1287 merus
306 1263 341 1287 ν.
367 1255 424 1287 52.
462 1256 500 1288 et
533 1253 709 1299 Sophocl.
747 1254 895 1309 Fragm.

153 1302 234 1334 407.
286 1300 351 1333 D.:
389 1300 578 1347 Σειρῆνας
619 1298 894 1356 εἰσαφικόμην

155 1344 307 1401 Φόρκου
325 1348 427 1390 (aliis
445 1348 620 1391 Acheloi)
643 1345 775 1397 κόρας,
799 1349 895 1396 θρο-

153 1394 265 1428 οῦντε
290 1392 381 1437 τοὺς
394 1392 523 1429 ’Ἅιδου
550 1393 707 1439 νόμους.
735 1396 829 1430 Tres
847 1397 894 1430 ab

152 1436 362 1477 artificibus
388 1442 596 1489 finguntur.
645 1444 742 1478 Vide
765 1443 894 1489 Inghi-

152 1490 246 1524 rami
274 1490 355 1524 Gal.
385 1491 555 1525 om.111.
583 1491 624 1525 T.
655 1494 712 1525 94.
739 1493 797 1525 95.
825 1493 893 1535 96„

151 1536 193 1570 in
228 1548 306 1582 qua
342 1538 455 1572 unius
495 1549 624 1573 earum
661 1542 718 1573 est
756 1549 893 1573 nomen

152 1585 404 1628 IMEPOHA,
444 1586 535 1619 item
569 1586 611 1619 T.
643 1588 700 1620 97.
739 1605 782 1609 ———
818 1588 893 1620 Cir-

152 1632 231 1676 cae]
250 1631 384 1677 Odyss.
402 1644 438 1674 κ,
458 1634 527 1667 230
546 1644 630 1678 sqq.
656 1633 894 1678 Frequenter

152 1682 278 1714 autem
305 1682 343 1714 et
368 1679 545 1714 Sirenum
564 1684 601 1714 et
619 1680 751 1715 Circae
770 1691 892 1715 exem-

150 1726 226 1771 plis
243 1727 284 1760 in
303 1727 444 1762 scholis
467 1728 683 1771 utebantur,
709 1731 751 1761 ut
776 1728 893 1773 signi-

149 1773 311 1808 ficarent
336 1775 573 1820 voluptatum
606 1775 806 1809 illecebras
831 1775 892 1808 fu·

151 1821 308 1875 giendas
335 1832 429 1856 esse.
457 1841 499 1846 —
525 1822 675 1865 pocula]
703 1818 893 1868 φάρμακα

150 1865 284 1915 λυγρά.
314 1869 362 1911 (v.
390 1869 487 1911 236.)
508 1889 551 1892 —
570 1878 652 1902 cum
675 1869 798 1912 sociis]
824 1869 890 1913 qui

149 1916 190 1949 in
229 1916 358 1950 tabula
389 1916 632 1950 Rondiniana
669 1916 891 1962 (Inghirami

149 1962 216 1996 111.
243 1974 279 2007 p.
306 1964 403 2006 173.)
443 1966 626 1998 vocantur
660 1963 807 2018 ἑταῖροι
831 1974 892 1997 τε-

149 2009 398 2057 θηριωμένοι.
449 2010 522 2045 Sed
548 2011 664 2057 digna
693 2011 891 2055 imprimis,

151 2068 250 2102 quae
288 2060 499 2102 spectetur,
538 2061 595 2093 est
628 2058 719 2093 ibid.
821 2060 891 2101 51„

149 2104 216 2139 ubi
243 2104 350 2140 Circe
376 2105 479 2151 ipsa,
505 2106 636 2150 rapide
664 2116 748 2140 sese
747 2058 820 2140 Tab
847 2106 891 2140 il-

150 2152 198 2186 lis
225 2155 419 2195 avertens,
455 2154 635 2198 poculum
660 2153 889 2187 medicatum

150 2210 265 2234 manu
290 2203 406 2234 tenet.
455 2201 549 2245 Epp.
571 2204 602 2244 1,
629 2203 662 2244 6,
689 2202 752 2234 63:
779 2202 889 2234 remi-

150 2248 250 2288 aium
297 2249 467 2281 vitiosum
506 2250 706 2282 Ithacensis
759 2249 888 2291 Ulixei,

151 2295 216 2327 cm·
253 2296 378 2336 potior
415 2297 546 2337 patria
583 2297 654 2337 suit
694 2297 890 2329 interdicta

148 2341 330 2383 voluptas.
348 2362 390 2366 —
411 2344 554 2376 bibisset
572 2342 659 2385 cet.]
686 2342 790 2376 Bibit
815 2342 890 2376 uti-

150 2399 224 2432 que
250 2400 379 2434 magae
408 2390 584 2432 cinnum,
623 2389 689 2424 sed
716 2392 826 2424 caute
854 2393 891 2424 et

149 2437 411 2480 praemunitus
442 2437 600 2481 insuper
627 2437 795 2471 antidoto
822 2436 890 2471 illo

151 2482 290 2526 (μῶλυ)
310 2482 532 2518 aMercurio
550 2487 718 2529 accepto.
745 2483 890 2523 Quodsi

149 2530 342 2565 hausisset
358 2541 544 2564 venenum
572 2532 702 2566 eadem
728 2543 805 2576 qua
830 2541 891 2566 co-

149 2578 260 2612 mites
285 2577 544 2622 imprudentia
569 2582 682 2624 atque
701 2578 890 2621 aviditate,

150 2625 232 2669 ipse
272 2636 424 2670 quoque
462 2625 585 2660 factus
623 2629 723 2660 esset
761 2627 889 2668 turpis,

151 2672 253 2717 quod
279 2673 327 2707 ad
352 2673 508 2707 formam
536 2676 692 2718 spectat,
722 2675 890 2730 mutatus

149 2719 190 2752 in
205 2730 337 2754 canem
351 2721 410 2754 vel
425 2731 545 2763 suem,
559 2723 598 2754 et
611 2729 748 2763 eoecors,
762 2716 890 2762 ἄνους

947 733 1099 777 brutus,
1124 746 1280 779 prorsus
1306 736 1474 780 privatus
1499 739 1598 770 esset
1622 747 1681 770 ra-

946 782 1050 816 tione
1100 785 1213 827 atque
1275 783 1538 828 intelligentia.
1603 782 1682 817 cio.

947 827 1059 863 Tusc.
1087 832 1126 871 1,
1165 832 1206 871 9,
1245 833 1308 864 18.
1344 831 1438 864 Aliis
1471 838 1534 864 cor
1563 831 1683 872 ipsum

947 878 1091 910 animus
1123 878 1288 920 videtur,
1323 887 1369 912 ex
1393 886 1464 919 quo
1491 878 1680 921 excordes,

945 924 1124 958 vecordes
1140 925 1422 970 concordesque
1436 925 1619 959 dicuntur.
1637 944 1679 949 -

943 972 1016 1004 sub
1042 973 1192 1005 domina
1216 971 1419 1015 meretrice]
1443 972 1535 1015 „sub
1559 983 1681 1007 mere-

944 1018 1038 1052 trice
1081 1019 1376 1062 contemnenda,
1419 1030 1516 1063 quae
1554 1021 1679 1054 tamen
1729 1026 1732 1027 ’

945 1065 1026 1098 eius
1067 1066 1107 1099 in
1149 1066 1307 1100 bestiam
1349 1068 1483 1100 mutati
1529 1066 1681 1101 domina

944 1112 1087 1146 fuisset.
1094 1113 1111 1131 “
1161 1113 1312 1148 Festive
1338 1114 1393 1147 sic
1417 1116 1527 1148 vocat
1560 1113 1679 1156 deam,

945 1160 1037 1204 quia
1060 1163 1191 1204 postea
1212 1161 1271 1195 sui
1298 1161 1444 1206 copiam
1459 1161 1551 1195 fecit
1566 1161 1678 1195 Ulixi.

942 1206 1042 1240 Plut.
1070 1207 1226 1264 Coniug.
1251 1208 1383 1242 Praec.
1408 1209 1450 1242 5·
1488 1205 1583 1241 Οὐδὲ
1607 1206 1680 1256 γὰρ

944 1253 1014 1297 τῆν
1030 1254 1178 1301 Κίρκην
1195 1251 1351 1310 ὤνησαν
1367 1255 1409 1288 οἱ
1422 1265 1681 1312 καταφαρμα-

943 1301 1156 1344 κευθέντες,
1182 1299 1262 1335 οὐδ’
1287 1298 1484 1359 ἐχρήσατο
1501 1300 1598 1350 πρὸς
1612 1300 1681 1336 οὑ-

943 1347 1006 1381 ὄὲν
1031 1347 1164 1392 αὐτοῖς
1197 1347 1262 1383 ὑσὶ
1287 1352 1352 1391 καὶ
1382 1346 1491 1392 ὅνοις
1521 1351 1682 1406 γενομέ-

945 1407 1043 1438 νοις
1084 1395 1151 1431 τὸν
1175 1396 1207 1429 δ’
1228 1394 1412 1431 Οδυσσέα
1442 1394 1538 1431 νόον
1568 1394 1681 1439 ts‘xov—

944 1454 991 1476 τα
1040 1446 1242 1491 φρονίμως
1289 1441 1597 1492 ὑπερηγάπησεν.
1634 1465 1679 1470 -

943 1493 1063 1525 amica
1092 1492 1182 1535 luto]
1215 1492 1357 1526 Eadem
1382 1492 1476 1538 Epp.
1504 1494 1537 1535 2,
1563 1494 1596 1534 2,
1622 1494 1679 1527 75.

943 1542 1100 1573 vocatur
1129 1540 1322 1574 lutulenta.

990 1588 1112 1620 27-31.
1137 1588 1213 1621 Nos
1229 1587 1314 1631 cet.]
1333 1586 1406 1630 „Ut
1420 1587 1461 1620 in
1478 1585 1588 1620 Ulixe
1605 1586 1681 1621 Ho-

942 1643 1071 1668 merus
1106 1634 1316 1678 sapientiae
1342 1637 1379 1668 et
1408 1634 1679 1678 temperantiae

942 1681 1156 1725 exemplum
1179 1681 1390 1725 proposuit,
1415 1681 1470 1714 sic
1495 1681 1535 1714 in
1559 1680 1681 1715 Pene-

941 1727 1050 1772 lopae
1075 1728 1202 1772 procis
1226 1731 1265 1762 et
1283 1727 1522 1762 Phaeacibus
1546 1727 1679 1774 imagi-

942 1785 1028 1808 nem
1065 1775 1303 1809 adumbravit
1338 1775 1532 1809 hominum
1566 1775 1679 1820 volgi,

941 1822 1002 1855 cui
1027 1822 1184 1866 plurimi
1211 1823 1382 1856 nostrum
1404 1821 1679 1857 adnumerandi

941 1869 1063 1902 sunt.“
1106 1888 1149 1892 ——
1187 1869 1384 1912 numerus]
1426 1870 1585 1912 „Nullen
1617 1871 1678 1918 αρε

939 1917 1176 1950 Schwarmsf‘
1215 1916 1323 1953 Voss.
1340 1916 1527 1961 Proprie
1517 1915 1678 1961 1i,quo-

939 1974 1025 1997 rum
1051 1964 1176 2009 capita
1200 1963 1391 1998 dumtaxat
1416 1966 1678 2007 numerantur,

939 2011 1047 2045 nulla
1071 2011 1231 2057 ingenii,
1255 2010 1419 2053 virtutis,
1443 2010 1678 2045 fortitudinis

939 2058 1086 2092 ratione
1137 2058 1282 2101 habita,
1333 2058 1473 2103 quibus
1521 2068 1678 2102 prorsus

941 2116 1070 2140 carere
1110 2106 1386 2140 existimantur.
1434 2104 1566 2160 Eurip.
1602 2104 1678 2140 He-

938 2153 1030 2187 racl.
1045 2154 1133 2187 997:
1159 2150 1281 2195 Εἰδὼς
1304 2152 1376 2196 μὲν
1400 2149 1474 2186 οὐκ
1497 2149 1678 2208 ἀριθμόν,

937 2197 1019 2232 ἀλλ’
1045 2196 1241 2244 ἐτητύμως
1251 2196 1369 2248 Ανδρ’
1394 2195 1490 2234 ὄντα
1512 2196 1581 2233 τὸν
1606 2196 1679 2233 σὸν

940 2246 1067 2280 παῖδα.
1106 2247 1241 2282 Troad.
1259 2249 1348 2281 475·
1374 2244 1567 2302 Kavrafiy’
1581 2257 1679 2302 αρι-

939 2292 1109 2329 στεύοντ’
1135 2293 1350 2350 «ἐγεινοιμηνε
1367 2295 1468 2328 τέκν’
1493 2291 1564 2328 οὐκ
1581 2291 1677 2341 Ἀρι-

938 2340 1044 2396 19ftdv
1060 2337 1196 2384 ἄλλως,
1221 2339 1301 2374 ἀλλ’
1328 2338 1562 2386 ὑπερτάτους
1579 2341 1677 2387 Φρυ-

939 2390 1027 2433 γῶν.
1042 2409 1087 2414 —-
1101 2391 1224 2431 fraqe-3
1249 2396 1460 2422 consumere
1485 2387 1579 2432 naci]
1602 2388 1674 2423 Le-

938 2436 1027 2481 pide
1068 2437 1259 2470 detortum
1296 2438 1354 2470 est
1390 2446 1437 2470 ex
1474 2434 1676 2470 Homerico

939 2483 1102 2532 βροτῶν,
1128 2483 1169 2517 οἳ
1192 2479 1363 2530 αρούρης
1393 2480 1555 2536 καρπὸν
1566 2478 1677 2516 edov-

939 2542 1002 2565 σιν
1028 2531 1088 2574 (Il.
1113 2533 1150 2572 ζ,
1177 2530 1273 2573 142.)
1307 2531 1347 2564 in
1374 2541 1458 2574 eos,
1490 2529 1558 2575 qui
1588 2540 1677 2574 pro-

938 2581 1022 2624 pter
1039 2578 1227 2623 ignaviam
1242 2579 1279 2612 et
1291 2577 1500 2622 nequitiam
1513 2575 1561 2610 ad
1578 2576 1676 2610 nihil

939 2625 1043 2660 aliud
1068 2625 1159 2659 facti
1183 2625 1361 2659 videntur
1387 2634 1499 2670 quam
1523 2622 1571 2658 ad
1594 2622 1675 2658 fru-

939 2684 1005 2719 ges
1030 2676 1154 2707 terrae
1180 2671 1466 2707 consumendas.
1486 2690 1529 2695 —
1546 2671 1676 2712 Spomi

939 2719 1165 2764 Penelopae]
1200 2719 1363 2762 „similes
1389 2717 1539 2764 sponsis
1561 2717 1674 2760 illis“‚
