<?xml version="1.0" encoding="UTF-8"?>
<!DOCTYPE html PUBLIC "-//W3C//DTD XHTML 1.0 Transitional//EN"
    "http://www.w3.org/TR/xhtml1/DTD/xhtml1-transitional.dtd">
<html xmlns="http://www.w3.org/1999/xhtml" xml:lang="en" lang="en">
 <head>
  <title>
</title>
<meta http-equiv="Content-Type" content="text/html;charset=utf-8" />
  <meta name='ocr-system' content='tesseract 3.04.00' />
  <meta name='ocr-capabilities' content='ocr_page ocr_carea ocr_par ocr_line ocrx_word'/>
</head>
<body>
  <div class='ocr_page' id='page_1' title='image "./qhoratiusflaccus00horauoft_0023.png"; bbox 0 0 1786 2912; ppageno 0'>
   <div class='ocr_carea' id='block_1_1' title="bbox 723 147 1080 187">
    <p class='ocr_par' dir='ltr' id='par_1_1' title="bbox 723 147 1080 187">
     <span class='ocr_line' id='line_1_1' title="bbox 723 147 1080 187; baseline -0.014 1"><span class='ocrx_word' id='word_1_1' title='bbox 723 151 818 187; x_wconf 76' lang='lat' dir='ltr'>m.</span> <span class='ocrx_word' id='word_1_2' title='bbox 842 151 872 186; x_wconf 89' lang='lat'>1.</span> <span class='ocrx_word' id='word_1_3' title='bbox 902 147 1025 185; x_wconf 68' lang='lat' dir='ltr'>sn.</span> <span class='ocrx_word' id='word_1_4' title='bbox 1048 147 1080 183; x_wconf 79' lang='lat'>1.</span> 
     </span>
    </p>
   </div>
   <div class='ocr_carea' id='block_1_2' title="bbox 1600 143 1653 186">
    <p class='ocr_par' dir='ltr' id='par_1_2' title="bbox 1600 143 1653 186">
     <span class='ocr_line' id='line_1_2' title="bbox 1600 143 1653 186; baseline -0.019 0"><span class='ocrx_word' id='word_1_5' title='bbox 1600 143 1653 186; x_wconf 83' lang='lat'>15</span> 
     </span>
    </p>
   </div>
   <div class='ocr_carea' id='block_1_3' title="bbox 265 246 1467 308">
    <p class='ocr_par' dir='ltr' id='par_1_3' title="bbox 265 246 1467 308">
     <span class='ocr_line' id='line_1_3' title="bbox 265 246 1467 308; baseline -0.012 -6"><span class='ocrx_word' id='word_1_6' title='bbox 265 259 375 303; x_wconf 84' lang='lat' dir='ltr'>Cum</span> <span class='ocrx_word' id='word_1_7' title='bbox 403 260 501 300; x_wconf 83' lang='lat' dir='ltr'>veto</span> <span class='ocrx_word' id='word_1_8' title='bbox 530 260 575 306; x_wconf 80' lang='lat' dir='ltr'>te</span> <span class='ocrx_word' id='word_1_9' title='bbox 605 254 712 307; x_wconf 87' lang='lat' dir='ltr'>fieri,</span> <span class='ocrx_word' id='word_1_10' title='bbox 745 264 929 308; x_wconf 78' lang='lat' dir='ltr'>vappam</span> <span class='ocrx_word' id='word_1_11' title='bbox 959 250 1087 292; x_wconf 85' lang='lat' dir='ltr'>iubeo</span> <span class='ocrx_word' id='word_1_12' title='bbox 1117 261 1168 291; x_wconf 82' lang='lat' dir='ltr'>ao</span> <span class='ocrx_word' id='word_1_13' title='bbox 1197 246 1467 291; x_wconf 80' lang='lat' dir='ltr'><strong>nebulonem.</strong></span> 
     </span>
    </p>
   </div>
   <div class='ocr_carea' id='block_1_4' title="bbox 239 317 1423 380">
    <p class='ocr_par' dir='ltr' id='par_1_4' title="bbox 239 317 1423 380">
     <span class='ocr_line' id='line_1_4' title="bbox 239 317 1423 380; baseline -0.013 -7"><span class='ocrx_word' id='word_1_14' title='bbox 239 328 348 373; x_wconf 76' lang='lat' dir='ltr'>‘Est</span> <span class='ocrx_word' id='word_1_15' title='bbox 374 329 490 371; x_wconf 79' lang='lat' dir='ltr'>inter</span> <span class='ocrx_word' id='word_1_16' title='bbox 520 326 688 369; x_wconf 68' lang='lat' dir='ltr'>Tanain</span> <span class='ocrx_word' id='word_1_17' title='bbox 717 323 918 380; x_wconf 81' lang='lat' dir='ltr'><strong>quiddam</strong></span> <span class='ocrx_word' id='word_1_18' title='bbox 944 332 1227 376; x_wconf 68' lang='lat' dir='ltr'>socerumque</span> <span class='ocrx_word' id='word_1_19' title='bbox 1255 317 1423 360; x_wconf 85' lang='lat' dir='ltr'>Viselli.</span> 
     </span>
    </p>
   </div>
   <div class='ocr_carea' id='block_1_5' title="bbox 1574 314 1655 356">
    <p class='ocr_par' dir='ltr' id='par_1_5' title="bbox 1574 314 1655 356">
     <span class='ocr_line' id='line_1_5' title="bbox 1574 314 1655 356; baseline 0.012 -1"><span class='ocrx_word' id='word_1_20' title='bbox 1574 314 1655 356; x_wconf 90' lang='lat'>105</span> 
     </span>
    </p>
   </div>
   <div class='ocr_carea' id='block_1_6' title="bbox 265 388 1420 667">
    <p class='ocr_par' dir='ltr' id='par_1_6' title="bbox 265 388 1420 594">
     <span class='ocr_line' id='line_1_6' title="bbox 266 388 1420 447; baseline -0.012 -4"><span class='ocrx_word' id='word_1_21' title='bbox 266 399 348 444; x_wconf 85' lang='lat' dir='ltr'>Est</span> <span class='ocrx_word' id='word_1_22' title='bbox 377 397 527 441; x_wconf 84' lang='lat' dir='ltr'>modus</span> <span class='ocrx_word' id='word_1_23' title='bbox 558 397 603 438; x_wconf 91' lang='lat' dir='ltr'>in</span> <span class='ocrx_word' id='word_1_24' title='bbox 631 395 782 447; x_wconf 89' lang='lat' dir='ltr'>rebus,</span> <span class='ocrx_word' id='word_1_25' title='bbox 814 396 915 436; x_wconf 88' lang='lat' dir='ltr'>sunt</span> <span class='ocrx_word' id='word_1_26' title='bbox 944 392 1049 435; x_wconf 83' lang='lat' dir='ltr'>certi</span> <span class='ocrx_word' id='word_1_27' title='bbox 1078 390 1265 446; x_wconf 86' lang='lat' dir='ltr'>denique</span> <span class='ocrx_word' id='word_1_28' title='bbox 1294 388 1420 441; x_wconf 86' lang='lat' dir='ltr'>fines,</span> 
     </span>
     <span class='ocr_line' id='line_1_7' title="bbox 268 462 1400 522; baseline -0.011 -10"><span class='ocrx_word' id='word_1_29' title='bbox 268 469 387 520; x_wconf 87' lang='lat' dir='ltr'>Quos</span> <span class='ocrx_word' id='word_1_30' title='bbox 416 469 529 511; x_wconf 83' lang='lat' dir='ltr'>ultra</span> <span class='ocrx_word' id='word_1_31' title='bbox 559 467 748 522; x_wconf 85' lang='lat' dir='ltr'>citraque</span> <span class='ocrx_word' id='word_1_32' title='bbox 779 464 928 520; x_wconf 87' lang='lat' dir='ltr'>nequit</span> <span class='ocrx_word' id='word_1_33' title='bbox 958 462 1193 505; x_wconf 79' lang='lat' dir='ltr'>consistere</span> <span class='ocrx_word' id='word_1_34' title='bbox 1222 462 1400 502; x_wconf 86' lang='lat' dir='ltr'>rectum.</span> 
     </span>
     <span class='ocr_line' id='line_1_8' title="bbox 265 535 1267 594; baseline -0.012 -10"><span class='ocrx_word' id='word_1_35' title='bbox 265 541 393 594; x_wconf 77' lang='lat' dir='ltr'>Illuc,</span> <span class='ocrx_word' id='word_1_36' title='bbox 423 538 537 581; x_wconf 88' lang='lat' dir='ltr'>unde</span> <span class='ocrx_word' id='word_1_37' title='bbox 568 537 673 589; x_wconf 84' lang='lat' dir='ltr'>abii,</span> <span class='ocrx_word' id='word_1_38' title='bbox 705 535 855 588; x_wconf 65' lang='lat' dir='ltr'>redeo,</span> <span class='ocrx_word' id='word_1_39' title='bbox 879 546 1007 576; x_wconf 88' lang='lat' dir='ltr'>nemo</span> <span class='ocrx_word' id='word_1_40' title='bbox 1035 536 1084 574; x_wconf 90' lang='lat' dir='ltr'>ut</span> <span class='ocrx_word' id='word_1_41' title='bbox 1114 544 1267 574; x_wconf 81' lang='lat' dir='ltr'>avarus</span> 
     </span>
    </p>

    <p class='ocr_par' dir='ltr' id='par_1_7' title="bbox 270 603 1415 667">
     <span class='ocr_line' id='line_1_9' title="bbox 270 603 1415 667; baseline -0.011 -13"><span class='ocrx_word' id='word_1_42' title='bbox 270 611 328 654; x_wconf 82' lang='lat' dir='ltr'>Se</span> <span class='ocrx_word' id='word_1_43' title='bbox 359 610 510 667; x_wconf 87' lang='lat' dir='ltr'>probet</span> <span class='ocrx_word' id='word_1_44' title='bbox 540 622 589 651; x_wconf 80' lang='lat' dir='ltr'>ac</span> <span class='ocrx_word' id='word_1_45' title='bbox 619 608 761 664; x_wconf 87' lang='lat' dir='ltr'>potius</span> <span class='ocrx_word' id='word_1_46' title='bbox 790 604 938 647; x_wconf 85' lang='lat' dir='ltr'>laudet</span> <span class='ocrx_word' id='word_1_47' title='bbox 966 603 1136 645; x_wconf 82' lang='lat' dir='ltr'>diversa</span> <span class='ocrx_word' id='word_1_48' title='bbox 1166 603 1415 658; x_wconf 81' lang='lat' dir='ltr'>sequentes,</span> 
     </span>
    </p>
   </div>
   <div class='ocr_carea' id='block_1_7' title="bbox 275 670 1412 737">
    <p class='ocr_par' dir='ltr' id='par_1_8' title="bbox 275 670 1412 737">
     <span class='ocr_line' id='line_1_10' title="bbox 275 670 1412 737; baseline -0.011 -13"><span class='ocrx_word' id='word_1_49' title='bbox 275 681 484 737; x_wconf 80' lang='lat' dir='ltr'>Quodque</span> <span class='ocrx_word' id='word_1_50' title='bbox 514 679 656 723; x_wconf 81' lang='lat' dir='ltr'>aliena</span> <span class='ocrx_word' id='word_1_51' title='bbox 685 676 849 733; x_wconf 82' lang='lat' dir='ltr'>capella</span> <span class='ocrx_word' id='word_1_52' title='bbox 878 677 1000 731; x_wconf 84' lang='lat' dir='ltr'>gerat</span> <span class='ocrx_word' id='word_1_53' title='bbox 1027 673 1256 715; x_wconf 81' lang='lat' dir='ltr'>distentius</span> <span class='ocrx_word' id='word_1_54' title='bbox 1287 670 1412 724; x_wconf 89' lang='lat' dir='ltr'>uber,</span> 
     </span>
    </p>
   </div>
   <div class='ocr_carea' id='block_1_8' title="bbox 1581 668 1664 710">
    <p class='ocr_par' dir='ltr' id='par_1_9' title="bbox 1581 668 1664 710">
     <span class='ocr_line' id='line_1_11' title="bbox 1581 668 1664 710; baseline 0.012 -1"><span class='ocrx_word' id='word_1_55' title='bbox 1581 668 1664 710; x_wconf 84' lang='lat'>110</span> 
     </span>
    </p>
   </div>
   <div class='ocr_carea' id='block_1_9' title="bbox 272 743 1597 876">
    <p class='ocr_par' dir='ltr' id='par_1_10' title="bbox 272 743 1597 876">
     <span class='ocr_line' id='line_1_12' title="bbox 272 743 1270 805; baseline -0.011 -10"><span class='ocrx_word' id='word_1_56' title='bbox 272 751 504 803; x_wconf 69' lang='lat' dir='ltr'>Tabemat,</span> <span class='ocrx_word' id='word_1_57' title='bbox 535 762 675 805; x_wconf 90' lang='lat' dir='ltr'>neque</span> <span class='ocrx_word' id='word_1_58' title='bbox 706 762 754 790; x_wconf 87' lang='lat' dir='ltr'>se</span> <span class='ocrx_word' id='word_1_59' title='bbox 784 746 935 788; x_wconf 87' lang='lat' dir='ltr'>maiori</span> <span class='ocrx_word' id='word_1_60' title='bbox 965 743 1270 801; x_wconf 78' lang='lat' dir='ltr'>pauperiorum</span> 
     </span>
     <span class='ocr_line' id='line_1_13' title="bbox 274 811 1597 876; baseline -0.011 -10"><span class='ocrx_word' id='word_1_61' title='bbox 274 823 445 865; x_wconf 72' lang='lat' dir='ltr'>Turbae</span> <span class='ocrx_word' id='word_1_62' title='bbox 474 822 708 876; x_wconf 85' lang='lat' dir='ltr'>comparet,</span> <span class='ocrx_word' id='word_1_63' title='bbox 740 817 853 859; x_wconf 87' lang='lat' dir='ltr'>hunc</span> <span class='ocrx_word' id='word_1_64' title='bbox 884 820 1012 872; x_wconf 88' lang='lat' dir='ltr'>atque</span> <span class='ocrx_word' id='word_1_65' title='bbox 1042 815 1156 857; x_wconf 90' lang='lat' dir='ltr'>hunc</span> <span class='ocrx_word' id='word_1_66' title='bbox 1186 825 1389 870; x_wconf 84' lang='lat' dir='ltr'>superare</span> <span class='ocrx_word' id='word_1_67' title='bbox 1419 811 1597 854; x_wconf 86' lang='lat' dir='ltr'>laboret.</span> 
     </span>
    </p>
   </div>
   <div class='ocr_carea' id='block_1_10' title="bbox 204 916 1623 1163">
    <p class='ocr_par' dir='ltr' id='par_1_11' title="bbox 204 916 1623 1163">
     <span class='ocr_line' id='line_1_14' title="bbox 253 916 1621 971; baseline -0.011 -8"><span class='ocrx_word' id='word_1_68' title='bbox 253 930 332 963; x_wconf 83' lang='grc'><strong>106.</strong></span> <span class='ocrx_word' id='word_1_69' title='bbox 364 926 465 971; x_wconf 79' lang='lat' dir='ltr'>certi]</span> <span class='ocrx_word' id='word_1_70' title='bbox 490 925 588 959; x_wconf 72' lang='lat' dir='ltr'>&#39;recti</span> <span class='ocrx_word' id='word_1_71' title='bbox 611 924 669 959; x_wconf 88' lang='lat' dir='ltr'>bc.</span> <span class='ocrx_word' id='word_1_72' title='bbox 699 943 739 948; x_wconf 89' lang='lat'>—-</span> <span class='ocrx_word' id='word_1_73' title='bbox 770 924 848 957; x_wconf 84' lang='lat'>108.</span> <span class='ocrx_word' id='word_1_74' title='bbox 880 923 1006 962; x_wconf 78' lang='lat' dir='ltr'>redeo,</span> <span class='ocrx_word' id='word_1_75' title='bbox 1032 929 1134 954; x_wconf 79' lang='lat' dir='ltr'>nemo</span> <span class='ocrx_word' id='word_1_76' title='bbox 1158 922 1199 953; x_wconf 73' lang='lat' dir='ltr'>ut</span> <span class='ocrx_word' id='word_1_77' title='bbox 1225 927 1364 953; x_wconf 76' lang='lat' dir='ltr'>avarus</span> <span class='ocrx_word' id='word_1_78' title='bbox 1390 916 1507 953; x_wconf 85' lang='lat' dir='ltr'>Codd.</span> <span class='ocrx_word' id='word_1_79' title='bbox 1532 916 1621 961; x_wconf 78' lang='lat' dir='ltr'>aliq.</span> 
     </span>
     <span class='ocr_line' id='line_1_15' title="bbox 205 965 1622 1021; baseline -0.01 -10"><span class='ocrx_word' id='word_1_80' title='bbox 205 975 364 1021; x_wconf 83' lang='lat' dir='ltr'>Cruquii</span> <span class='ocrx_word' id='word_1_81' title='bbox 391 973 538 1017; x_wconf 85' lang='lat' dir='ltr'>(tertius</span> <span class='ocrx_word' id='word_1_82' title='bbox 563 971 711 1012; x_wconf 85' lang='lat' dir='ltr'>Bland.)</span> <span class='ocrx_word' id='word_1_83' title='bbox 738 974 775 1005; x_wconf 89' lang='lat' dir='ltr'>et</span> <span class='ocrx_word' id='word_1_84' title='bbox 792 969 900 1011; x_wconf 79' lang='lat' dir='ltr'>Feae,</span> <span class='ocrx_word' id='word_1_85' title='bbox 925 971 963 1003; x_wconf 87' lang='lat' dir='ltr'>et</span> <span class='ocrx_word' id='word_1_86' title='bbox 978 968 1125 1002; x_wconf 82' lang='lat' dir='ltr'>Veneta</span> <span class='ocrx_word' id='word_1_87' title='bbox 1144 968 1257 1000; x_wconf 76' lang='lat'>1481:</span> <span class='ocrx_word' id='word_1_88' title='bbox 1282 967 1400 1007; x_wconf 80' lang='lat' dir='ltr'>redeo,</span> <span class='ocrx_word' id='word_1_89' title='bbox 1427 973 1558 998; x_wconf 80' lang='lat' dir='ltr'>nemon</span> <span class='ocrx_word' id='word_1_90' title='bbox 1581 965 1622 998; x_wconf 80' lang='lat' dir='ltr'>ut</span> 
     </span>
     <span class='ocr_line' id='line_1_16' title="bbox 204 1012 1623 1064; baseline -0.01 -6"><span class='ocrx_word' id='word_1_91' title='bbox 204 1023 428 1058; x_wconf 64' lang='lat' dir='ltr'>acarusu?</span> <span class='ocrx_word' id='word_1_92' title='bbox 453 1031 537 1055; x_wconf 87' lang='lat' dir='ltr'>cum</span> <span class='ocrx_word' id='word_1_93' title='bbox 562 1019 754 1064; x_wconf 85' lang='lat' dir='ltr'>plerisque</span> <span class='ocrx_word' id='word_1_94' title='bbox 772 1016 927 1060; x_wconf 87' lang='lat' dir='ltr'>BbScdp</span> <span class='ocrx_word' id='word_1_95' title='bbox 954 1018 991 1050; x_wconf 88' lang='lat' dir='ltr'>et</span> <span class='ocrx_word' id='word_1_96' title='bbox 1012 1013 1201 1055; x_wconf 83' lang='lat' dir='ltr'>Pottierii,</span> <span class='ocrx_word' id='word_1_97' title='bbox 1227 1016 1269 1047; x_wconf 89' lang='lat' dir='ltr'>ut</span> <span class='ocrx_word' id='word_1_98' title='bbox 1294 1012 1455 1052; x_wconf 75' lang='lat' dir='ltr'>videtur,</span> <span class='ocrx_word' id='word_1_99' title='bbox 1482 1021 1623 1052; x_wconf 82' lang='lat' dir='ltr'>omnes,</span> 
     </span>
     <span class='ocr_line' id='line_1_17' title="bbox 205 1057 1623 1106; baseline -0.01 -1"><span class='ocrx_word' id='word_1_100' title='bbox 205 1069 296 1105; x_wconf 81' lang='lat' dir='ltr'>item</span> <span class='ocrx_word' id='word_1_101' title='bbox 313 1067 452 1103; x_wconf 72' lang='lat' dir='ltr'>Ltlms</span> <span class='ocrx_word' id='word_1_102' title='bbox 470 1070 506 1102; x_wconf 87' lang='lat' dir='ltr'>et</span> <span class='ocrx_word' id='word_1_103' title='bbox 522 1066 728 1106; x_wconf 80' lang='lat' dir='ltr'>Bentleius,</span> <span class='ocrx_word' id='word_1_104' title='bbox 753 1065 872 1103; x_wconf 80' lang='lat' dir='ltr'>redeo.</span> <span class='ocrx_word' id='word_1_105' title='bbox 899 1064 963 1105; x_wconf 80' lang='lat' dir='ltr'>qui</span> <span class='ocrx_word' id='word_1_106' title='bbox 987 1071 1090 1095; x_wconf 82' lang='lat' dir='ltr'>nemo</span> <span class='ocrx_word' id='word_1_107' title='bbox 1114 1063 1154 1095; x_wconf 75' lang='lat' dir='ltr'>ut</span> <span class='ocrx_word' id='word_1_108' title='bbox 1180 1068 1317 1094; x_wconf 77' lang='lat' dir='ltr'>avarus</span> <span class='ocrx_word' id='word_1_109' title='bbox 1341 1071 1362 1094; x_wconf 81' lang='lat' dir='ltr'>e</span> <span class='ocrx_word' id='word_1_110' title='bbox 1382 1058 1471 1094; x_wconf 88' lang='lat' dir='ltr'>Cod.</span> <span class='ocrx_word' id='word_1_111' title='bbox 1488 1057 1623 1092; x_wconf 89' lang='lat' dir='ltr'>Bland.</span> 
     </span>
     <span class='ocr_line' id='line_1_18' title="bbox 208 1108 1212 1163; baseline -0.011 -11"><span class='ocrx_word' id='word_1_112' title='bbox 208 1120 343 1163; x_wconf 80' lang='lat' dir='ltr'>quarto</span> <span class='ocrx_word' id='word_1_113' title='bbox 369 1115 411 1157; x_wconf 83' lang='lat' dir='ltr'>G,</span> <span class='ocrx_word' id='word_1_114' title='bbox 434 1116 555 1148; x_wconf 81' lang='lat' dir='ltr'>redeo.</span> <span class='ocrx_word' id='word_1_115' title='bbox 582 1114 678 1156; x_wconf 78' lang='lat' dir='ltr'>Qui?</span> <span class='ocrx_word' id='word_1_116' title='bbox 704 1113 818 1146; x_wconf 82' lang='lat' dir='ltr'>Nemo</span> <span class='ocrx_word' id='word_1_117' title='bbox 843 1114 883 1143; x_wconf 82' lang='lat' dir='ltr'>ut</span> <span class='ocrx_word' id='word_1_118' title='bbox 907 1118 1045 1144; x_wconf 75' lang='lat' dir='ltr'>avarus</span> <span class='ocrx_word' id='word_1_119' title='bbox 1070 1108 1212 1154; x_wconf 83' lang='lat' dir='ltr'>Reisig.</span> 
     </span>
    </p>
   </div>
   <div class='ocr_carea' id='block_1_11' title="bbox 159 1193 918 2742">
    <p class='ocr_par' dir='ltr' id='par_1_12' title="bbox 159 1193 899 1803">
     <span class='ocr_line' id='line_1_19' title="bbox 159 1193 890 1238; baseline -0.012 -3"><span class='ocrx_word' id='word_1_120' title='bbox 159 1201 218 1236; x_wconf 76' lang='lat'>20.</span> <span class='ocrx_word' id='word_1_121' title='bbox 242 1215 291 1224; x_wconf 91' lang='lat'>-·</span> <span class='ocrx_word' id='word_1_122' title='bbox 315 1200 403 1233; x_wconf 78' lang='lat' dir='ltr'>cum</span> <span class='ocrx_word' id='word_1_123' title='bbox 424 1199 505 1231; x_wconf 75' lang='lat' dir='ltr'>velo</span> <span class='ocrx_word' id='word_1_124' title='bbox 539 1199 572 1230; x_wconf 76' lang='lat' dir='ltr'>te</span> <span class='ocrx_word' id='word_1_125' title='bbox 596 1194 695 1238; x_wconf 72' lang='lat' dir='ltr'>pleri]</span> <span class='ocrx_word' id='word_1_126' title='bbox 733 1193 890 1228; x_wconf 75' lang='lat' dir='ltr'>Contra-</span> 
     </span>
     <span class='ocr_line' id='line_1_20' title="bbox 159 1243 891 1287; baseline -0.011 -5"><span class='ocrx_word' id='word_1_127' title='bbox 159 1247 219 1283; x_wconf 80' lang='lat' dir='ltr'>hit</span> <span class='ocrx_word' id='word_1_128' title='bbox 241 1246 356 1281; x_wconf 74' lang='lat' dir='ltr'>haec:</span> <span class='ocrx_word' id='word_1_129' title='bbox 383 1243 495 1287; x_wconf 76' lang='lat' dir='ltr'>„Non</span> <span class='ocrx_word' id='word_1_130' title='bbox 528 1253 612 1277; x_wconf 88' lang='lat' dir='ltr'>cum</span> <span class='ocrx_word' id='word_1_131' title='bbox 642 1251 795 1277; x_wconf 79' lang='lat' dir='ltr'>avarum</span> <span class='ocrx_word' id='word_1_132' title='bbox 822 1251 891 1285; x_wconf 84' lang='lat' dir='ltr'>ego</span> 
     </span>
     <span class='ocr_line' id='line_1_21' title="bbox 162 1288 891 1336; baseline -0.011 -7"><span class='ocrx_word' id='word_1_133' title='bbox 162 1297 246 1329; x_wconf 82' lang='lat' dir='ltr'>veto</span> <span class='ocrx_word' id='word_1_134' title='bbox 283 1296 321 1328; x_wconf 86' lang='lat' dir='ltr'>te</span> <span class='ocrx_word' id='word_1_135' title='bbox 357 1291 459 1333; x_wconf 88' lang='lat' dir='ltr'>fieri,</span> <span class='ocrx_word' id='word_1_136' title='bbox 499 1293 700 1336; x_wconf 86' lang='lat' dir='ltr'>propterea</span> <span class='ocrx_word' id='word_1_137' title='bbox 736 1288 818 1322; x_wconf 85' lang='lat' dir='ltr'>fieri</span> <span class='ocrx_word' id='word_1_138' title='bbox 854 1292 891 1321; x_wconf 87' lang='lat' dir='ltr'>te</span> 
     </span>
     <span class='ocr_line' id='line_1_22' title="bbox 162 1340 893 1383; baseline -0.012 -7"><span class='ocrx_word' id='word_1_139' title='bbox 162 1341 276 1376; x_wconf 88' lang='lat' dir='ltr'>iubeo</span> <span class='ocrx_word' id='word_1_140' title='bbox 317 1340 513 1383; x_wconf 70' lang='lat' dir='ltr'>vappam-⁴⁶</span> <span class='ocrx_word' id='word_1_141' title='bbox 559 1357 600 1361; x_wconf 86' lang='lat'>-—</span> <span class='ocrx_word' id='word_1_142' title='bbox 642 1345 801 1378; x_wconf 83' lang='lat' dir='ltr'>vappam</span> <span class='ocrx_word' id='word_1_143' title='bbox 819 1353 832 1359; x_wconf 91' lang='lat'>—</span> <span class='ocrx_word' id='word_1_144' title='bbox 851 1342 893 1368; x_wconf 87' lang='lat' dir='ltr'>ac</span> 
     </span>
     <span class='ocr_line' id='line_1_23' title="bbox 163 1383 894 1429; baseline -0.012 -7"><span class='ocrx_word' id='word_1_145' title='bbox 163 1386 391 1429; x_wconf 72' lang='lat' dir='ltr'>nebulonem]</span> <span class='ocrx_word' id='word_1_146' title='bbox 417 1385 491 1418; x_wconf 78' lang='lat' dir='ltr'>Sat.</span> <span class='ocrx_word' id='word_1_147' title='bbox 520 1387 550 1426; x_wconf 89' lang='lat'>1,</span> <span class='ocrx_word' id='word_1_148' title='bbox 576 1385 609 1425; x_wconf 81' lang='lat'>2,</span> <span class='ocrx_word' id='word_1_149' title='bbox 636 1385 702 1416; x_wconf 79' lang='lat'>12:</span> <span class='ocrx_word' id='word_1_150' title='bbox 734 1383 894 1423; x_wconf 72' lang='lat' dir='ltr'>Fufidius</span> 
     </span>
     <span class='ocr_line' id='line_1_24' title="bbox 165 1429 895 1476; baseline -0.011 -7"><span class='ocrx_word' id='word_1_151' title='bbox 165 1442 308 1476; x_wconf 74' lang='lat' dir='ltr'>vappae</span> <span class='ocrx_word' id='word_1_152' title='bbox 341 1434 482 1474; x_wconf 81' lang='lat' dir='ltr'>samam</span> <span class='ocrx_word' id='word_1_153' title='bbox 506 1432 604 1464; x_wconf 79' lang='lat' dir='ltr'>timet</span> <span class='ocrx_word' id='word_1_154' title='bbox 629 1439 673 1463; x_wconf 87' lang='lat' dir='ltr'>ac</span> <span class='ocrx_word' id='word_1_155' title='bbox 697 1429 895 1462; x_wconf 77' lang='lat' dir='ltr'>nebulonis.</span> 
     </span>
     <span class='ocr_line' id='line_1_25' title="bbox 168 1475 894 1522; baseline -0.011 -7"><span class='ocrx_word' id='word_1_156' title='bbox 168 1481 472 1522; x_wconf 73' lang='lat' dir='ltr'>,Schlcmmer</span> <span class='ocrx_word' id='word_1_157' title='bbox 510 1478 586 1511; x_wconf 77' lang='lat' dir='ltr'>and</span> <span class='ocrx_word' id='word_1_158' title='bbox 622 1475 894 1516; x_wconf 71' lang='lat' dir='ltr'>Wasuina.“</span> 
     </span>
     <span class='ocr_line' id='line_1_26' title="bbox 166 1524 898 1565; baseline -0.011 -3"><span class='ocrx_word' id='word_1_159' title='bbox 166 1527 265 1563; x_wconf 78' lang='lat' dir='ltr'>Plin.</span> <span class='ocrx_word' id='word_1_160' title='bbox 297 1526 343 1560; x_wconf 84' lang='lat' dir='ltr'>H.</span> <span class='ocrx_word' id='word_1_161' title='bbox 375 1525 421 1559; x_wconf 70' lang='lat' dir='ltr'>N.</span> <span class='ocrx_word' id='word_1_162' title='bbox 455 1527 516 1565; x_wconf 79' lang='lat'>14,</span> <span class='ocrx_word' id='word_1_163' title='bbox 550 1526 615 1565; x_wconf 82' lang='lat'>20,</span> <span class='ocrx_word' id='word_1_164' title='bbox 647 1525 717 1557; x_wconf 77' lang='lat'>25:</span> <span class='ocrx_word' id='word_1_165' title='bbox 767 1524 898 1555; x_wconf 71' lang='lat' dir='ltr'>Vitium</span> 
     </span>
     <span class='ocr_line' id='line_1_27' title="bbox 166 1570 898 1614; baseline -0.01 -6"><span class='ocrx_word' id='word_1_166' title='bbox 166 1576 284 1608; x_wconf 61' lang='lat' dir='ltr'>musto</span> <span class='ocrx_word' id='word_1_167' title='bbox 321 1574 537 1614; x_wconf 72' lang='lat' dir='ltr'>quibusdam</span> <span class='ocrx_word' id='word_1_168' title='bbox 571 1573 614 1604; x_wconf 77' lang='lat' dir='ltr'>in</span> <span class='ocrx_word' id='word_1_169' title='bbox 647 1571 732 1603; x_wconf 75' lang='lat' dir='ltr'>locis</span> <span class='ocrx_word' id='word_1_170' title='bbox 763 1570 898 1603; x_wconf 75' lang='lat' dir='ltr'>iterum</span> 
     </span>
     <span class='ocr_line' id='line_1_28' title="bbox 166 1617 899 1664; baseline -0.01 -9"><span class='ocrx_word' id='word_1_171' title='bbox 166 1624 294 1664; x_wconf 70' lang='lat' dir='ltr'>sponte</span> <span class='ocrx_word' id='word_1_172' title='bbox 317 1622 473 1662; x_wconf 75' lang='lat' dir='ltr'>seruere,</span> <span class='ocrx_word' id='word_1_173' title='bbox 506 1627 581 1660; x_wconf 74' lang='lat' dir='ltr'>qua</span> <span class='ocrx_word' id='word_1_174' title='bbox 605 1618 816 1651; x_wconf 74' lang='lat' dir='ltr'>calamitate</span> <span class='ocrx_word' id='word_1_175' title='bbox 840 1617 899 1649; x_wconf 80' lang='lat' dir='ltr'>de·</span> 
     </span>
     <span class='ocr_line' id='line_1_29' title="bbox 166 1664 899 1712; baseline -0.01 -10"><span class='ocrx_word' id='word_1_176' title='bbox 166 1669 263 1712; x_wconf 73' lang='lat' dir='ltr'>perit</span> <span class='ocrx_word' id='word_1_177' title='bbox 300 1676 412 1709; x_wconf 79' lang='lat' dir='ltr'>sapor</span> <span class='ocrx_word' id='word_1_178' title='bbox 450 1673 725 1707; x_wconf 78' lang='lat' dir='ltr'>vappaeque</span> <span class='ocrx_word' id='word_1_179' title='bbox 769 1664 899 1704; x_wconf 74' lang='lat' dir='ltr'>accipit</span> 
     </span>
     <span class='ocr_line' id='line_1_30' title="bbox 169 1712 899 1756; baseline -0.008 -7"><span class='ocrx_word' id='word_1_180' title='bbox 169 1723 312 1756; x_wconf 75' lang='lat' dir='ltr'>nomen,</span> <span class='ocrx_word' id='word_1_181' title='bbox 335 1715 551 1756; x_wconf 70' lang='lat' dir='ltr'>probrosum</span> <span class='ocrx_word' id='word_1_182' title='bbox 568 1714 679 1745; x_wconf 82' lang='lat' dir='ltr'>etiam</span> <span class='ocrx_word' id='word_1_183' title='bbox 704 1712 899 1752; x_wconf 72' lang='lat' dir='ltr'>hominum,</span> 
     </span>
     <span class='ocr_line' id='line_1_31' title="bbox 170 1760 688 1803; baseline -0.01 -7"><span class='ocrx_word' id='word_1_184' title='bbox 170 1763 254 1796; x_wconf 78' lang='lat' dir='ltr'>cum</span> <span class='ocrx_word' id='word_1_185' title='bbox 277 1761 508 1803; x_wconf 75' lang='lat' dir='ltr'>aeqemravit</span> <span class='ocrx_word' id='word_1_186' title='bbox 534 1760 688 1792; x_wconf 76' lang='lat' dir='ltr'>animus.</span> 
     </span>
    </p>

    <p class='ocr_par' dir='ltr' id='par_1_13' title="bbox 172 1803 912 2412">
     <span class='ocr_line' id='line_1_32' title="bbox 222 1803 900 1849; baseline -0.007 -6"><span class='ocrx_word' id='word_1_187' title='bbox 222 1810 389 1844; x_wconf 72' lang='lat'>105-107.</span> <span class='ocrx_word' id='word_1_188' title='bbox 415 1806 572 1849; x_wconf 72' lang='lat' dir='ltr'>Tanain]</span> <span class='ocrx_word' id='word_1_189' title='bbox 600 1805 758 1847; x_wconf 79' lang='lat' dir='ltr'>„Tanais</span> <span class='ocrx_word' id='word_1_190' title='bbox 785 1803 900 1849; x_wconf 83' lang='lat' dir='ltr'>spado</span> 
     </span>
     <span class='ocr_line' id='line_1_33' title="bbox 173 1851 901 1900; baseline -0.008 -10"><span class='ocrx_word' id='word_1_191' title='bbox 173 1855 257 1898; x_wconf 83' lang='lat' dir='ltr'>fuit,</span> <span class='ocrx_word' id='word_1_192' title='bbox 282 1858 325 1889; x_wconf 84' lang='lat' dir='ltr'>ut</span> <span class='ocrx_word' id='word_1_193' title='bbox 348 1854 500 1900; x_wconf 82' lang='lat' dir='ltr'>quidam</span> <span class='ocrx_word' id='word_1_194' title='bbox 525 1853 649 1895; x_wconf 81' lang='lat' dir='ltr'>aiunt,</span> <span class='ocrx_word' id='word_1_195' title='bbox 674 1851 901 1886; x_wconf 74' lang='lat' dir='ltr'>Maecenatis</span> 
     </span>
     <span class='ocr_line' id='line_1_34' title="bbox 172 1898 902 1944; baseline -0.008 -7"><span class='ocrx_word' id='word_1_196' title='bbox 172 1902 352 1944; x_wconf 87' lang='lat' dir='ltr'>libertus,</span> <span class='ocrx_word' id='word_1_197' title='bbox 386 1904 428 1935; x_wconf 89' lang='lat' dir='ltr'>ut</span> <span class='ocrx_word' id='word_1_198' title='bbox 451 1900 647 1941; x_wconf 81' lang='lat' dir='ltr'>nonnulli,</span> <span class='ocrx_word' id='word_1_199' title='bbox 677 1899 718 1933; x_wconf 89' lang='lat' dir='ltr'>L.</span> <span class='ocrx_word' id='word_1_200' title='bbox 744 1898 902 1933; x_wconf 78' lang='lat' dir='ltr'>Munatii</span> 
     </span>
     <span class='ocr_line' id='line_1_35' title="bbox 172 1946 904 1991; baseline -0.007 -7"><span class='ocrx_word' id='word_1_201' title='bbox 172 1949 325 1991; x_wconf 76' lang='lat' dir='ltr'>Planci,</span> <span class='ocrx_word' id='word_1_202' title='bbox 350 1948 500 1983; x_wconf 84' lang='lat' dir='ltr'>Visellii</span> <span class='ocrx_word' id='word_1_203' title='bbox 532 1950 657 1982; x_wconf 87' lang='lat' dir='ltr'>autem</span> <span class='ocrx_word' id='word_1_204' title='bbox 689 1956 795 1981; x_wconf 89' lang='lat' dir='ltr'>socer</span> <span class='ocrx_word' id='word_1_205' title='bbox 821 1946 904 1979; x_wconf 91' lang='lat' dir='ltr'>her-</span> 
     </span>
     <span class='ocr_line' id='line_1_36' title="bbox 175 1994 905 2031; baseline -0.008 0"><span class='ocrx_word' id='word_1_206' title='bbox 175 1996 339 2031; x_wconf 83' lang='lat' dir='ltr'>niosus.“</span> <span class='ocrx_word' id='word_1_207' title='bbox 380 1995 581 2029; x_wconf 68' lang='lat' dir='ltr'>Ponem’s.</span> <span class='ocrx_word' id='word_1_208' title='bbox 609 2014 651 2018; x_wconf 84' lang='lat'><em>-</em></span> <span class='ocrx_word' id='word_1_209' title='bbox 677 1995 740 2027; x_wconf 77' lang='lat' dir='ltr'>Est</span> <span class='ocrx_word' id='word_1_210' title='bbox 778 1994 905 2026; x_wconf 69' lang='lat' dir='ltr'>modus</span> 
     </span>
     <span class='ocr_line' id='line_1_37' title="bbox 175 2042 905 2087; baseline -0.01 -9"><span class='ocrx_word' id='word_1_211' title='bbox 175 2044 261 2087; x_wconf 66' lang='lat' dir='ltr'>cet]</span> <span class='ocrx_word' id='word_1_212' title='bbox 285 2042 427 2076; x_wconf 76' lang='lat' dir='ltr'>Lucan.</span> <span class='ocrx_word' id='word_1_213' title='bbox 453 2044 485 2084; x_wconf 81' lang='lat'>2,</span> <span class='ocrx_word' id='word_1_214' title='bbox 503 2044 594 2076; x_wconf 83' lang='lat'>380:</span> <span class='ocrx_word' id='word_1_215' title='bbox 619 2042 707 2075; x_wconf 72' lang='lat' dir='ltr'>haec</span> <span class='ocrx_word' id='word_1_216' title='bbox 730 2042 816 2074; x_wconf 75' lang='lat' dir='ltr'>duri</span> <span class='ocrx_word' id='word_1_217' title='bbox 838 2042 905 2072; x_wconf 77' lang='lat' dir='ltr'>im-</span> 
     </span>
     <span class='ocr_line' id='line_1_38' title="bbox 175 2089 906 2130; baseline -0.007 -6"><span class='ocrx_word' id='word_1_218' title='bbox 175 2093 277 2124; x_wconf 78' lang='lat' dir='ltr'>mota</span> <span class='ocrx_word' id='word_1_219' title='bbox 314 2090 457 2124; x_wconf 74' lang='lat' dir='ltr'>catonis</span> <span class='ocrx_word' id='word_1_220' title='bbox 493 2091 596 2123; x_wconf 87' lang='lat' dir='ltr'>Secta</span> <span class='ocrx_word' id='word_1_221' title='bbox 632 2089 722 2130; x_wconf 73' lang='lat' dir='ltr'>suit,</span> <span class='ocrx_word' id='word_1_222' title='bbox 758 2096 906 2121; x_wconf 75' lang='lat' dir='ltr'>servare</span> 
     </span>
     <span class='ocr_line' id='line_1_39' title="bbox 177 2134 907 2178; baseline -0.005 -8"><span class='ocrx_word' id='word_1_223' title='bbox 177 2139 324 2170; x_wconf 79' lang='lat' dir='ltr'>modum</span> <span class='ocrx_word' id='word_1_224' title='bbox 347 2138 522 2178; x_wconf 71' lang='lat' dir='ltr'>finemque</span> <span class='ocrx_word' id='word_1_225' title='bbox 547 2134 907 2177; x_wconf 62' lang='lat' dir='ltr'>tenera—denique}</span> 
     </span>
     <span class='ocr_line' id='line_1_40' title="bbox 179 2181 907 2228; baseline -0.003 -12"><span class='ocrx_word' id='word_1_226' title='bbox 179 2182 375 2228; x_wconf 81' lang='lat' dir='ltr'>Significat</span> <span class='ocrx_word' id='word_1_227' title='bbox 391 2193 430 2216; x_wconf 89' lang='lat' dir='ltr'>se</span> <span class='ocrx_word' id='word_1_228' title='bbox 449 2182 518 2216; x_wconf 81' lang='lat' dir='ltr'>hac</span> <span class='ocrx_word' id='word_1_229' title='bbox 537 2181 724 2215; x_wconf 82' lang='lat' dir='ltr'>sententia</span> <span class='ocrx_word' id='word_1_230' title='bbox 742 2182 810 2214; x_wconf 86' lang='lat' dir='ltr'>toti</span> <span class='ocrx_word' id='word_1_231' title='bbox 831 2181 907 2215; x_wconf 83' lang='lat' dir='ltr'>dis-</span> 
     </span>
     <span class='ocr_line' id='line_1_41' title="bbox 178 2227 908 2275; baseline -0.005 -11"><span class='ocrx_word' id='word_1_232' title='bbox 178 2229 366 2275; x_wconf 75' lang='lat' dir='ltr'>putationi</span> <span class='ocrx_word' id='word_1_233' title='bbox 380 2229 451 2262; x_wconf 82' lang='lat' dir='ltr'>iam</span> <span class='ocrx_word' id='word_1_234' title='bbox 466 2228 578 2262; x_wconf 89' lang='lat' dir='ltr'>finem</span> <span class='ocrx_word' id='word_1_235' title='bbox 592 2228 796 2272; x_wconf 86' lang='lat' dir='ltr'>imponere.</span> <span class='ocrx_word' id='word_1_236' title='bbox 813 2227 908 2261; x_wconf 77' lang='lat' dir='ltr'>Nos:</span> 
     </span>
     <span class='ocr_line' id='line_1_42' title="bbox 182 2273 909 2320; baseline -0.006 -10"><span class='ocrx_word' id='word_1_237' title='bbox 182 2278 273 2320; x_wconf 67' lang='lat' dir='ltr'>„nit</span> <span class='ocrx_word' id='word_1_238' title='bbox 289 2278 420 2310; x_wconf 77' lang='lat' dir='ltr'>Einem</span> <span class='ocrx_word' id='word_1_239' title='bbox 438 2276 570 2308; x_wconf 81' lang='lat' dir='ltr'>Wort.“</span> <span class='ocrx_word' id='word_1_240' title='bbox 587 2293 629 2298; x_wconf 91' lang='lat'>-</span> <span class='ocrx_word' id='word_1_241' title='bbox 644 2274 793 2317; x_wconf 79' lang='lat' dir='ltr'>rectum]</span> <span class='ocrx_word' id='word_1_242' title='bbox 813 2273 909 2307; x_wconf 86' lang='lat' dir='ltr'>Scri-</span> 
     </span>
     <span class='ocr_line' id='line_1_43' title="bbox 180 2322 912 2368; baseline -0.005 -11"><span class='ocrx_word' id='word_1_243' title='bbox 180 2326 266 2368; x_wconf 86' lang='lat' dir='ltr'>ptor</span> <span class='ocrx_word' id='word_1_244' title='bbox 290 2323 337 2357; x_wconf 83' lang='lat' dir='ltr'>ad</span> <span class='ocrx_word' id='word_1_245' title='bbox 361 2322 528 2356; x_wconf 78' lang='lat' dir='ltr'>Her-eun.</span> <span class='ocrx_word' id='word_1_246' title='bbox 553 2323 586 2362; x_wconf 79' lang='grc'>3,</span> <span class='ocrx_word' id='word_1_247' title='bbox 610 2324 642 2363; x_wconf 84' lang='grc'>2,</span> <span class='ocrx_word' id='word_1_248' title='bbox 662 2323 705 2354; x_wconf 89' lang='lat'>3:</span> <span class='ocrx_word' id='word_1_249' title='bbox 731 2323 912 2354; x_wconf 79' lang='lat' dir='ltr'>Rectum</span> 
     </span>
     <span class='ocr_line' id='line_1_44' title="bbox 184 2369 909 2412; baseline -0.006 -8"><span class='ocrx_word' id='word_1_250' title='bbox 184 2373 245 2412; x_wconf 72' lang='lat' dir='ltr'>est,</span> <span class='ocrx_word' id='word_1_251' title='bbox 272 2371 366 2411; x_wconf 84' lang='lat' dir='ltr'>quod</span> <span class='ocrx_word' id='word_1_252' title='bbox 391 2378 472 2402; x_wconf 82' lang='lat' dir='ltr'>cum</span> <span class='ocrx_word' id='word_1_253' title='bbox 496 2371 630 2402; x_wconf 76' lang='lat' dir='ltr'>virtute</span> <span class='ocrx_word' id='word_1_254' title='bbox 656 2371 689 2401; x_wconf 84' lang='lat' dir='ltr'>ct</span> <span class='ocrx_word' id='word_1_255' title='bbox 714 2369 834 2410; x_wconf 75' lang='lat' dir='ltr'>officio</span> <span class='ocrx_word' id='word_1_256' title='bbox 859 2369 909 2409; x_wconf 81' lang='lat' dir='ltr'>fit.</span> 
     </span>
    </p>

    <p class='ocr_par' dir='ltr' id='par_1_14' title="bbox 183 2415 918 2742">
     <span class='ocr_line' id='line_1_45' title="bbox 234 2415 913 2459; baseline -0.004 -9"><span class='ocrx_word' id='word_1_257' title='bbox 234 2418 311 2459; x_wconf 77' lang='grc'><strong>108.</strong></span> <span class='ocrx_word' id='word_1_258' title='bbox 337 2419 415 2450; x_wconf 76' lang='lat'>109.</span> <span class='ocrx_word' id='word_1_259' title='bbox 443 2416 550 2459; x_wconf 75' lang='lat' dir='ltr'>Illuc]</span> <span class='ocrx_word' id='word_1_260' title='bbox 575 2415 746 2450; x_wconf 77' lang='lat' dir='ltr'>Imitatur</span> <span class='ocrx_word' id='word_1_261' title='bbox 772 2425 913 2448; x_wconf 84' lang='lat' dir='ltr'>morem</span> 
     </span>
     <span class='ocr_line' id='line_1_46' title="bbox 183 2461 914 2508; baseline -0.004 -11"><span class='ocrx_word' id='word_1_262' title='bbox 183 2463 510 2508; x_wconf 84' lang='lat' dir='ltr'>philosophorum,</span> <span class='ocrx_word' id='word_1_263' title='bbox 544 2463 609 2507; x_wconf 91' lang='lat' dir='ltr'>qui</span> <span class='ocrx_word' id='word_1_264' title='bbox 635 2463 672 2496; x_wconf 90' lang='lat' dir='ltr'>in</span> <span class='ocrx_word' id='word_1_265' title='bbox 700 2461 914 2504; x_wconf 68' lang='grc' dir='ltr'><em>ἐπιδείξεων</em></span> 
     </span>
     <span class='ocr_line' id='line_1_47' title="bbox 184 2509 914 2555; baseline -0.003 -11"><span class='ocrx_word' id='word_1_266' title='bbox 184 2510 381 2544; x_wconf 85' lang='lat' dir='ltr'>moralium</span> <span class='ocrx_word' id='word_1_267' title='bbox 406 2510 563 2555; x_wconf 86' lang='lat' dir='ltr'>epilogis</span> <span class='ocrx_word' id='word_1_268' title='bbox 596 2512 681 2553; x_wconf 87' lang='lat' dir='ltr'>post</span> <span class='ocrx_word' id='word_1_269' title='bbox 714 2509 914 2554; x_wconf 81' lang='lat' dir='ltr'>digressio-</span> 
     </span>
     <span class='ocr_line' id='line_1_48' title="bbox 186 2557 917 2601; baseline -0.003 -10"><span class='ocrx_word' id='word_1_270' title='bbox 186 2567 254 2591; x_wconf 80' lang='lat' dir='ltr'>nes</span> <span class='ocrx_word' id='word_1_271' title='bbox 271 2557 448 2601; x_wconf 80' lang='lat' dir='ltr'>variaque</span> <span class='ocrx_word' id='word_1_272' title='bbox 466 2557 635 2601; x_wconf 75' lang='lat' dir='ltr'>exempla</span> <span class='ocrx_word' id='word_1_273' title='bbox 652 2567 779 2590; x_wconf 83' lang='lat' dir='ltr'>earum</span> <span class='ocrx_word' id='word_1_274' title='bbox 803 2559 917 2600; x_wconf 82' lang='lat' dir='ltr'>caput</span> 
     </span>
     <span class='ocr_line' id='line_1_49' title="bbox 187 2604 916 2648; baseline -0.004 -10"><span class='ocrx_word' id='word_1_275' title='bbox 187 2607 357 2648; x_wconf 83' lang='lat' dir='ltr'>repetere</span> <span class='ocrx_word' id='word_1_276' title='bbox 382 2604 564 2637; x_wconf 81' lang='lat' dir='ltr'>solebant.</span> <span class='ocrx_word' id='word_1_277' title='bbox 580 2622 623 2627; x_wconf 86' lang='lat'>—</span> <span class='ocrx_word' id='word_1_278' title='bbox 641 2605 753 2637; x_wconf 82' lang='lat' dir='ltr'>Nemo</span> <span class='ocrx_word' id='word_1_279' title='bbox 769 2606 809 2636; x_wconf 81' lang='lat' dir='ltr'>ul</span> <span class='ocrx_word' id='word_1_280' title='bbox 828 2612 916 2636; x_wconf 76' lang='lat' dir='ltr'>ava·</span> 
     </span>
     <span class='ocr_line' id='line_1_50' title="bbox 185 2650 918 2695; baseline -0.001 -11"><span class='ocrx_word' id='word_1_281' title='bbox 185 2651 266 2693; x_wconf 73' lang='lat' dir='ltr'>rus]</span> <span class='ocrx_word' id='word_1_282' title='bbox 290 2650 632 2692; x_wconf 81' lang='lat' dir='ltr'>Waohsmuthium‚</span> <span class='ocrx_word' id='word_1_283' title='bbox 665 2650 849 2695; x_wconf 85' lang='lat' dir='ltr'>Langium</span> <span class='ocrx_word' id='word_1_284' title='bbox 881 2652 918 2683; x_wconf 90' lang='lat' dir='ltr'>et</span> 
     </span>
     <span class='ocr_line' id='line_1_51' title="bbox 188 2695 917 2742; baseline -0.001 -11"><span class='ocrx_word' id='word_1_285' title='bbox 188 2695 394 2732; x_wconf 80' lang='lat' dir='ltr'>obbarium</span> <span class='ocrx_word' id='word_1_286' title='bbox 408 2695 559 2732; x_wconf 82' lang='lat' dir='ltr'>secutus</span> <span class='ocrx_word' id='word_1_287' title='bbox 572 2697 696 2742; x_wconf 84' lang='lat' dir='ltr'>recepi</span> <span class='ocrx_word' id='word_1_288' title='bbox 718 2697 917 2732; x_wconf 87' lang='lat' dir='ltr'>lectionem</span> 
     </span>
    </p>
   </div>
   <div class='ocr_carea' id='block_1_12' title="bbox 939 1187 1698 2741">
    <p class='ocr_par' dir='ltr' id='par_1_15' title="bbox 939 1187 1692 2402">
     <span class='ocr_line' id='line_1_52' title="bbox 940 1187 1674 1236; baseline -0.007 -10"><span class='ocrx_word' id='word_1_289' title='bbox 940 1190 1055 1226; x_wconf 80' lang='lat' dir='ltr'>Oodd.</span> <span class='ocrx_word' id='word_1_290' title='bbox 1080 1191 1168 1236; x_wconf 80' lang='lat' dir='ltr'>aliq.</span> <span class='ocrx_word' id='word_1_291' title='bbox 1193 1191 1232 1225; x_wconf 86' lang='lat' dir='ltr'>et</span> <span class='ocrx_word' id='word_1_292' title='bbox 1255 1187 1348 1224; x_wconf 80' lang='lat' dir='ltr'>Edd.</span> <span class='ocrx_word' id='word_1_293' title='bbox 1369 1191 1456 1223; x_wconf 78' lang='lat' dir='ltr'>vett.</span> <span class='ocrx_word' id='word_1_294' title='bbox 1483 1189 1531 1232; x_wconf 88' lang='lat' dir='ltr'>(v.</span> <span class='ocrx_word' id='word_1_295' title='bbox 1559 1187 1674 1233; x_wconf 85' lang='lat' dir='ltr'>Cruq.</span> 
     </span>
     <span class='ocr_line' id='line_1_53' title="bbox 939 1235 1676 1280; baseline -0.007 -7"><span class='ocrx_word' id='word_1_296' title='bbox 939 1242 977 1273; x_wconf 83' lang='lat' dir='ltr'>et</span> <span class='ocrx_word' id='word_1_297' title='bbox 1001 1238 1139 1280; x_wconf 80' lang='lat' dir='ltr'>Feam.)</span> <span class='ocrx_word' id='word_1_298' title='bbox 1174 1237 1281 1280; x_wconf 80' lang='lat' dir='ltr'>„Iam</span> <span class='ocrx_word' id='word_1_299' title='bbox 1311 1236 1424 1271; x_wconf 86' lang='lat' dir='ltr'>redeo</span> <span class='ocrx_word' id='word_1_300' title='bbox 1450 1235 1497 1269; x_wconf 81' lang='lat' dir='ltr'>ad</span> <span class='ocrx_word' id='word_1_301' title='bbox 1524 1238 1676 1269; x_wconf 83' lang='lat' dir='ltr'>senten·</span> 
     </span>
     <span class='ocr_line' id='line_1_54' title="bbox 941 1282 1677 1327; baseline -0.007 -7"><span class='ocrx_word' id='word_1_302' title='bbox 941 1287 1030 1321; x_wconf 74' lang='lat' dir='ltr'>tiam</span> <span class='ocrx_word' id='word_1_303' title='bbox 1055 1285 1164 1320; x_wconf 89' lang='lat' dir='ltr'>initio</span> <span class='ocrx_word' id='word_1_304' title='bbox 1191 1286 1305 1319; x_wconf 90' lang='lat' dir='ltr'>huius</span> <span class='ocrx_word' id='word_1_305' title='bbox 1337 1284 1474 1318; x_wconf 81' lang='lat' dir='ltr'>satirae</span> <span class='ocrx_word' id='word_1_306' title='bbox 1506 1282 1677 1327; x_wconf 85' lang='lat' dir='ltr'>proposi-</span> 
     </span>
     <span class='ocr_line' id='line_1_55' title="bbox 942 1332 1678 1377; baseline -0.005 -10"><span class='ocrx_word' id='word_1_307' title='bbox 942 1337 1029 1376; x_wconf 85' lang='lat' dir='ltr'>tam,</span> <span class='ocrx_word' id='word_1_308' title='bbox 1053 1344 1076 1367; x_wconf 84' lang='lat' dir='ltr'>a</span> <span class='ocrx_word' id='word_1_309' title='bbox 1094 1342 1168 1377; x_wconf 77' lang='lat' dir='ltr'>qua</span> <span class='ocrx_word' id='word_1_310' title='bbox 1193 1332 1387 1377; x_wconf 81' lang='lat' dir='ltr'>digressus</span> <span class='ocrx_word' id='word_1_311' title='bbox 1412 1341 1507 1372; x_wconf 88' lang='lat' dir='ltr'>sum,</span> <span class='ocrx_word' id='word_1_312' title='bbox 1531 1333 1574 1363; x_wconf 88' lang='lat' dir='ltr'>ut</span> <span class='ocrx_word' id='word_1_313' title='bbox 1591 1340 1678 1364; x_wconf 90' lang='lat' dir='ltr'>cum</span> 
     </span>
     <span class='ocr_line' id='line_1_56' title="bbox 944 1377 1678 1422; baseline -0.004 -8"><span class='ocrx_word' id='word_1_314' title='bbox 944 1391 1054 1414; x_wconf 82' lang='lat' dir='ltr'>avaro</span> <span class='ocrx_word' id='word_1_315' title='bbox 1081 1389 1245 1414; x_wconf 87' lang='lat' dir='ltr'>sererem</span> <span class='ocrx_word' id='word_1_316' title='bbox 1271 1377 1514 1422; x_wconf 87' lang='lat' dir='ltr'>colloquium,</span> <span class='ocrx_word' id='word_1_317' title='bbox 1540 1387 1586 1410; x_wconf 85' lang='lat' dir='ltr'>ex</span> <span class='ocrx_word' id='word_1_318' title='bbox 1603 1387 1678 1422; x_wconf 88' lang='lat' dir='ltr'>quo</span> 
     </span>
     <span class='ocr_line' id='line_1_57' title="bbox 944 1425 1679 1472; baseline -0.004 -12"><span class='ocrx_word' id='word_1_319' title='bbox 944 1428 1028 1472; x_wconf 85' lang='lat' dir='ltr'>ipso</span> <span class='ocrx_word' id='word_1_320' title='bbox 1046 1426 1150 1468; x_wconf 82' lang='lat' dir='ltr'>satis,</span> <span class='ocrx_word' id='word_1_321' title='bbox 1167 1429 1208 1460; x_wconf 84' lang='lat' dir='ltr'>ut</span> <span class='ocrx_word' id='word_1_322' title='bbox 1221 1425 1369 1469; x_wconf 84' lang='lat' dir='ltr'>opinor,</span> <span class='ocrx_word' id='word_1_323' title='bbox 1386 1425 1510 1459; x_wconf 83' lang='lat' dir='ltr'>elucet</span> <span class='ocrx_word' id='word_1_324' title='bbox 1524 1434 1679 1458; x_wconf 80' lang='lat' dir='ltr'>avarum</span> 
     </span>
     <span class='ocr_line' id='line_1_58' title="bbox 945 1471 1678 1516; baseline -0.004 -8"><span class='ocrx_word' id='word_1_325' title='bbox 945 1474 1134 1508; x_wconf 79' lang='lat' dir='ltr'>neminem</span> <span class='ocrx_word' id='word_1_326' title='bbox 1160 1483 1201 1507; x_wconf 85' lang='lat' dir='ltr'>se</span> <span class='ocrx_word' id='word_1_327' title='bbox 1226 1471 1399 1516; x_wconf 82' lang='lat' dir='ltr'>probare,</span> <span class='ocrx_word' id='word_1_328' title='bbox 1425 1471 1465 1505; x_wconf 86' lang='lat' dir='ltr'>id</span> <span class='ocrx_word' id='word_1_329' title='bbox 1482 1474 1550 1511; x_wconf 87' lang='lat' dir='ltr'>est,</span> <span class='ocrx_word' id='word_1_330' title='bbox 1576 1474 1678 1506; x_wconf 84' lang='lat' dir='ltr'>recte</span> 
     </span>
     <span class='ocr_line' id='line_1_59' title="bbox 946 1518 1681 1563; baseline -0.004 -8"><span class='ocrx_word' id='word_1_331' title='bbox 946 1531 987 1555; x_wconf 86' lang='lat' dir='ltr'>se</span> <span class='ocrx_word' id='word_1_332' title='bbox 1009 1521 1136 1554; x_wconf 75' lang='lat' dir='ltr'>vivere</span> <span class='ocrx_word' id='word_1_333' title='bbox 1160 1519 1331 1554; x_wconf 81' lang='lat' dir='ltr'>iudicare</span> <span class='ocrx_word' id='word_1_334' title='bbox 1356 1518 1526 1563; x_wconf 74' lang='lat' dir='ltr'>adeoque</span> <span class='ocrx_word' id='word_1_335' title='bbox 1552 1518 1681 1552; x_wconf 88' lang='lat' dir='ltr'>condi-</span> 
     </span>
     <span class='ocr_line' id='line_1_60' title="bbox 947 1566 1681 1602; baseline -0.004 0"><span class='ocrx_word' id='word_1_336' title='bbox 947 1568 1055 1602; x_wconf 88' lang='lat' dir='ltr'>cione</span> <span class='ocrx_word' id='word_1_337' title='bbox 1081 1578 1150 1602; x_wconf 82' lang='lat' dir='ltr'>sua</span> <span class='ocrx_word' id='word_1_338' title='bbox 1176 1570 1393 1601; x_wconf 86' lang='lat' dir='ltr'>contentum</span> <span class='ocrx_word' id='word_1_339' title='bbox 1420 1566 1537 1600; x_wconf 85' lang='lat' dir='ltr'>esse.“</span> <span class='ocrx_word' id='word_1_340' title='bbox 1584 1567 1681 1599; x_wconf 69' lang='lat' dir='ltr'>Ut-se</span> 
     </span>
     <span class='ocr_line' id='line_1_61' title="bbox 944 1612 1684 1659; baseline -0.003 -11"><span class='ocrx_word' id='word_1_341' title='bbox 944 1617 1071 1657; x_wconf 77' lang='lat' dir='ltr'>probel</span> <span class='ocrx_word' id='word_1_342' title='bbox 1097 1625 1165 1659; x_wconf 87' lang='lat' dir='ltr'>pro</span> <span class='ocrx_word' id='word_1_343' title='bbox 1191 1623 1314 1648; x_wconf 80' lang='lat' dir='ltr'>accus.</span> <span class='ocrx_word' id='word_1_344' title='bbox 1341 1623 1425 1647; x_wconf 88' lang='lat' dir='ltr'>cum</span> <span class='ocrx_word' id='word_1_345' title='bbox 1450 1612 1606 1654; x_wconf 72' lang='lat' dir='ltr'>infinit..</span> <span class='ocrx_word' id='word_1_346' title='bbox 1641 1615 1684 1647; x_wconf 81' lang='lat' dir='ltr'>ut</span> 
     </span>
     <span class='ocr_line' id='line_1_62' title="bbox 949 1661 1683 1704; baseline -0.004 -8"><span class='ocrx_word' id='word_1_347' title='bbox 949 1661 1023 1696; x_wconf 85' lang='lat' dir='ltr'>Sat.</span> <span class='ocrx_word' id='word_1_348' title='bbox 1051 1665 1090 1703; x_wconf 83' lang='lat'>1,</span> <span class='ocrx_word' id='word_1_349' title='bbox 1116 1663 1157 1704; x_wconf 86' lang='lat'>3,</span> <span class='ocrx_word' id='word_1_350' title='bbox 1194 1663 1282 1695; x_wconf 84' lang='lat'>115:</span> <span class='ocrx_word' id='word_1_351' title='bbox 1321 1662 1395 1694; x_wconf 81' lang='lat' dir='ltr'>Nec</span> <span class='ocrx_word' id='word_1_352' title='bbox 1432 1662 1548 1694; x_wconf 78' lang='lat' dir='ltr'>vincet</span> <span class='ocrx_word' id='word_1_353' title='bbox 1583 1661 1683 1694; x_wconf 75' lang='lat' dir='ltr'>ratio</span> 
     </span>
     <span class='ocr_line' id='line_1_63' title="bbox 948 1707 1682 1751; baseline -0.001 -9"><span class='ocrx_word' id='word_1_354' title='bbox 948 1710 1024 1751; x_wconf 78' lang='lat' dir='ltr'>hoc,</span> <span class='ocrx_word' id='word_1_355' title='bbox 1049 1710 1263 1742; x_wconf 75' lang='lat' dir='ltr'>tantundem</span> <span class='ocrx_word' id='word_1_356' title='bbox 1292 1711 1332 1741; x_wconf 83' lang='lat' dir='ltr'>ul</span> <span class='ocrx_word' id='word_1_357' title='bbox 1354 1710 1476 1749; x_wconf 82' lang='lat' dir='ltr'>peccel</span> <span class='ocrx_word' id='word_1_358' title='bbox 1502 1711 1572 1741; x_wconf 86' lang='lat' dir='ltr'>cet.</span> <span class='ocrx_word' id='word_1_359' title='bbox 1602 1707 1682 1742; x_wconf 91' lang='lat' dir='ltr'>Cic.</span> 
     </span>
     <span class='ocr_line' id='line_1_64' title="bbox 950 1756 1686 1798; baseline -0.003 -8"><span class='ocrx_word' id='word_1_360' title='bbox 950 1757 996 1790; x_wconf 88' lang='lat' dir='ltr'>de</span> <span class='ocrx_word' id='word_1_361' title='bbox 1015 1756 1123 1790; x_wconf 86' lang='lat' dir='ltr'>Finn.</span> <span class='ocrx_word' id='word_1_362' title='bbox 1142 1758 1176 1798; x_wconf 88' lang='lat'>5,</span> <span class='ocrx_word' id='word_1_363' title='bbox 1193 1757 1250 1797; x_wconf 79' lang='grc'>26,</span> <span class='ocrx_word' id='word_1_364' title='bbox 1269 1757 1332 1789; x_wconf 81' lang='lat'>78:</span> <span class='ocrx_word' id='word_1_365' title='bbox 1357 1757 1390 1788; x_wconf 73' lang='lat' dir='ltr'>si</span> <span class='ocrx_word' id='word_1_366' title='bbox 1411 1756 1539 1789; x_wconf 77' lang='lat' dir='ltr'>Stoicis</span> <span class='ocrx_word' id='word_1_367' title='bbox 1562 1763 1686 1788; x_wconf 78' lang='lat' dir='ltr'>conce·</span> 
     </span>
     <span class='ocr_line' id='line_1_65' title="bbox 950 1801 1685 1847; baseline -0.001 -11"><span class='ocrx_word' id='word_1_368' title='bbox 950 1805 1016 1843; x_wconf 71' lang='lat' dir='ltr'>dis,</span> <span class='ocrx_word' id='word_1_369' title='bbox 1041 1806 1080 1836; x_wconf 82' lang='lat' dir='ltr'>ut</span> <span class='ocrx_word' id='word_1_370' title='bbox 1107 1803 1437 1845; x_wconf 53' lang='lat' dir='ltr'>virtus-wama&amp;</span> <span class='ocrx_word' id='word_1_371' title='bbox 1464 1802 1575 1836; x_wconf 83' lang='lat' dir='ltr'>Corn.</span> <span class='ocrx_word' id='word_1_372' title='bbox 1593 1801 1685 1847; x_wconf 80' lang='lat' dir='ltr'>Nep.</span> 
     </span>
     <span class='ocr_line' id='line_1_66' title="bbox 950 1850 1686 1891; baseline -0.003 -7"><span class='ocrx_word' id='word_1_373' title='bbox 950 1850 1074 1885; x_wconf 82' lang='lat' dir='ltr'>Hann.</span> <span class='ocrx_word' id='word_1_374' title='bbox 1095 1853 1110 1884; x_wconf 86' lang='lat'>1</span> <span class='ocrx_word' id='word_1_375' title='bbox 1129 1861 1137 1883; x_wconf 94' lang='lat'>:</span> <span class='ocrx_word' id='word_1_376' title='bbox 1162 1851 1201 1885; x_wconf 72' lang='lat' dir='ltr'>Si</span> <span class='ocrx_word' id='word_1_377' title='bbox 1224 1858 1351 1884; x_wconf 80' lang='lat' dir='ltr'>verum</span> <span class='ocrx_word' id='word_1_378' title='bbox 1368 1852 1486 1887; x_wconf 64' lang='lat' dir='ltr'>estu.</span> <span class='ocrx_word' id='word_1_379' title='bbox 1512 1852 1551 1882; x_wconf 82' lang='lat' dir='ltr'>ut</span> <span class='ocrx_word' id='word_1_380' title='bbox 1570 1857 1686 1891; x_wconf 77' lang='lat' dir='ltr'>popu-</span> 
     </span>
     <span class='ocr_line' id='line_1_67' title="bbox 955 1898 1686 1938; baseline -0.001 -7"><span class='ocrx_word' id='word_1_381' title='bbox 955 1899 1008 1931; x_wconf 75' lang='lat' dir='ltr'>lus</span> <span class='ocrx_word' id='word_1_382' title='bbox 1033 1899 1221 1931; x_wconf 77' lang='lat' dir='ltr'>Romanus</span> <span class='ocrx_word' id='word_1_383' title='bbox 1246 1906 1367 1930; x_wconf 79' lang='lat' dir='ltr'>omnes</span> <span class='ocrx_word' id='word_1_384' title='bbox 1398 1899 1519 1938; x_wconf 67' lang='lat' dir='ltr'>ventes</span> <span class='ocrx_word' id='word_1_385' title='bbox 1552 1898 1686 1930; x_wconf 79' lang='lat' dir='ltr'>virtute</span> 
     </span>
     <span class='ocr_line' id='line_1_68' title="bbox 950 1944 1688 1987; baseline -0.003 -8"><span class='ocrx_word' id='word_1_386' title='bbox 950 1947 1148 1986; x_wconf 73' lang='lat' dir='ltr'>superarit.</span> <span class='ocrx_word' id='word_1_387' title='bbox 1179 1944 1332 1979; x_wconf 88' lang='lat' dir='ltr'>Hiatum</span> <span class='ocrx_word' id='word_1_388' title='bbox 1357 1948 1492 1985; x_wconf 83' lang='lat' dir='ltr'>autem,</span> <span class='ocrx_word' id='word_1_389' title='bbox 1517 1954 1688 1987; x_wconf 85' lang='lat' dir='ltr'>praeser-</span> 
     </span>
     <span class='ocr_line' id='line_1_69' title="bbox 954 1990 1685 2036; baseline 0.001 -11"><span class='ocrx_word' id='word_1_390' title='bbox 954 1993 1020 2026; x_wconf 85' lang='lat' dir='ltr'>tim</span> <span class='ocrx_word' id='word_1_391' title='bbox 1046 1992 1086 2025; x_wconf 89' lang='lat' dir='ltr'>iu</span> <span class='ocrx_word' id='word_1_392' title='bbox 1111 1992 1226 2026; x_wconf 86' lang='lat' dir='ltr'>huius</span> <span class='ocrx_word' id='word_1_393' title='bbox 1251 1990 1403 2036; x_wconf 86' lang='lat' dir='ltr'>generis</span> <span class='ocrx_word' id='word_1_394' title='bbox 1430 1990 1538 2035; x_wconf 81' lang='lat' dir='ltr'>quasi</span> <span class='ocrx_word' id='word_1_395' title='bbox 1565 1992 1685 2035; x_wconf 83' lang='lat' dir='ltr'>primo</span> 
     </span>
     <span class='ocr_line' id='line_1_70' title="bbox 955 2037 1687 2084; baseline -0.001 -11"><span class='ocrx_word' id='word_1_396' title='bbox 955 2039 1160 2084; x_wconf 87' lang='lat' dir='ltr'>specimine</span> <span class='ocrx_word' id='word_1_397' title='bbox 1185 2044 1270 2083; x_wconf 89' lang='lat' dir='ltr'>post</span> <span class='ocrx_word' id='word_1_398' title='bbox 1295 2038 1369 2072; x_wconf 81' lang='lat' dir='ltr'>Sat.</span> <span class='ocrx_word' id='word_1_399' title='bbox 1398 2040 1446 2080; x_wconf 78' lang='grc'>7.,</span> <span class='ocrx_word' id='word_1_400' title='bbox 1475 2037 1605 2081; x_wconf 83' lang='lat' dir='ltr'>utique</span> <span class='ocrx_word' id='word_1_401' title='bbox 1633 2041 1687 2072; x_wconf 81' lang='lat' dir='ltr'>to-</span> 
     </span>
     <span class='ocr_line' id='line_1_71' title="bbox 955 2085 1688 2128; baseline -0.003 -8"><span class='ocrx_word' id='word_1_402' title='bbox 955 2086 1150 2120; x_wconf 88' lang='lat' dir='ltr'>lerabilem</span> <span class='ocrx_word' id='word_1_403' title='bbox 1184 2085 1331 2128; x_wconf 87' lang='lat' dir='ltr'>iudico;</span> <span class='ocrx_word' id='word_1_404' title='bbox 1369 2096 1455 2119; x_wconf 87' lang='lat' dir='ltr'>eum</span> <span class='ocrx_word' id='word_1_405' title='bbox 1486 2088 1611 2119; x_wconf 85' lang='lat' dir='ltr'>autem</span> <span class='ocrx_word' id='word_1_406' title='bbox 1642 2085 1688 2119; x_wconf 83' lang='lat' dir='ltr'>ab</span> 
     </span>
     <span class='ocr_line' id='line_1_72' title="bbox 955 2132 1688 2167; baseline -0.004 0"><span class='ocrx_word' id='word_1_407' title='bbox 955 2133 1110 2167; x_wconf 79' lang='lat' dir='ltr'>Horatio</span> <span class='ocrx_word' id='word_1_408' title='bbox 1129 2133 1330 2166; x_wconf 82' lang='lat' dir='ltr'>admissum</span> <span class='ocrx_word' id='word_1_409' title='bbox 1354 2142 1438 2166; x_wconf 87' lang='lat' dir='ltr'>esse</span> <span class='ocrx_word' id='word_1_410' title='bbox 1456 2132 1595 2166; x_wconf 84' lang='lat' dir='ltr'>evincit</span> <span class='ocrx_word' id='word_1_411' title='bbox 1621 2132 1688 2165; x_wconf 86' lang='lat' dir='ltr'>du-</span> 
     </span>
     <span class='ocr_line' id='line_1_73' title="bbox 955 2179 1689 2226; baseline -0.003 -12"><span class='ocrx_word' id='word_1_412' title='bbox 955 2181 1043 2226; x_wconf 83' lang='lat' dir='ltr'>plex</span> <span class='ocrx_word' id='word_1_413' title='bbox 1052 2180 1159 2220; x_wconf 77' lang='lat' dir='ltr'>ratio,</span> <span class='ocrx_word' id='word_1_414' title='bbox 1173 2190 1250 2224; x_wconf 86' lang='lat' dir='ltr'>qua</span> <span class='ocrx_word' id='word_1_415' title='bbox 1259 2179 1549 2223; x_wconf 81' lang='lat' dir='ltr'>interpolatores</span> <span class='ocrx_word' id='word_1_416' title='bbox 1560 2179 1689 2213; x_wconf 73' lang='lat' dir='ltr'>vitium</span> 
     </span>
     <span class='ocr_line' id='line_1_74' title="bbox 958 2226 1690 2271; baseline -0.001 -11"><span class='ocrx_word' id='word_1_417' title='bbox 958 2227 1060 2271; x_wconf 89' lang='lat' dir='ltr'>quod</span> <span class='ocrx_word' id='word_1_418' title='bbox 1092 2227 1275 2270; x_wconf 76' lang='lat' dir='ltr'>putabant</span> <span class='ocrx_word' id='word_1_419' title='bbox 1306 2226 1496 2260; x_wconf 84' lang='lat' dir='ltr'>sublatum</span> <span class='ocrx_word' id='word_1_420' title='bbox 1528 2226 1690 2260; x_wconf 78' lang='lat' dir='ltr'>iverunt.</span> 
     </span>
     <span class='ocr_line' id='line_1_75' title="bbox 959 2273 1691 2316; baseline 0.001 -10"><span class='ocrx_word' id='word_1_421' title='bbox 959 2293 1004 2298; x_wconf 91' lang='lat'>—-</span> <span class='ocrx_word' id='word_1_422' title='bbox 1032 2274 1151 2307; x_wconf 82' lang='lat' dir='ltr'>laudet</span> <span class='ocrx_word' id='word_1_423' title='bbox 1184 2275 1327 2307; x_wconf 74' lang='lat' dir='ltr'>diversa</span> <span class='ocrx_word' id='word_1_424' title='bbox 1359 2273 1556 2316; x_wconf 79' lang='lat' dir='ltr'>sequentes]</span> <span class='ocrx_word' id='word_1_425' title='bbox 1594 2273 1691 2307; x_wconf 82' lang='lat' dir='ltr'>Con-</span> 
     </span>
     <span class='ocr_line' id='line_1_76' title="bbox 960 2320 1692 2365; baseline 0 -11"><span class='ocrx_word' id='word_1_426' title='bbox 960 2321 1058 2354; x_wconf 89' lang='lat' dir='ltr'>sulto</span> <span class='ocrx_word' id='word_1_427' title='bbox 1091 2321 1227 2364; x_wconf 86' lang='lat' dir='ltr'>repetit</span> <span class='ocrx_word' id='word_1_428' title='bbox 1259 2320 1390 2362; x_wconf 77' lang='lat' dir='ltr'>verba,</span> <span class='ocrx_word' id='word_1_429' title='bbox 1428 2321 1566 2365; x_wconf 86' lang='lat' dir='ltr'>quibus</span> <span class='ocrx_word' id='word_1_430' title='bbox 1600 2331 1692 2354; x_wconf 90' lang='lat' dir='ltr'>usus</span> 
     </span>
     <span class='ocr_line' id='line_1_77' title="bbox 962 2370 1160 2402; baseline -0.005 0"><span class='ocrx_word' id='word_1_431' title='bbox 962 2370 1043 2402; x_wconf 82' lang='lat' dir='ltr'>erat</span> <span class='ocrx_word' id='word_1_432' title='bbox 1067 2378 1101 2401; x_wconf 83' lang='lat' dir='ltr'>v.</span> <span class='ocrx_word' id='word_1_433' title='bbox 1127 2370 1160 2401; x_wconf 85' lang='lat'>3.</span> 
     </span>
    </p>

    <p class='ocr_par' dir='ltr' id='par_1_16' title="bbox 963 2416 1698 2741">
     <span class='ocr_line' id='line_1_78' title="bbox 1011 2416 1693 2457; baseline -0.001 -9"><span class='ocrx_word' id='word_1_434' title='bbox 1011 2416 1174 2448; x_wconf 80' lang='lat' dir='ltr'>llo-116.</span> <span class='ocrx_word' id='word_1_435' title='bbox 1200 2416 1324 2448; x_wconf 77' lang='lat' dir='ltr'>aliena</span> <span class='ocrx_word' id='word_1_436' title='bbox 1343 2416 1486 2456; x_wconf 83' lang='lat' dir='ltr'>capella</span> <span class='ocrx_word' id='word_1_437' title='bbox 1512 2424 1544 2457; x_wconf 72' lang='lat' dir='ltr'>a.</span> <span class='ocrx_word' id='word_1_438' title='bbox 1563 2416 1693 2448; x_wconf 77' lang='lat' dir='ltr'>disten-</span> 
     </span>
     <span class='ocr_line' id='line_1_79' title="bbox 963 2461 1694 2506; baseline 0.001 -12"><span class='ocrx_word' id='word_1_439' title='bbox 963 2462 1032 2494; x_wconf 72' lang='lat' dir='ltr'>tius</span> <span class='ocrx_word' id='word_1_440' title='bbox 1064 2461 1175 2504; x_wconf 76' lang='lat' dir='ltr'>uber]</span> <span class='ocrx_word' id='word_1_441' title='bbox 1215 2461 1506 2503; x_wconf 82' lang='lat' dir='ltr'>„Proverbium,</span> <span class='ocrx_word' id='word_1_442' title='bbox 1545 2473 1619 2506; x_wconf 92' lang='lat' dir='ltr'>quo</span> <span class='ocrx_word' id='word_1_443' title='bbox 1658 2464 1694 2496; x_wconf 92' lang='lat' dir='ltr'>et</span> 
     </span>
     <span class='ocr_line' id='line_1_80' title="bbox 964 2507 1695 2551; baseline -0.003 -9"><span class='ocrx_word' id='word_1_444' title='bbox 964 2507 1119 2542; x_wconf 83' lang='lat' dir='ltr'>Ovidius</span> <span class='ocrx_word' id='word_1_445' title='bbox 1150 2520 1241 2543; x_wconf 84' lang='lat' dir='ltr'>usus</span> <span class='ocrx_word' id='word_1_446' title='bbox 1267 2512 1326 2542; x_wconf 88' lang='lat' dir='ltr'>est</span> <span class='ocrx_word' id='word_1_447' title='bbox 1359 2510 1423 2551; x_wconf 79' lang='lat' dir='ltr'>(A.</span> <span class='ocrx_word' id='word_1_448' title='bbox 1450 2509 1492 2541; x_wconf 89' lang='lat' dir='ltr'>A.</span> <span class='ocrx_word' id='word_1_449' title='bbox 1521 2512 1559 2550; x_wconf 90' lang='lat'>1,</span> <span class='ocrx_word' id='word_1_450' title='bbox 1587 2509 1695 2551; x_wconf 58' lang='lat'>349),</span> 
     </span>
     <span class='ocr_line' id='line_1_81' title="bbox 965 2556 1694 2597; baseline -0.003 -8"><span class='ocrx_word' id='word_1_451' title='bbox 965 2565 1048 2589; x_wconf 87' lang='lat' dir='ltr'>cum</span> <span class='ocrx_word' id='word_1_452' title='bbox 1070 2556 1146 2589; x_wconf 88' lang='lat' dir='ltr'>ait:</span> <span class='ocrx_word' id='word_1_453' title='bbox 1172 2557 1342 2589; x_wconf 72' lang='lat' dir='ltr'>Fertilior</span> <span class='ocrx_word' id='word_1_454' title='bbox 1366 2565 1462 2597; x_wconf 61' lang='lat' dir='ltr'>seges</span> <span class='ocrx_word' id='word_1_455' title='bbox 1489 2559 1537 2588; x_wconf 76' lang='lat' dir='ltr'>est</span> <span class='ocrx_word' id='word_1_456' title='bbox 1565 2556 1694 2588; x_wconf 80' lang='lat' dir='ltr'>alienis</span> 
     </span>
     <span class='ocr_line' id='line_1_82' title="bbox 964 2604 1696 2644; baseline 0 -9"><span class='ocrx_word' id='word_1_457' title='bbox 964 2611 1102 2644; x_wconf 81' lang='lat' dir='ltr'>semper</span> <span class='ocrx_word' id='word_1_458' title='bbox 1126 2604 1163 2635; x_wconf 82' lang='lat' dir='ltr'>in</span> <span class='ocrx_word' id='word_1_459' title='bbox 1189 2604 1300 2644; x_wconf 71' lang='lat' dir='ltr'>aqris,</span> <span class='ocrx_word' id='word_1_460' title='bbox 1331 2604 1561 2643; x_wconf 75' lang='lat' dir='ltr'>Vicinumque</span> <span class='ocrx_word' id='word_1_461' title='bbox 1588 2611 1696 2644; x_wconf 80' lang='lat' dir='ltr'>pecus</span> 
     </span>
     <span class='ocr_line' id='line_1_83' title="bbox 966 2649 1695 2691; baseline 0.001 -9"><span class='ocrx_word' id='word_1_462' title='bbox 966 2650 1140 2691; x_wconf 73' lang='lat' dir='ltr'>qrandius</span> <span class='ocrx_word' id='word_1_463' title='bbox 1170 2651 1261 2682; x_wconf 78' lang='lat' dir='ltr'>uber</span> <span class='ocrx_word' id='word_1_464' title='bbox 1294 2650 1432 2683; x_wconf 49' lang='lat' dir='ltr'>hubald*</span> <span class='ocrx_word' id='word_1_465' title='bbox 1475 2649 1624 2683; x_wconf 77' lang='lat' dir='ltr'>PORPH.</span> <span class='ocrx_word' id='word_1_466' title='bbox 1652 2668 1695 2673; x_wconf 93' lang='lat'>—</span> 
     </span>
     <span class='ocr_line' id='line_1_84' title="bbox 967 2696 1698 2741; baseline 0 -11"><span class='ocrx_word' id='word_1_467' title='bbox 967 2697 1060 2730; x_wconf 73' lang='lat' dir='ltr'>hunc</span> <span class='ocrx_word' id='word_1_468' title='bbox 1084 2700 1193 2737; x_wconf 79' lang='lat' dir='ltr'>atque</span> <span class='ocrx_word' id='word_1_469' title='bbox 1218 2696 1326 2739; x_wconf 75' lang='lat' dir='ltr'>hunc]</span> <span class='ocrx_word' id='word_1_470' title='bbox 1355 2706 1419 2738; x_wconf 83' lang='lat' dir='ltr'>„ao</span> <span class='ocrx_word' id='word_1_471' title='bbox 1442 2697 1564 2740; x_wconf 88' lang='lat' dir='ltr'>primo</span> <span class='ocrx_word' id='word_1_472' title='bbox 1588 2707 1698 2741; x_wconf 88' lang='lat' dir='ltr'>supe-</span> 
     </span>
    </p>
   </div>
  </div>
 </body>
</html>
