1774 2930
178 161 266 203 260

296 261 526 317 Prodocet,
559 262 667 305 haec
697 262 894 306 recinunt
923 263 1102 307 iuvenes
1134 265 1294 308 dictata
1323 279 1535 340 senesque

658 161 867 196 HORATH
891 161 1238 198 EPISTOLARUM

1647 268 1725 310 55·

295 332 442 376 Laevo
475 335 676 389 suspensi
706 334 869 376 loculos
900 334 1174 392 tabulamque
1205 337 1378 378 lacerto.

295 403 377 446 Est
408 405 574 446 animus
607 405 706 458 tibi,
740 408 840 447 sunt
869 418 1010 448 mores
1044 410 1087 448 et
1118 407 1267 462 lingua
1296 406 1506 464 fidesque,

297 474 384 518 Sed
416 475 739 531 quadringentis
772 491 851 519 sex
882 479 1049 533 septem
1078 478 1199 519 milia
1228 477 1404 520 desunt:

273 607 328 639 56.
359 604 510 639 Habent
535 606 638 640 hunc
665 617 816 640 versum
842 606 918 651 bSp
946 611 983 640 et
1008 617 1137 641 omnes
1162 607 1355 642 Pottierii:
1391 607 1555 653 Guyeto,
1582 609 1656 643 Cu-

224 652 456 698 ninghamio,
483 653 682 687 Sanadono
709 654 930 689 auctoribus
958 664 1042 688 eum
1069 655 1251 698 expunxit
1274 653 1322 688 M.
1348 674 1392 679 —
1420 652 1475 690 57.
1502 657 1559 690 58.
1591 657 1653 690 Ιιι-

226 710 332 734 verso
361 700 494 734 ordine
521 700 590 742 dE,
615 700 763 735 Veneta
790 704 907 743 1481„
933 701 1020 735 LtF.
1038 700 1260 736 Nostrorum
1280 701 1394 736 Codd.
1411 702 1463 737 bs
1483 703 1653 738 ordinem

223 747 431 791 praetulit‘
422 759 495 781 lam
516 747 718 792 Cruquius.
738 768 782 772 -—
802 752 834 782 et
863 750 990 790 linqua
1011 748 1145 794 deEp
1173 751 1210 783 et
1235 760 1365 784 omnes
1382 749 1575 784 Pottierii.
1602 754 1652 785 est

227 796 351 836 linqua
371 805 390 828 e
409 794 525 828 Codd.
547 795 662 837 (inter
689 807 781 840 quos
809 796 905 830 alter
925 795 1084 841 Collegii
1104 796 1317 839 Trinitatis)
1339 797 1555 855 Bentleius3
1573 798 1653 832 ΟΜ.

297 843 354 876 58.
379 843 462 885 Sed]
490 844 528 876 Si
554 842 614 887 dp,
641 844 716 877 tres
742 843 927 885 Pottierii,
954 843 1074 877 LCtF.

175 941 277 986 cipit.
301 961 347 966 —
375 942 568 986 prodocet]
593 942 704 976 Nunc
731 947 787 977 est
812 938 917 986 ἅπαξ

174 986 401 1034 λεγόμενονῑ
449 990 546 1033 „alta
583 1000 672 1024 voce
716 993 752 1024 et
793 991 915 1035 palam

177 1036 287 1071 docet
321 1037 426 1080 (sine
461 1038 729 1071 retractatione
756 1041 821 1071 aut
846 1049 915 1082 pu-

174 1083 294 1127 dore).
302 1084 318 1102 ‘⁴
346 1084 514 1118 Verbum
541 1082 769 1131 προδιδάσκ
759 1096 810 1118 ιν
834 1085 915 1127 (So-

200 1131 299 1165 hocl.
319 1132 422 1166 Aiac.
452 1134 529 1165 163.
557 1132 691 1166 Trach.
721 1134 800 1166 681.
826 1133 915 1166 Phi-

189 1182 260 1213 oct.
289 1179 408 1222 1015.)
436 1179 574 1213 callide
599 1179 646 1213 ad
669 1178 914 1214 Latinitatem

173 1226 322 1260 videtur
360 1226 556 1260 deflexisse
595 1228 717 1270 poeta.
745 1246 788 1250 —
821 1230 914 1261 reci-

174 1273 280 1316 num]
305 1272 399 1318 Epp.
428 1276 467 1316 1,
497 1275 558 1316 18,
585 1276 650 1307 13:
693 1275 734 1307 Ul
757 1283 914 1315 puerum

172 1330 282 1354 saevo
309 1322 437 1354 credas
463 1322 600 1354 dictata
625 1323 802 1363 maqistro
819 1324 914 1356 Red-

173 1368 278 1412 dere;
305 1368 369 1402 ubi
388 1379 421 1402 V.
439 1369 594 1412 proprio
622 1379 714 1402 usus
741 1371 810 1403 est.
838 1369 912 1403 Cfr.

175 1414 252 1449 Cic.
273 1415 319 1450 de
337 1414 379 1449 N.
406 1415 450 1449 D.
479 1418 509 1458 1,
537 1418 593 1459 26,
620 1418 695 1459 72.;
723 1416 787 1450 sed
814 1416 911 1451 idem

174 1462 219 1496 de
244 1462 356 1497 Finn.
383 1466 425 1505 4,
452 1466 492 1505 4,
521 1464 583 1497 1οι
622 1465 759 1497 dictata
784 1464 913 1498 decan-

174 1512 264 1543 tare.

222 1559 278 1592 56.
292 1558 409 1591 Laevo
420 1557 504 1601 cet]
514 1557 619 1592 Idem
629 1569 762 1593 versus
772 1558 911 1604 legitur

175 1604 248 1638 Sat.
269 1606 300 1647 1,
319 1604 354 1648 B,
372 1606 440 1647 74„
467 1605 533 1639 ubi
551 1606 649 1639 vide.
685 1605 767 1640 Nisi
786 1606 913 1640 omnia

172 1662 230 1686 me
242 1652 390 1695 fallunt,
405 1663 540 1687 versus
551 1653 656 1687 illius
666 1653 762 1689 bene
774 1655 914 1687 tornati

172 1699 328 1734 fortuito
344 1700 379 1734 ei
392 1700 497 1734 venit
510 1700 548 1733 in
564 1703 739 1743 mentem,
755 1711 830 1745 quo
845 1701 914 1735 ali-

173 1747 325 1791 quando
352 1747 618 1781 centurionum
631 1747 914 1781 Venusinorum

174 1794 288 1836 filios,
303 1796 479 1839 aequales
492 1806 591 1837 suos,
601 1795 640 1828 in
650 1794 769 1828 Flavii
781 1795 911 1828 ludum

173 1851 259 1874 cum
276 1842 388 1884 irent,
408 1842 524 1876 nullis
543 1842 724 1886 capsariis
742 1842 790 1876 iis
809 1842 913 1875 locu-

172 1888 229 1922 los
257 1888 457 1933 (librorum
493 1890 720 1932 chartaeque
755 1889 911 1933 stilique

171 1936 412 1980 repositoria)
438 1936 690 1980 portantibus,
717 1936 782 1970 sed
808 1936 911 1980 ipsos

171 1983 267 2017 haec
277 1983 439 2028 puerilis
449 1983 671 2028 disciplinae
681 1984 911 2018 instrumen-

172 2032 210 2064 ta
234 2033 424 2075 gestantes
439 2057 448 2073 ,
485 2031 619 2065 festive
644 2030 910 2076 descripserat.

171 2077 249 2111 Iam
289 2088 372 2111 cum
406 2078 499 2112 haec
539 2079 660 2123 imago
701 2089 833 2112 senum
867 2089 910 2112 ac

172 2125 351 2159 iuvenum
372 2125 423 2159 ad
448 2126 582 2159 Ianum
616 2126 780 2159 medium
806 2126 911 2159 velut

172 2173 213 2205 in
239 2173 370 2207 schola
394 2173 512 2207 falsae
539 2172 746 2216 sapientiae
773 2173 912 2208 dictata

172 2220 351 2265 magistro
378 2220 619 2254 reddentium
645 2220 680 2254 ei
707 2223 794 2255 ante
824 2231 911 2254 ocu-

171 2266 229 2300 los
255 2270 488 2310 versaretur,
528 2268 654 2302 statim
686 2267 782 2302 vidit
815 2279 912 2302 nova

104 2326 111 2333 “
170 2314 242 2347 hac
268 2317 305 2348 et
330 2315 468 2349 callida
500 2315 679 2348 iunctura
709 2315 911 2360 imaginem

171 2361 274 2395 illam
299 2362 352 2395 ita
377 2362 535 2405 absolvi,
561 2362 659 2395 nihil
677 2365 719 2395 ut
736 2362 910 2396 festivius

171 2409 338 2453 magisve
363 2409 566 2443 ridiculum
593 2409 800 2454 excogitari
825 2420 911 2453 pos-

173 2457 241 2489 set.
293 2455 470 2489 Ceterum
495 2457 531 2490 h.
559 2457 582 2490 l.
611 2456 651 2490 C.
668 2456 708 2490 F.
726 2457 909 2490 Herman-

172 2513 245 2536 nus
271 2502 311 2535 in
337 2503 474 2536 loculis
508 2514 586 2538 non
622 2504 790 2538 calculos
821 2515 909 2538 con-

172 2549 271 2584 ditos
309 2560 410 2591 esse,
450 2550 515 2584 sed
550 2551 751 2594 pecuniam
789 2551 910 2595 ipsam

173 2599 276 2631 recte
303 2597 446 2631 statuit.
499 2597 561 2630 Sic
588 2600 714 2631 autem
743 2599 843 2632 inter
870 2609 909 2632 se

172 2647 282 2688 aptae
326 2646 415 2678 sunt
463 2644 691 2679 sententiae:
743 2645 908 2690 „Argen-

171 2692 277 2733 tarii,
312 2691 398 2725 dum
431 2691 543 2726 fenus
578 2702 688 2726 suum
723 2695 909 2735 exercent,

168 2739 287 2772 'veluti
306 2738 444 2773 docent
460 2749 588 2773 omnes
614 2740 782 2784 reliquos
806 2740 905 2774 cives

965 954 1138 978 nummos
1164 946 1251 979 ante
1269 945 1447 980 virtutem
1465 946 1700 991 quaerendos

966 1001 1066 1033 esse3
1094 992 1206 1026 talem
1225 992 1432 1028 doctrinam
1452 993 1587 1038 cupide
1606 994 1700 1028 arri-

963 1038 1111 1082 pientes
1139 1042 1175 1072 et
1200 1039 1358 1074 iuvenes
1393 1044 1430 1074 et
1464 1051 1572 1075 senes
1606 1042 1699 1075 haec

965 1088 1154 1130 tamquam
1169 1086 1348 1131 discipuli
1366 1087 1545 1132 magistro
1561 1088 1699 1123 dictata

963 1133 1147 1175 reddunt,
1173 1144 1217 1167 ac
1241 1134 1411 1178 profecto
1437 1135 1528 1169 mihi
1554 1145 1698 1180 nequa-

965 1191 1076 1234 quam
1110 1159 1249 1215 diversi
1279 1181 1455 1215 videntur
1479 1193 1502 1215 a
1526 1182 1698 1227 puerulis

963 1227 1003 1260 in
1030 1228 1162 1262 ludum
1179 1228 1407 1262 litterarium
1432 1240 1454 1263 a
1479 1229 1696 1275 paedagogo

964 1273 1148 1317 deductis,
1175 1286 1271 1320 quos
1297 1276 1387 1309 olim
1413 1276 1467 1311 sic
1491 1275 1696 1321 descripsi:

962 1323 1082 1356 Laevo
1121 1324 1189 1356 cet.
1249 1321 1451 1364 (Similiter
1488 1323 1570 1404 igse
1608 1334 1697 1358 suos

962 1379 1094 1403 versus
1120 1369 1272 1414 repetiit
1294 1369 1474 1404 Horatius
1527 1372 1574 1405 at.
1602 1373 1633 1413 1,
1663 1373 1697 1414 2,

965 1418 1018 1450 13.
1046 1420 1083 1451 et
1107 1417 1150 1451 A.
1176 1417 1217 1450 P.
1243 1419 1324 1451 421.
1358 1417 1432 1452 Sat.
1461 1420 1492 1460 1,
1518 1420 1551 1460 2,
1577 1420 1634 1452 27.
1660 1421 1697 1452 et

964 1465 995 1505 1,
1013 1466 1046 1506 4,
1066 1466 1122 1499 92.
1151 1464 1246 1498 Ibid.
1265 1466 1297 1507 2,
1323 1466 1357 1507 3,
1385 1467 1463 1500 163.
1490 1467 1528 1499 et
1551 1465 1644 1510 Epp.
1666 1468 1697 1509 1,

962 1513 1002 1553 6,
1029 1513 1085 1545 28.
1112 1510 1220 1556 [Epp.
1249 1514 1284 1555 1,
1312 1514 1373 1555 14,
1399 1514 1457 1546 34.
1483 1515 1520 1547 et
1543 1512 1637 1557 Epp.
1666 1516 1698 1555 1,

964 1560 1026 1601 18,
1053 1558 1221 1601 91.]0d.
1250 1562 1288 1602 1,
1315 1561 1438 1602 19,1.
1463 1561 1502 1594 et
1525 1561 1567 1602 4,
1595 1562 1637 1602 1,
1663 1561 1696 1594 5.

962 1605 1030 1639 od.
1057 1609 1091 1649 3,
1117 1607 1173 1648 25,
1200 1608 1255 1640 20.
1283 1608 1320 1640 et
1345 1609 1378 1649 4,
1404 1609 1438 1649 s,
1464 1606 1537 1649 33.)

1012 1655 1069 1687 57.
1095 1654 1151 1687 58.
1193 1655 1257 1686 Est
1289 1655 1482 1687 animust--
1504 1655 1574 1688 Sed
1606 1662 1696 1694 qua-

963 1700 1180 1742 drinqemis]
1197 1700 1308 1734 Hunc
1325 1711 1505 1735 versuum
1523 1700 1696 1735 ordinem

963 1747 1220 1792 lectionesque
1253 1750 1286 1781 et
1319 1748 1467 1790 linqua,
1499 1748 1698 1782 sed--de-

960 1797 1044 1827 sum
1069 1793 1154 1828 ideo
1180 1794 1362 1838 praetuli,
1401 1794 1504 1839 quod
1530 1804 1615 1829 cum
1640 1798 1697 1830 to-

961 1843 998 1875 to
1024 1841 1137 1875 huius
1154 1841 1345 1886 Epistolae
1371 1842 1587 1876 charactere
1611 1843 1698 1877 rhe-

961 1889 1079 1922 torico
1094 1889 1231 1922 melius
1246 1889 1449 1923 concinere
1458 1889 1695 1924 videbantur.

959 1935 1109 1970 Rursus
1127 1937 1229 1970 enim
1246 1936 1363 1970 habes
1389 1937 1615 1971 sententiam
1632 1937 1696 1971 ab·

960 1985 1418 2074 zsrfflff..5¹.5.fftss¹²zz
1432 1994 1692 2066 satias

960 2078 1143 2122 apodosin
1157 2079 1262 2112 Plebs
1281 2080 1367 2121 eri-53
1385 2078 1499 2121 unde,
1517 2088 1614 2122 quae
1627 2078 1694 2113 ho-

959 2136 1043 2158 rum
1061 2126 1110 2160 sit
1127 2125 1305 2160 iunctura
1317 2127 1354 2160 et
1367 2135 1452 2159 cum
1465 2125 1693 2170 praeceden-

961 2172 1062 2207 tibus
1081 2175 1119 2207 et
1137 2183 1223 2206 cum
1241 2173 1504 2217 sequentibus,
1521 2173 1694 2217 aliquan-

960 2220 1078 2264 tisper
1095 2220 1269 2254 meditari
1283 2220 1394 2254 debet
1410 2219 1540 2254 lector.
1554 2238 1598 2244 --
1612 2221 1693 2254 am·-

959 2267 1054 2310 mus]
1094 2267 1311 2312 „ingenium
1345 2269 1542 2312 praestans
1579 2267 1694 2312 atque

961 2317 1138 2357 erectum,
1164 2314 1412 2348 laudabilium
1437 2317 1476 2349 et
1498 2313 1693 2359 magnani-

959 2372 1105 2396 morum
1131 2362 1367 2405 inceptorum
1394 2360 1543 2405 capax.“
1560 2379 1604 2384 —
1624 2361 1693 2393 lin-

959 2409 1047 2452 qua]
1079 2408 1310 2451 „facundia.“
1338 2426 1382 2432 --
1408 2407 1581 2450 fidesque]
1612 2406 1693 2450 Est,

959 2459 1001 2489 ut
1017 2458 1120 2490 recte
1137 2457 1211 2489 iam
1230 2455 1457 2500 significavit
1472 2454 1692 2496 Lambinus,

960 2505 1136 2545 Credit,
1177 2503 1299 2545 „bona
1334 2502 1434 2537 fama
1465 2505 1503 2537 et
1537 2503 1692 2547 propter

958 2527 1194 2584 honestatem
1217 2552 1254 2583 et
1278 2552 1432 2594 propter
1454 2549 1690 2594 aliquantum

957 2598 1154 2643 pecuniae,
1165 2598 1333 2641 quamvis
1348 2596 1395 2631 ad
1409 2597 1624 2640 equestrem
1634 2595 1690 2629 di-

957 2645 1137 2690 gnitatem
1164 2655 1240 2678 non
1267 2643 1440 2678 sufficiat.
1446 2644 1462 2662 ‘⁶
1491 2642 1567 2676 Cfr.
1583 2642 1692 2677 Pom-

956 2692 1033 2736 peii
1051 2691 1170 2737 Epist.
1187 2692 1227 2725 in
1247 2691 1402 2725 Salustii
1421 2690 1484 2724 Fr.
1501 2689 1568 2724 Ed.
1585 2699 1690 2724 meae

956 2751 991 2784 p.
1019 2741 1105 2773 171:
1148 2741 1224 2780 qu
1251 2747 1323 2772 non
1355 2746 1435 2772 rem
1469 2738 1691 2779 familiarem
