1774 2930
657 167 750 202 ARS
774 166 997 202 POETIOA.

1494 170 1574 211 531

192 268 278 311 Sed
306 272 449 311 tamen
477 269 524 309 in
553 268 692 324 pretio
723 271 811 310 est:
843 267 1127 310 mediocribus
1156 281 1252 310 esse
1281 268 1422 324 poetis

190 338 288 381 Non
316 339 526 392 homines,
557 352 643 380 non
673 338 735 391 di,
766 352 853 380 non
883 351 1132 381 concessere
1163 338 1396 381 columnae.

190 409 250 451 Ut
280 412 423 465 gratas
453 409 566 451 inter
594 421 764 451 mensas
796 408 1050 465 symphonia
1079 408 1241 450 discors

192 479 250 521 Et
271 493 461 522 crassum
480 482 746 534 unguentum
768 482 811 521 et
832 478 966 521 Sardo
987 493 1083 521 cum
1103 479 1230 522 melle
1251 493 1439 535 papaver
1496 480 1581 520 375

194 549 442 602 Offendunt,
472 552 641 604 poterat
670 549 766 590 duci
797 549 897 605 quia
927 563 1032 592 cena
1062 550 1155 592 sine
1185 549 1305 591 istis:

195 619 268 661 Sic
297 619 449 661 animis
480 623 627 660 natum
657 619 960 675 inventumque
991 623 1146 675 poema
1175 619 1385 673 iuvandis,

197 689 244 731 Si
274 690 448 746 paulum
479 703 644 730 summo
675 689 878 741 decessit,
910 690 1048 745 vergit
1079 690 1133 731 ad
1162 690 1308 731 imum.

193 759 363 802 Ludere
394 760 466 815 qui
497 759 653 812 nescit,
686 759 995 815 campestribus
1027 760 1212 802 abstinet
1242 760 1386 813 armis,

173 914 253 946 373.
301 913 384 946 Non
416 913 469 953 ai,
506 919 578 944 non
609 911 768 943 homines
800 921 836 955 p,

873 911 1017 954 primus
1049 911 1278 952 Hochederi‚
1311 911 1470 946 Aldinae
1504 915 1541 946 et

126 958 254 993 Lamb.
281 977 320 982 —
351 960 432 992 378.
457 967 481 992 a
504 966 644 992 summo
669 957 743 991 LO,
770 976 813 981 —
840 959 990 991 discedit
1014 957 1056 999 d,
1081 960 1240 992 discessit
1264 958 1353 993 LCt.

79 1076 206 1110 clarus
242 1077 340 1109 Bene
375 1076 555 1109 dictorum
595 1075 713 1115 libro,
753 1075 812 1107 vir
860 1076 909 1108 2:
948 1076 1079 1108 Omnia
1113 1079 1301 1116 unquenta
1340 1076 1590 1109 acutiora

79 1124 173 1156 iuris
190 1123 306 1155 civilis
321 1123 473 1155 scientia
493 1123 616 1155 clarus
640 1122 713 1155 fuit
738 1121 811 1155 iam

77 1169 361 1203 triumvirorum
385 1171 552 1213 tempore
575 1179 607 1201 a.
627 1179 663 1202 u.
682 1178 713 1202 c.
732 1170 811 1201 712.

78 1218 175 1250 teste
199 1215 282 1250 val.
306 1215 403 1250 Max.
439 1218 480 1258 6,
506 1217 547 1258 2,
574 1217 649 1257 12.,
687 1215 811 1248 admo-

78 1262 171 1296 dum
202 1263 318 1307 igitur
351 1273 466 1296 senex
497 1273 541 1296 eo
579 1273 697 1304 anno,
735 1273 810 1306 quo

6 1314 13 1321 “
79 1310 144 1343 hic
167 1309 264 1343 liber
289 1310 452 1353 scriptus
477 1312 545 1343 est.
595 1309 667 1342 Sed
693 1308 725 1342 si
752 1309 810 1342 vel

79 1356 344 1402 octogenarius
371 1356 462 1398 fuit,
498 1356 538 1389 in
565 1356 658 1389 vivis
683 1355 812 1389 etiam-

81 1406 171 1437 tunc
187 1403 301 1437 fuerit
316 1413 471 1437 necesse
490 1406 563 1445 est,
590 1402 686 1435 nihil
711 1402 812 1435 enim

79 1450 348 1484 inconcinnius
372 1450 507 1483 fuisset
530 1448 641 1493 quai’n
666 1459 814 1493 compo-

79 1507 173 1531 nere
195 1499 384 1530 mortuum
410 1506 496 1530 cum
517 1495 693 1529 Messalla
718 1496 813 1537 vivo,

81 1546 125 1577 ut
155 1543 354 1577 manifesto
378 1542 523 1576 Horatii
553 1542 668 1576 verba
700 1543 814 1587 sig-ni-

80 1589 205 1624 ficant.
265 1589 322 1623 De
362 1590 553 1623 nominum
597 1589 813 1623 inversione

83 1637 148 1670 cfr.
172 1636 242 1670 Od.
267 1637 301 1677 2,
328 1638 384 1678 11,
409 1637 442 1669 2.
467 1655 514 1659 —
538 1637 620 1669 Non
644 1637 814 1678 homines,

81 1691 157 1716 non
196 1682 253 1726 di]
293 1682 470 1716 Inversus
512 1683 602 1716 ordo
643 1685 727 1716 Non
766 1684 814 1724 di,

81 1738 156 1763 non
186 1730 346 1763 homines
377 1729 424 1763 ab
458 1730 504 1763 iis
538 1729 715 1763 inductus
747 1733 815 1771 est,

83 1776 150 1820 qui
197 1777 321 1810 minus
362 1776 496 1810 decere
537 1776 814 1810 arbitrarentur

82 1823 255 1857 homines
278 1823 338 1857 dis
362 1823 544 1867 praeponi
575 1833 619 1856 ac
650 1823 816 1867 praefer-

83 1872 171 1903 rent
187 1869 356 1903 ordinem
381 1870 543 1911 solitum,
568 1873 610 1903 ut
634 1873 692 1904 est
716 1870 814 1914 apud

85 1916 163 1950 Cic.
188 1915 235 1949 ad
259 1916 359 1949 Fam.
387 1919 423 1955 1,
449 1919 494 1950 9:
520 1918 574 1949 dis
597 1918 816 1950 hominibus-

84 1971 155 2003 que
180 1963 478 2004 approbantibus.
511 1962 592 1996 Liv.
618 1965 650 2005 3,
678 1965 732 1996 17.
758 1966 815 2005 40,

87 2010 161 2051 12.;
197 2009 260 2043 cui
294 2009 478 2043 formulae
515 2007 618 2056 παρὰ
654 2009 819 2056 προσδο-

86 2057 174 2088 κίαν
211 2055 336 2089 addit:
372 2064 446 2088 non
481 2064 683 2089 concessere
721 2057 819 2089 colu-

84 2111 203 2144 mnae,
229 2102 394 2143 eaedem,
424 2113 519 2146 quae
545 2101 619 2136 Sat.
648 2105 678 2141 1,
704 2105 737 2142 4,
762 2105 819 2136 71.

86 2151 267 2183 vocantur
305 2150 424 2191 pilae,
472 2152 558 2183 ante
599 2148 820 2192 bibliopola—

87 2206 172 2231 rum
212 2196 405 2238 tabernas3
454 2196 591 2240 quibus
633 2196 820 2230 columnis

88 2242 272 2276 librorum
295 2242 485 2276 venalium
518 2242 663 2276 indices
694 2242 821 2287 affige-

88 2288 237 2323 bantur.
295 2289 444 2330 „Etiam
494 2290 687 2323 columnas
735 2290 821 2323 illas

87 2335 314 2369 inanimatas
331 2335 448 2379 pudet
470 2335 716 2369 mediocrium
734 2338 822 2380 poe-

89 2384 212 2415 tarum
239 2386 276 2416 et
299 2383 432 2415 horum
458 2383 611 2416 nomina
630 2382 702 2416 sibi
721 2382 821 2427 affigi

90 2428 338 2473 indignantur
372 2439 448 2462 non
482 2439 591 2462 secus
625 2431 736 2473 atque
774 2429 822 2463 iis

89 2475 178 2508 irati
203 2478 292 2508 sunt
316 2475 353 2508 di
387 2475 666 2520 hominesque.“
710 2475 823 2518 (Nul-

91 2521 148 2556 los
174 2521 351 2556 videlicet
380 2522 574 2566 reperiunt
608 2523 822 2566 emptores.)

139 2569 338 2602 374—378.
363 2569 504 2612 aratus]
540 2569 747 2611 „iucundas
772 2572 825 2603 at-

93 2624 167 2658 que
196 2615 371 2650 hilares.“
398 2634 442 2638 ———
468 2624 630 2649 crassum
659 2625 824 2657 unquen-

93 2661 195 2703 tum]
238 2662 378 2704 „nimis
419 2663 580 2706 spissum
623 2672 693 2696 nec
735 2663 825 2696 satis

94 2705 368 2743 defaecatum.“
416 2709 536 2751 (Plin.
562 2709 607 2743 H.
632 2709 676 2742 N.
704 2711 766 2750 13,
795 2712 826 2751 1,

859 1123 950 1163 siunt
975 1125 1081 1163 costo,
1108 1131 1318 1162 amomo--,·
1342 1124 1589 1156 crassiora

859 1170 1004 1210 myrrho
1028 1170 1272 1210 suavioraque
1296 1172 1365 1204 cet.
1411 1169 1466 1203 Ib.
1492 1172 1524 1212 3,
1549 1171 1590 1203 4:

861 1216 1043 1256 Quosdam
1068 1217 1319 1249 crassitudo
1352 1218 1507 1250 masm'me
1532 1218 1592 1250 de-

861 1263 983 1303 lectat,
1017 1264 1218 1304 spissum
1242 1264 1481 1305 appellantes,
1509 1264 1591 1296 tini-

860 1318 929 1349 que
953 1311 1046 1351 iam,
1082 1318 1158 1342 uon
1187 1311 1306 1343 solum
1327 1312 1503 1352 perfundi
1524 1319 1592 1343 un·

861 1357 1001 1396 quentis
1049 1357 1236 1399 caudent.)
1270 1376 1312 1381 —
1345 1358 1463 1391 Sardo
1512 1366 1593 1390 cum

859 1402 983 1446 melle]
1025 1402 1249 1445 „Corsicum
1274 1406 1311 1438 et
1336 1403 1495 1438 Sardum
1520 1404 1593 1438 mel

860 1450 1015 1493 pessimi
1057 1451 1202 1494 saporis
1244 1451 1339 1485 est.“
1390 1451 1594 1484 Pom'nn.

861 1495 964 1541 Virg.
1002 1496 1080 1530 Ecl.
1122 1498 1154 1539 7,
1195 1499 1263 1530 41:
1305 1506 1370 1538 eoo
1406 1499 1595 1532 Sardoniis

859 1544 983 1576 videor
1016 1545 1081 1576 tibi
1116 1547 1281 1577 amarior
1314 1546 1443 1578 herbis.
1491 1544 1596 1589 Opti·

862 1600 962 1622 mum
1002 1593 1133 1624 contra
1172 1593 1252 1625 erat
1288 1590 1518 1635 Hymettium
1560 1595 1597 1626 et

861 1636 1083 1680 Hyblaeum.
1109 1657 1154 1661 —
1188 1638 1373 1681 papaver]
1414 1638 1512 1672 Plin.
1550 1638 1596 1672 Η.

861 1682 904 1716 N.
939 1685 1002 1726 19,
1033 1686 1074 1726 8,
1100 1686 1168 1718 53:
1210 1687 1414 1726 Papaveris
1450 1687 1598 1719 candidi

862 1739 983 1763 semen
1023 1733 1155 1764 tostum
1194 1733 1234 1764 in
1273 1734 1434 1765 secunda
1473 1741 1597 1766 mensa

864 1786 944 1810 cum
968 1779 1074 1811 melle
1105 1780 1205 1819 apud
1232 1781 1402 1819 antiquos
1427 1780 1597 1813 dabatur.

862 1842 910 1848 —
934 1824 1031 1867 dum]
1067 1827 1243 1869 „poterat
1275 1836 1396 1870 aeque
1427 1826 1598 1860 hilariter

864 1871 1022 1917 produci
1048 1882 1142 1905 cena
1168 1872 1251 1906 sine
1276 1872 1358 1906 istis
1385 1874 1599 1920 παρέργοις,

865 1928 981 1961 quae,
1007 1929 1091 1952 cum
1117 1922 1360 1963 praepostera
1385 1922 1492 1961 sunt,
1523 1931 1600 1954 mo·

866 1964 976 1998 lestis.
1011 1965 1182 1998 afficiunt
1219 1967 1436 2000 convivas.“
1464 1985 1507 1990 —
1539 1969 1599 2000 de-

866 2011 990 2053 cessit]
1039 2011 1191 2045 Rectior
1240 2013 1331 2046 haec
1381 2016 1438 2046 est
1486 2013 1600 2047 leotio

868 2067 979 2100 quam
1005 2059 1182 2099 discessit,
1221 2069 1306 2091 cum
1332 2059 1516 2104 significet
1551 2070 1602 2100 „a

868 2114 1012 2137 summo
1049 2104 1198 2148 fastigio
1230 2105 1427 2139 demittere
1461 2116 1502 2140 se
1533 2107 1603 2139 hu—

868 2160 970 2183 mum
994 2152 1161 2184 versus.“
1189 2170 1232 2174 —
1258 2153 1375 2193 ver-ait
1401 2154 1450 2186 ad
1473 2153 1601 2195 imum]

871 2197 991 2238 „haud
1022 2198 1156 2241 procul
1189 2198 1263 2232 iam
1297 2203 1355 2232 est
1386 2210 1408 2233 a
1439 2201 1602 2244 pessimo

868 2245 1013 2287 poctaf‘

917 2339 1084 2371 379-384.
1109 2339 1250 2372 Ludere
1276 2339 1362 2381 cet.]
1398 2339 1603 2381 „Quamvis

870 2384 962 2417 haec
987 2385 1059 2426 (vv,
1086 2386 1299 2427 372—378.)
1331 2396 1440 2420 nemo
1465 2397 1603 2432 negare

871 2430 1026 2472 audeat,
1050 2434 1175 2465 tamen
1201 2433 1330 2466 nescio
1356 2443 1432 2477 qua
1456 2433 1606 2467 insania

871 2477 961 2519 acti,
994 2477 1156 2521 imperiti
1182 2479 1360 2522 permulti
1385 2480 1518 2523 poesin
1545 2490 1606 2513 ex·

872 2525 1035 2558 ercent.“
1064 2523 1203 2559 Similis
1228 2527 1415 2559 sententia
1440 2529 1496 2559 est
1513 2525 1606 2570 Epp.

874 2572 914 2611 2,
951 2573 988 2612 1,
1024 2573 1090 2604 114
1116 2582 1221 2615 seqq.
1246 2591 1290 2595 —
1317 2574 1574 2613 campestribus
1592 2591 1607 2597 -

874 2617 1001 2659 amnis]
1042 2618 1207 2661 „quibus
1240 2620 1399 2652 utuntur
1432 2618 1607 2653 ludentes

874 2663 914 2696 in
956 2663 1094 2708 Campo
1135 2663 1319 2705 Martio‚“
1369 2675 1607 2710 quorumque

875 2720 987 2744 versu
1019 2721 1097 2755 seq.
1130 2712 1313 2745 nonnulla
1346 2714 1536 2746 memorat.
1564 2730 1607 2736 —
