1774 2930
163 143 250 184 418

640 143 848 179 HORATII
871 144 1219 181 EPISTOLARUM

284 244 487 287 Crescere
518 259 587 288 res
619 249 785 301 posset,
818 246 953 288 minui
985 246 1190 290 damnosa
1219 248 1365 292 libido.

281 315 464 357 Mutavit
494 319 681 359 mentem
711 317 895 372 populus
925 317 1033 360 levis
1066 322 1108 361 et
1139 320 1249 362 calet
1280 334 1364 363 uno

283 386 506 429 Scribendi
539 387 700 442 studi03
733 388 856 443 pueri
886 392 1115 445 patresque
1148 391 1287 433 severi

281 457 452 500 Fronde
485 472 625 500 comas
657 459 788 501 vincti
819 463 973 502 cenant
1003 464 1046 502 et
1076 462 1265 503 carmina
1301 461 1473 505 dictant.

1600 464 1682 505 110

281 529 380 585 Ipse
412 544 510 585 ego,
544 530 617 585 qui
645 530 784 572 nullos
815 545 884 573 me
917 531 1089 574 adfirmo
1122 532 1309 576 scribere
1338 547 1507 588 versus,

281 600 480 643 Iuvenior
509 601 680 642 Parthis
712 602 956 644 mendacior
987 605 1029 645 et
1058 604 1178 659 prius
1211 607 1302 646 orto

283 671 383 714 Sole
413 672 519 728 vigil
550 672 759 714 calamum
791 677 834 715 et
865 673 1033 716 chartas
1066 678 1108 717 et
1140 675 1296 717 scrinia
1315 689 1468 731 poseo.

281 742 437 785 Navim
470 758 597 799 agere
628 744 802 799 ignarus
834 745 954 787 navis
985 745 1130 800 timet3
1164 746 1415 789 abrotonum
1446 761 1573 803 aegro

260 875 338 907 109.
372 875 483 915 pueri
507 873 657 918 bSEcp,
684 885 813 908 omnes
839 874 1030 917 Pottierii,
1066 877 1241 920 quattuor
1269 875 1450 911 Schmidii
1476 879 1513 910 et
1537 877 1632 911 LtF:

207 922 387 962 puerique
414 920 592 954 Schmidii
619 921 793 966 quintus,
821 921 868 965 C,

900 921 1095 956 Bentleius
1122 925 1159 957 et
1181 922 1229 957 M.
1257 942 1300 947 -—
1330 925 1406 957 114.
1433 925 1572 959 Navem
1599 924 1634 968 S,

211 979 341 1003 omnes
367 968 561 1011 Schmidii,
586 968 665 1002 LCt
689 971 727 1003 et
750 969 956 1004 Bentleius.

163 1078 243 1113 sqq.
271 1088 314 1092 —
341 1069 532 1112 damnosa]
560 1069 635 1103 Cfr.
661 1069 754 1114 Epp.
783 1072 815 1112 1,
843 1072 896 1112 18,

163 1118 227 1150 21:
278 1118 455 1150 damnosa
496 1118 622 1150 Venus.

163 1163 248 1206 cet]
281 1164 409 1197 Animi
442 1167 533 1198 tunc
559 1163 649 1198 fessi
682 1166 789 1198 erant
823 1164 898 1198 dis-

163 1211 302 1245 cordiis
326 1211 519 1245 intestinis
550 1211 789 1256 libenterque
819 1211 897 1245 fru-

163 1258 324 1292 ebantur
356 1269 449 1303 pace
481 1258 527 1292 ab
557 1257 729 1304 Augusto
763 1259 898 1292 confir-

162 1309 279 1349 mata,
314 1306 367 1341 ita
391 1308 536 1347 tamen,
570 1308 612 1339 ut
636 1308 748 1351 longe
774 1307 896 1340 minor

162 1353 299 1387 civium
332 1365 420 1398 pars
455 1364 566 1399 quam
599 1356 725 1388 vetere
755 1365 795 1388 re
829 1365 898 1398 pu-

161 1401 262 1435 blica
279 1403 344 1435 aut
361 1401 461 1435 domi
478 1401 700 1435 muneribus
720 1401 896 1435 civilibus

162 1451 201 1483 et
226 1449 443 1493 eloquentia
473 1451 539 1483 aut
570 1449 727 1483 militiae
761 1449 898 1483 bellica

161 1495 300 1530 virtute
315 1497 473 1541 gloriam
492 1496 563 1530 sibi
576 1507 711 1540 parare
731 1498 767 1529 et
783 1497 898 1530 vellet

162 1546 199 1576 et
216 1546 360 1588 posset3
385 1547 583 1588 praeterea
608 1543 772 1578 Graecae
799 1544 897 1578 litte-

162 1601 225 1624 rae
259 1592 300 1624 in
333 1591 413 1625 dies
445 1592 562 1636 magis
596 1591 895 1625 innotescebant.

161 1637 239 1672 Iam
265 1640 421 1683 propter
445 1640 538 1673 haee
565 1639 689 1672 omnia
704 1639 896 1683 permulti,

161 1696 210 1720 ne
245 1686 359 1720 ‘vitam
398 1687 474 1720 otio
511 1678 696 1724 t'ererent
734 1686 896 1730 poeticis

162 1733 298 1767 studiis
325 1744 408 1767 sese
434 1734 640 1776 dederunt,
675 1744 795 1778 eoque
821 1744 897 1767 ma-

160 1780 235 1825 gis,
268 1781 369 1825 quod
393 1781 604 1826 Augustum
636 1783 674 1814 et
698 1781 893 1814 Maecena-

160 1830 236 1861 tem
269 1828 328 1862 his
363 1828 487 1862 favere
513 1828 709 1871 videbant3
745 1838 819 1871 quo
853 1828 893 1860 in

161 1874 310 1909 fervore
353 1876 520 1909 omnium
561 1875 670 1908 aliter
706 1874 769 1908 vix
809 1874 892 1907 fieri

161 1924 328 1966 poterat,
363 1933 475 1966 quam
502 1925 545 1955 ut
575 1922 694 1956 multa
726 1924 898 1966 poemata

162 1979 240 2002 non
274 1970 395 2004 solum
425 1969 648 2011 mediocria,
684 1969 751 2003 sed
785 1969 897 2003 etiam

162 2017 259 2051 mala
283 2017 492 2061 prodirent,
518 2027 561 2051 ac
578 2016 753 2061 plerique
781 2017 897 2050 servi-

162 2063 236 2098 lem
263 2064 493 2099 Graecorum
527 2064 774 2098 imitationem
800 2075 896 2097 nun-

163 2122 273 2156 quam
315 2112 598 2157 egrederentur.
647 2111 756 2145 Hanc
794 2111 896 2145 subi-

162 2161 237 2192 tam
271 2160 386 2204 igitur
419 2160 659 2205 ingeniorum
685 2169 728 2193 ac
754 2158 896 2193 studio-

162 2218 246 2240 rum
287 2207 531 2242 mutationem
572 2206 696 2251 lepide
739 2206 896 2249 deridet,

161 2254 285 2288 ironia
324 2255 364 2288 in
406 2257 523 2289 semet
571 2254 694 2298 ipsum
743 2264 895 2298 quoque

163 2301 265 2335 vafre
292 2313 395 2336 usus.
416 2321 459 2326 ——
477 2301 584 2344 calet]
611 2301 734 2345 Prope
759 2304 802 2334 ut
817 2301 894 2335 Ab·

162 2348 304 2383 dei-itae
343 2349 443 2394 apud
475 2349 684 2383 Lucianum
721 2348 766 2382 de
806 2358 895 2382 oon-

163 2406 233 2429 scr.
276 2397 361 2430 hist.
405 2399 455 2430 1.:
506 2397 700 2451 πυρέττειν
750 2396 895 2438 (ερασὶιΙ

171 2441 408 2491 Ἀβδηοὶτας)
444 2443 648 2496 παπδηιιεὶ
660 2453 863 2484 απαντας-
876 2463 896 2468 -

162 2475 316 2546 λιπαρεῖ
336 2491 387 2536 τῷ
413 2491 568 2538 πυρετῷ
578 2485 798 2532 --ἅπαντες
822 2488 895 2538 γὰρ

162 2537 201 2579 ἐς
246 2537 457 2586 τοαγῳδίαν
507 2538 782 2585 παρεκινοῦντο
829 2540 897 2571 καὶ

163 2569 321 2628 ἰαμβεῖα
345 2586 593 2630 εφθέγγοντο.
625 2585 699 2619 cfr.
719 2585 792 2619 Sat.
812 2587 844 2628 2,
863 2587 894 2627 3,

163 2634 227 2666 80:
273 2635 423 2668 luxuria
465 2634 604 2666 tristive
639 2633 894 2674 superstitione

162 2681 235 2713 Aut
262 2682 335 2714 alio
360 2682 490 2714 mentis
515 2682 638 2714 morbo
663 2681 768 2713 calet.

213 2730 378 2762 109-113.
409 2728 532 2771 pueri]
577 2729 779 2771 „puerique
813 2737 895 2761 sua-

661 1135 703 1140 —
738 1118 897 1152 Mutavit
918 1141 922 1147 .

947 1070 1030 1104 vius
1064 1072 1122 1104 est
1154 1073 1192 1104 et
1222 1071 1484 1105 modulatius.“
1535 1072 1680 1107 BEN'rI..

948 1119 1125 1159 „Bentley
1157 1119 1269 1151 nahm
1301 1119 1394 1152 diess
1418 1121 1479 1152 des
1503 1122 1681 1153 vermem-

947 1167 1007 1198 ten
1042 1166 1278 1207 Wohlklanqs
1309 1174 1431 1207 weqen
1463 1168 1551 1209 aus,
1587 1169 1679 1201 ohne

945 1220 989 1245 zu
1030 1213 1230 1255 bedenken,
1272 1214 1356 1247 dass
1396 1214 1437 1246 in
1477 1215 1680 1258 patresque

947 1260 1067 1293 severi
1098 1261 1176 1293 eine
1209 1261 1283 1302 fast
1315 1261 1566 1302 nothwendiae
1590 1262 1680 1295 Stei-

947 1315 1086 1348 qerunq
1114 1308 1218 1350 lieqt,
1250 1308 1308 1341 die
1344 1308 1399 1341 bei
1430 1307 1512 1341 dem
1536 1308 1681 1350 doppelt
1709 1340 1713 1344 .

946 1357 1122 1395 aesetzten
1148 1365 1222 1398 que
1246 1355 1416 1388 verloren
1441 1354 1555 1396 uelat!
1595 1355 1682 1389 ORI-

947 1409 1057 1435 'rmus
1092 1401 1133 1435 in
1166 1403 1261 1443 Alta.
1292 1403 1470 1444 Schulzta.
1507 1403 1610 1436 1830.
1644 1414 1680 1447 p.

947 1450 1051 1483 1097.
1068 1468 1114 1473 —
1129 1448 1263 1492 severi]
1291 1449 1380 1493 „qui
1397 1452 1552 1494 propter
1578 1452 1680 1484 aeta-

945 1499 1020 1530 tem
1038 1496 1159 1531 severi
1177 1507 1260 1531 esse
1278 1496 1470 1539 deberent,
1495 1497 1569 1541 ipsi
1587 1507 1680 1542 quo-

946 1554 1019 1588 que
1045 1544 1156 1589 nugis
1191 1543 1424 1590 indulgent.“
1453 1563 1495 1567 —
1521 1543 1681 1587 Fronde]

946 1591 1062 1633 lauri,
1105 1591 1245 1634 olivae,
1286 1591 1447 1625 hederae
1485 1593 1681 1636 poetarum

945 1639 1115 1672 habitum
1151 1641 1340 1672 sumentes
1374 1649 1443 1683 pro
1478 1638 1590 1673 solita
1621 1649 1681 1673 co-

945 1696 1040 1720 rona
1058 1697 1102 1720 ex
1119 1686 1216 1730 apio,
1233 1688 1367 1731 myrto,
1393 1685 1490 1720 rosis
1507 1696 1614 1719 nexa.
1634 1704 1677 1709 —

944 1733 1104 1776 dictant]
1144 1733 1252 1775 „Sub
1290 1733 1402 1766 finem
1440 1742 1555 1766 cenae
1598 1742 1679 1767 car-

941 1781 1044 1814 mina
1061 1780 1210 1824 (utique
1227 1779 1334 1823 prius
1353 1779 1573 1824 composita)
1601 1782 1678 1814 tam

941 1827 1107 1871 graviter
1139 1827 1215 1861 alta
1240 1828 1276 1860 et
1301 1836 1440 1860 sonora
1464 1836 1555 1861 voce
1581 1826 1678 1860 reci-

942 1876 1039 1916 tant,
1067 1874 1175 1918 quasi
1201 1885 1223 1908 a
1248 1874 1426 1914 convivis,
1453 1873 1595 1918 quibus
1620 1875 1677 1907 in-

945 1924 1049 1955 terea
1074 1921 1169 1955 dura
1195 1920 1344 1955 tacendi
1380 1920 1586 1955 necessitas
1611 1921 1680 1954 im-

945 1969 1068 2013 posita
1116 1970 1216 2011 erat,
1266 1968 1408 2003 calamo
1458 1967 1680 2012 excipienda

946 2018 1082 2050 essent.
1089 2015 1105 2034 “
1151 2014 1212 2049 Sic
1237 2015 1378 2049 senties
1402 2014 1508 2049 verbi
1534 2017 1678 2060 gratam

945 2064 1152 2110 εἰρωνείαν.
1186 2082 1230 2086 ——
1268 2063 1416 2096 Parthis
1455 2062 1679 2106 mendacior]

944 2110 1190 2145 Proverbium
1224 2112 1300 2152 est,
1335 2112 1378 2143 ut
1402 2109 1447 2143 de
1473 2109 1618 2144 Punica
1642 2112 1679 2143 et

946 2158 1090 2192 Graeca
1138 2157 1210 2198 fiffla
1260 2167 1303 2192 ac
1345 2157 1391 2191 de
1433 2156 1678 2191 Cretensibus

945 2203 1006 2238 ἀεὶ
1035 2209 1236 2247 ψευσταῖς.
1288 2204 1349 2238 Sic
1375 2203 1444 2238 od.
1469 2206 1503 2246 4,
1532 2205 1586 2246 15,
1613 2205 1677 2238 23.

944 2254 1047 2294 infidi
1063 2255 1208 2286 Persae.
1236 2270 1278 2276 —
1305 2251 1456 2295 emnia]
1481 2251 1678 2285 librariolo.

946 2299 1038 2343 (Cic
1064 2300 1109 2334 de
1136 2300 1250 2345 Legg.
1280 2301 1317 2341 1,
1352 2301 1391 2341 2,
1427 2299 1494 2341 7.‚)
1529 2307 1676 2342 capsae,

944 2349 984 2381 in
1011 2347 1150 2392 quibus
1176 2347 1294 2380 libros
1321 2348 1358 2380 et
1383 2346 1530 2380 chartas
1557 2355 1677 2379 asser-

944 2396 1091 2437 vabant,
1121 2395 1231 2428 etiam
1257 2393 1492 2438 singulorum
1517 2391 1678 2426 volumi-

945 2453 1035 2476 num
1077 2442 1263 2486 capsulae
1315 2439 1376 2474 sio
1413 2439 1676 2474 Ovid.'1'rist.

947 2493 986 2532 1,
1030 2491 1069 2532 1,
1112 2491 1197 2522 106:
1250 2489 1522 2529 contigerisque
1562 2488 1676 2528 tuam,

943 2538 1082 2570 scrinia
1108 2545 1233 2577 curva,
1258 2536 1413 2568 domum.
1455 2534 1592 2567 Pollux
1619 2534 1676 2575 10,

945 2585 1001 2618 61.
1051 2594 1095 2617 ea
1134 2584 1243 2617 vocat
1290 2578 1452 2622 κιβώτια
1499 2590 1674 2627 γραμμα-

943 2628 1108 2677 τοφόρα.

994 2681 1076 2712 114-
1080 2679 1157 2712 117.
1183 2677 1317 2711 Navim
1341 2675 1424 2718 cet]
1452 2673 1594 2709 Similia
1618 2684 1677 2708 re-

943 2725 1066 2771 peries
1084 2724 1127 2758 A.
1142 2724 1183 2759 Ρ.
1203 2726 1269 2758 379
1289 2734 1370 2768 sqq.
1389 2725 1426 2757 et
1452 2724 1533 2757 erat
1558 2721 1676 2756 omni-
