1774 2930
162 111 247 152 398

281 211 377 252 Non
409 212 470 254 ita
500 212 698 253 nutritus.

637 110 844 145 HORATII
869 110 1214 146 EPISTOLARUM

760 212 902 267 Fuge,
936 227 1018 268 quo
1051 213 1310 256 descendere
1341 216 1490 270 gestis.
1658 217 1684 258 5

283 282 379 324 Non
412 283 492 325 erit
524 283 681 324 emisso
711 283 874 325 reditus
905 284 998 325 tibi.

1061 284 1176 332 Quid
1206 285 1336 327 miser
1369 286 1468 341 egi?

284 353 397 401 Quid
427 354 575 396 volui?
606 353 741 407 dices,
775 354 847 395 ubi
881 355 974 410 quis
1005 359 1048 397 te
1079 355 1271 409 laeserit,
1305 359 1348 398 et
1379 357 1461 398 scis

283 425 333 466 In
363 425 493 467 breve
524 428 567 467 te
600 426 712 480 cogi,
747 440 842 467 cum
873 426 1024 481 plenus
1055 426 1230 482 languet
1262 432 1437 469 amator.

286 495 448 543 Quodsi
479 510 564 538 non
596 496 692 537 odio
724 497 940 552 peccantis
973 495 1129 552 desipit
1160 512 1314 553 augur,

286 566 421 608 Carus
454 567 537 609 eris
569 567 753 621 Romae,
788 567 922 609 donec
953 571 996 610 te
1028 567 1197 610 deserat
1227 572 1371 623 aetas;

1633 570 1686 611 10

262 672 335 707 ΕΡ.
360 672 443 706 XX.
470 675 502 707 5.
529 675 712 707 discedere
729 673 817 707 LCt.
833 693 875 696 —
892 675 923 706 7.
943 674 1037 716 quis]
1058 675 1146 715 quid
1162 673 1279 716 bSEc,
1298 677 1441 718 septem
1454 675 1640 717 Pottierii,

215 720 412 755 Bentleius
427 723 464 754 et
472 720 521 754 M.
533 741 574 744 —
590 723 643 754 10.
654 723 789 754 deseret
802 719 825 754 S
836 725 873 754 et
881 720 1059 766 Doering,
1075 723 1206 755 deserit
1215 721 1257 765 E,
1272 723 1317 764 ts,
1333 723 1422 756 item
1432 722 1641 756 Bentleius.

167 797 327 831 emissus
346 799 456 839 esset,
485 798 667 842 epistolae
686 797 904 842 singulatim

167 845 207 878 in
226 844 386 878 aliorum
406 855 557 889 quoque
575 846 792 878 hominum“
820 845 903 890 (ego

167 891 294 925 dicere
327 892 453 925 malim
488 890 704 936 amicorum)
743 903 904 934 „ma-nus

167 940 386 983 pervenisse
419 939 615 982 videntur,
650 940 680 973 si
715 950 787 984 qua
812 939 904 974 fides

169 986 295 1020 verbis
333 989 465 1020 Paucis
493 988 584 1021 cet.“
614 1006 656 1010 -—
684 987 903 1030 communia]

171 1035 306 1076 „vitam
340 1034 556 1068 liberiorem
589 1034 628 1067 in
663 1035 756 1068 locis
783 1034 906 1078 publi-

168 1081 260 1115 cis.“
289 1083 383 1114 Loca
410 1083 616 1115 communia
642 1084 767 1115 autem
793 1082 905 1115 etiam

169 1129 368 1174 lupanaria
384 1129 582 1163 honestius
601 1129 904 1163 nominabantur.

172 1175 315 1210 Seneca
341 1176 468 1210 Contr.
498 1179 535 1218 1,
563 1179 595 1210 2.
621 1188 657 1220 p.
684 1178 740 1210 95.
790 1175 905 1210 Amst.

148 1242 149 1245 =
174 1226 283 1257 1672:
310 1225 489 1258 Meretrioe
505 1226 634 1257 vocata
662 1233 707 1265 es,
733 1225 772 1256 in
798 1232 907 1256 eom-

170 1272 296 1304 ‘mu-ni
336 1272 436 1304 loco
474 1272 623 1311 stetisti3
660 1272 906 1312 superpositus

173 1320 223 1352 est
261 1319 376 1352 cellae
415 1321 500 1352 tuac
539 1320 686 1359 titulus;
726 1319 907 1352 venientes

171 1367 347 1408 recepisti.

221 1415 310 1446 5-8.
348 1415 432 1447 Non
463 1415 518 1446 ita
552 1413 725 1456 nutritus]
763 1413 907 1457 „Atqui

174 1471 242 1506 ego
269 1463 343 1494 tam
369 1461 465 1494 bene
493 1463 529 1494 et
553 1460 689 1504 pudice
720 1471 797 1494 non
823 1460 908 1493 ideo

172 1511 208 1542 te
248 1508 427 1551 educavi,
469 1510 511 1541 ut
549 1511 589 1541 tu
627 1511 702 1541 tam
744 1507 909 1541 lascivus

174 1556 387 1590 evaderes.“
437 1555 616 1589 Detracta
648 1555 812 1600 imagine
838 1555 910 1588 hoc

174 1603 278 1646 dicit,
306 1603 371 1636 sed
396 1602 562 1637 ironice:
604 1602 751 1646 „Primo
778 1602 910 1636 amicis

174 1650 385 1692 dumtaxat,
421 1661 497 1684 non
532 1650 699 1683 librariis
722 1652 763 1683 et
787 1649 912 1694 publi-

175 1708 240 1731 cae
267 1698 421 1731 lectioni
455 1697 663 1731 destinatae
691 1700 798 1731 erant
823 1696 910 1740 Epi-

172 1746 293 1779 stolae
320 1756 341 1779 a
365 1756 424 1779 me
450 1745 688 1788 compositae.
713 1744 792 1778 Iam
811 1755 910 1786 vero,

175 1795 217 1826 ut
233 1793 365 1826 iubent
384 1803 441 1826 me
459 1792 662 1836 populares
686 1792 771 1833 mei,
799 1791 912 1824 eden-

171 1839 244 1873 dae
272 1840 394 1873 sunt.“
423 1859 465 1862 -—
492 1839 604 1881 Fuqe]
632 1838 775 1872 Seneca
792 1837 910 1881 Epist.

178 1888 262 1928 108,
289 1888 352 1920 25:
403 1888 603 1926 Nunquam
632 1886 804 1926 Virgilius
830 1884 910 1918 dies

176 1935 262 1967 dicit
296 1934 373 1975 ire,
410 1935 472 1966 sed
504 1933 655 1978 fugere,
694 1933 790 1973 quod
826 1943 911 1966 cur-

174 1981 285 2015 rendi
337 1989 447 2022 aeuus
490 1981 807 2013 concitatissimum
850 1982 911 2013 est.

179 2028 219 2071 „I
249 2038 373 2070 nune,
406 2028 558 2071 proripe
593 2030 629 2061 te
663 2027 703 2060 in
729 2027 909 2070 Forum3“

179 2076 279 2120 quod
314 2086 398 2109 cum
431 2075 471 2108 in
507 2075 590 2109 loco
627 2075 741 2118 plano
775 2077 812 2108 et
843 2075 913 2107 hu-

177 2123 256 2157 mili
284 2125 393 2165 esset,
421 2133 463 2156 eo
491 2122 601 2156 ituris
627 2122 914 2155 descendendum

179 2174 260 2204 erat
286 2181 331 2204 ex
357 2170 518 2204 collibus
543 2169 790 2214 propinquisz,
824 2169 913 2202 hinc

179 2229 212 2252 v.
238 2218 435 2262 proprium
467 2219 525 2251 est
549 2217 594 2251 de
619 2216 730 2250 Foro.
781 2216 824 2255 Q.
852 2216 912 2249 Gi-

178 2275 267 2299 cero
302 2265 347 2299 de
380 2265 459 2299 Pet.
495 2264 607 2298 Cons.
640 2266 681 2306 1,
719 2266 759 2297 2:
797 2266 914 2305 Prope

180 2313 341 2353 quotidie
383 2314 433 2345 ad
477 2313 612 2345 Forum
661 2312 725 2344 tibi
773 2311 916 2344 descen-

181 2361 280 2393 denti
306 2361 519 2393 meditatum
544 2360 608 2392 hoc
632 2359 689 2391 sit.
709 2377 751 2382 —
773 2357 915 2400 emisso]

179 2406 331 2451 Dilogia
365 2406 411 2440 de
444 2417 563 2450 puero
597 2416 619 2439 a
653 2405 825 2439 custodia
860 2416 917 2439 se-

180 2453 255 2488 mel
280 2454 416 2487 emisso
443 2456 480 2487 et
505 2453 551 2487 de
577 2454 672 2487 libro
701 2453 812 2487 edito.
840 2451 916 2485 Cio.

175 2501 228 2535 ad
254 2501 355 2534 Fam.
382 2502 422 2542 7,
455 2503 520 2539 33,
549 2503 585 2534 1:
618 2502 650 2533 si
676 2501 823 2540 quando
849 2500 918 2532 ali-

181 2549 270 2589 quid
302 2549 450 2589 dianam
482 2550 607 2580 nostro
640 2548 784 2580 nomine
818 2548 918 2580 emi-

182 2598 264 2628 sim
275 2605 336 2629 us.
353 2614 398 2620 --
427 2594 587 2637 laeserit]
613 2594 657 2628 de
684 2594 800 2628 libro:
829 2593 918 2636 „ubi

183 2643 230 2677 ab
273 2642 416 2686 iniquis
458 2641 551 2675 meis
593 2641 690 2675 male
740 2644 918 2685 exceptus

183 2689 258 2724 eris
293 2700 337 2724 ac
370 2690 415 2723 de
450 2692 485 2723 te
521 2688 701 2722 dixerint:
748 2690 836 2730 Quis
873 2689 920 2721 le-

954 801 1011 839 qe!
1039 799 1151 831 haec?
1192 799 1254 831 Vel
1277 799 1349 831 duo
1374 799 1434 832 vel
1457 799 1604 832 nemo“:
1642 798 1688 832 de

953 855 1094 888 puero:
1134 845 1188 888 „si
1223 845 1308 890 quis
1333 846 1554 890 pudicitiam
1586 849 1688 880 tuam

957 893 1102 925 laeserit
1137 893 1352 935 (violarit),
1387 896 1466 927 tum
1491 903 1579 927 vero
1610 893 1689 927 fru-

956 943 1032 973 stra
1057 950 1181 973 meum
1216 940 1400 974 auxilium
1434 940 1686 985 implorabis.“

956 986 1062 1020 Ovid.
1088 987 1176 1021 Her.
1204 989 1242 1030 5,
1271 989 1358 1021 103:
1396 989 1512 1021 Nulla
1537 997 1690 1029 repara-

956 1035 1037 1067 bilis
1071 1037 1150 1067 arte
1175 1036 1322 1068 Laesa
1350 1036 1532 1075 pudicitia
1557 1038 1616 1068 est.
1646 1054 1689 1058 —

955 1083 1002 1114 Iu
1028 1082 1132 1115 breve
1158 1084 1191 1115 te
1218 1082 1316 1124 coci]
1355 1081 1400 1115 de
1434 1082 1552 1116 libro:
1594 1082 1689 1123 „scis

955 1132 991 1162 te
1025 1131 1147 1162 artum
1174 1129 1213 1162 in
1240 1129 1414 1163 volumen
1451 1129 1623 1162 convolvi
1655 1132 1691 1163 et

956 1176 995 1208 in
1023 1186 1135 1220 capsa
1168 1177 1322 1220 reponi,
1357 1187 1401 1210 ex
1431 1187 1506 1220 qua
1531 1176 1690 1210 fortasse

956 1234 1152 1267 nunquam
1170 1225 1302 1267 postea
1323 1234 1456 1257 rursus
1473 1224 1689 1267 promere;“

957 1269 1003 1303 de
1036 1281 1175 1314 puero:
1216 1270 1411 1313 „desertus
1445 1270 1492 1304 ab
1526 1272 1691 1304 amatore

956 1317 996 1350 in
1031 1319 1224 1362 angustias
1258 1317 1479 1363 redigeris.“
1531 1317 1593 1351 Sic
1624 1317 1693 1351 Te-

957 1368 1055 1398 rent.
1081 1365 1216 1399 Heaut.
1241 1368 1275 1407 4,
1302 1367 1334 1408 2,
1361 1366 1400 1398 2:
1429 1365 1492 1408 (al.
1519 1366 1550 1408 3,
1577 1367 1610 1407 6,
1636 1365 1691 1407 22)

959 1414 1018 1445 Ita
1066 1414 1188 1446 hercle
1228 1413 1268 1445 iu
1318 1415 1513 1454 anyustum
1562 1413 1692 1453 oppido

957 1468 1054 1492 nunc
1078 1469 1180 1493 meae
1207 1462 1387 1500 coquntur
1405 1462 1543 1501 copiae.
1558 1460 1692 1500 -ple-

959 1507 1042 1550 nus]
1068 1510 1111 1541 ut
1137 1507 1212 1541 Sat.
1239 1509 1279 1549 2,
1306 1508 1348 1548 2,
1374 1509 1432 1540 43.
1480 1507 1574 1551 Epp.
1602 1508 1634 1548 2,
1663 1508 1693 1549 1,

961 1556 1039 1587 100.
1066 1556 1104 1588 et
1129 1553 1235 1588 ovid.
1261 1565 1306 1588 ex
1330 1554 1452 1588 Ponto
1479 1557 1518 1596 3,
1552 1557 1592 1596 4,
1629 1555 1693 1587 55:

962 1603 1036 1634 Illa
1062 1603 1145 1634 bibit
1170 1603 1296 1635 sitiens
1323 1602 1452 1644 lector,
1478 1610 1562 1634 mea
1582 1610 1694 1642 pocu-

963 1650 998 1682 la
1021 1650 1170 1691 plenus,
1198 1651 1344 1692 „satur,
1369 1648 1620 1683 fastidiosus.“
1649 1666 1692 1670 -

959 1697 1123 1737 Lanquet
1157 1699 1281 1730 autem
1313 1698 1350 1729 et
1381 1695 1531 1729 auditor
1555 1694 1614 1727 vel
1640 1694 1693 1728 le-

961 1746 1040 1776 ctor
1060 1743 1234 1785 (Quintil.
1253 1746 1286 1784 9,
1311 1744 1344 1784 3,
1369 1742 1441 1784 27.)
1461 1744 1497 1775 et
1514 1742 1558 1783 is,
1586 1741 1693 1781 cuius

960 1801 1064 1824 amor
1082 1789 1240 1823 refrixit.
1259 1788 1365 1823 Ovid.
1381 1789 1423 1822 A.
1433 1789 1520 1831 A.2‚
1534 1791 1622 1822 436:
1647 1790 1695 1821 Et

959 1838 991 1869 si
1000 1838 1106 1870 nulla
1116 1838 1235 1870 subest
1247 1837 1405 1878 aemula,
1419 1837 1567 1877 lanquet
1578 1844 1694 1869 amor.

1009 1886 1040 1917 9.
1059 1886 1113 1917 10.
1141 1884 1277 1925 Quodsi
1291 1892 1366 1916 ‘nou
1383 1883 1468 1926 cet.]
1488 1883 1692 1917 Construe:

963 1933 1098 1973 Quodsi
1129 1940 1251 1972 auaui·
1275 1939 1350 1963 nou
1374 1931 1502 1972 desipit
1535 1930 1584 1973 (si
1617 1940 1694 1963 non

960 1988 1119 2023 prorsus
1153 1978 1249 2012 falsa
1281 1977 1352 2011 tibi
1386 1978 1585 2019 vaticinor)
1612 1978 1695 2010 odio

963 2027 1026 2059 tui.
1047 2045 1089 2049 —
1110 2025 1207 2068 odio]
1232 2026 1269 2058 h.
1295 2025 1340 2068 1.,
1366 2027 1408 2058 ut
1434 2035 1565 2069 saepe,
1592 2034 1696 2058 acce-

962 2073 1018 2106 dit
1042 2073 1088 2106 ad
1114 2074 1193 2107 irae
1219 2074 1256 2106 et
1281 2071 1395 2106 taedii
1426 2072 1552 2116 potius
1586 2081 1697 2116 quam

963 2120 1166 2154 simultatis
1209 2119 1411 2162 notionem,
1458 2121 1695 2153 Verdruss.

965 2187 1006 2191 —
1015 2167 1214 2210 peccantis]
1230 2167 1275 2201 de
1290 2166 1405 2200 libro:
1422 2163 1697 2220 „praepropere

963 2214 1022 2249 edi
1059 2214 1297 2259 cupientis;“
1341 2213 1481 2259 dilogia
1520 2214 1622 2247 inest
1657 2213 1697 2246 in

966 2273 1029 2304 eo,
1080 2261 1181 2306 quod
1222 2272 1254 2295 v.
1293 2269 1445 2303 peccare
1491 2262 1708 2305 usurpatur.

965 2310 1077 2343 etiam
1104 2309 1149 2342 de
1175 2309 1382 2343 amantium
1414 2307 1636 2342 infidelitate
1662 2309 1700 2340 et

965 2357 1010 2390 de
1044 2367 1182 2390 venere
1216 2355 1362 2390 illicita.
1389 2374 1432 2379 —-
1467 2356 1582 2388 Carus
1617 2355 1697 2396 eris,

966 2405 1102 2437 -donee
1127 2406 1160 2436 te
1185 2403 1349 2446 deserat]
1386 2404 1450 2446 „ut
1474 2413 1542 2446 ego
1568 2401 1696 2443 reor;“

965 2451 1055 2485 hinc
1073 2450 1351 2493 coniunctivus,
1378 2450 1444 2494 qui
1462 2449 1584 2494 aptior
1604 2447 1697 2482 mihi

967 2498 1125 2532 videtur.
1174 2497 1313 2532 Eadem
1346 2496 1624 2531 constructione
1654 2494 1698 2528 A.

967 2546 1008 2579 P.
1037 2548 1122 2579 155·
1162 2546 1321 2586 sessuri,
1359 2545 1470 2577 donec
1509 2545 1666 2576 camor-
1684 2560 1699 2566 -

967 2594 1077 2626 dicat.
1124 2591 1183 2625 Ad
1220 2592 1422 2626 lectionem
1459 2591 1597 2623 deseret
1632 2589 1698 2622 cfr.

967 2640 1095 2685 Virg.
1086 2638 1193 2673 ·.Aen
1223 2642 1262 2681 1,
1289 2640 1376 2672 272:
1414 2638 1517 2670 Hic·
1535 2645 1699 2678 -reana-

969 2689 1107 2728 bitur,-
1121 2688 1261 2720 -douec
1293 2686 1452 2726 reqina-
1465 2685 1591 2717 -dabit
1625 2683 1699 2716 Ilia
