1774 2930
572 188 577 191 ,
618 144 714 180 nm.
735 144 785 179 11.
832 142 986 179 nris-r.
1008 142 1057 178 11.

1512 141 1599 184 457

199 247 288 292 Sed
315 261 444 291 verae
472 259 759 302 numerosque
788 243 1023 300 modosque
1054 243 1247 286 ediscere
1277 242 1407 286 vitae.

200 317 412 368 Quocirca.
430 331 599 361 mecum
618 316 770 373 loquor
788 315 898 358 haec
916 314 1158 371 tacitusque
1177 312 1399 357 recordor:

1514 312 1599 354 145

199 388 249 432 Si
277 389 358 431 tibi
386 388 505 431 nulls.
534 387 651 429 sitim
680 386 823 429 finiret
853 385 977 442 copia
1004 384 1229 442 lymphae,

198 460 407 502 Narrares
436 458 638 511 medicis;
670 456 802 514 quod,
834 460 994 512 quanto
1026 456 1150 512 plura
1178 455 1364 512 parasti,

201 530 341 572 Tanto
370 530 495 587 plura
525 529 667 585 cupis,
698 527 861 570 nulline
891 526 1066 569 faterier
1098 525 1263 568 sudes?

201 601 250 643 Si
279 601 431 644 volnus
461 600 542 642 tibi
573 602 807 642 monstrata
836 596 979 639 radice
1008 596 1080 639 vel
1110 596 1245 639 herba

198 671 298 714 Non
325 671 448 714 fieret
476 671 629 723 levius,
661 669 834 725 fugeres
863 667 1006 710 radice
1037 667 1108 710 vel
1137 666 1274 709 herba

198 741 456 784 Ptoficiente
485 740 595 783 nihil
625 739 826 782 curarier.

1516 667 1536 707 1
1545 666 1602 708 50

887 737 1115 791 Audierss,
1148 738 1217 780 cui

193 812 312 855 Rem
342 812 387 854 di
417 811 645 864 donarent,
676 810 740 852 illi
772 808 979 852 decedere
1010 822 1188 865 pravum

202 883 461 937 Stultitiam3
494 886 557 935 et,
590 895 687 924 cum
719 880 778 922 sis
808 879 945 922 nihilo
976 879 1225 935 sapientior,
1258 892 1314 921 ex
1346 891 1429 935 quo

199 953 377 996 Plenior
407 966 468 1007 es,
499 957 646 995 tamen
675 951 810 993 uteris
841 949 1123 993 monitoribus
1155 948 1324 992 isdem?

199 1023 261 1066 At
290 1025 328 1066 si
356 1023 532 1067 divitiae
562 1021 817 1079 prudentem
847 1019 1028 1063 reddere
1058 1023 1256 1076 possent,

1521 1019 1605 1060 155

200 1094 248 1136 Si
278 1094 480 1151 cupidum
510 1093 793 1149 timidumque
824 1091 966 1133 minus
997 1095 1062 1144 te,
1095 1105 1251 1146 nempe
1281 1090 1481 1144 ruberes,

179 1225 259 1257 152.
282 1225 470 1258 donarunt
496 1234 597 1256 unus
622 1221 860 1262 Bersmunni,
884 1222 1072 1254 donarant
1097 1230 1198 1254 unus
1224 1230 1271 1254 ex
1287 1219 1458 1264 Collegio
1477 1219 1559 1253 Tri-

129 1270 258 1304 nitatis
281 1273 321 1304 et
342 1270 441 1304 Fene
466 1270 622 1314 aliquot,
648 1270 826 1303 donarint
850 1267 1049 1302 Bentleius
1075 1267 1174 1302 coni.

82 1387 207 1421 End.
233 1386 345 1422 Turs.
368 1387 399 1420 1.
430 1398 467 1431 p.
492 1389 585 1421 473:
620 1386 723 1430 „Ubi
748 1386 818 1419 uli-

82 1434 148 1469 cui
172 1434 318 1468 notioni
347 1434 423 1469 alis
447 1444 545 1479 quse
571 1436 730 1479 negatur
755 1432 820 1467 de-

0 1511 3 1514 .
81 1480 267 1516 finitionis
297 1491 411 1516 causa.
442 1480 683 1526 adiungenda
715 1479 820 1514 ideo·

0 1524 13 1552 :⁷
83 1539 161 1573 quc
192 1529 233 1562 in
265 1538 386 1573 aequo
418 1528 594 1573 ponenda
626 1530 700 1569 est,
738 1537 820 1561 eam

0 1580 5 1594 '
195 1576 210 1608 i
233 1585 312 1609 non
336 1586 405 1620 per
426 1583 493 1609 nec
516 1575 582 1609 sed
603 1586 672 1619 per
688 1583 731 1608 ac
747 1583 821 1607 ‘non

81 1625 163 1656 tum
188 1625 360 1665 nectunt,
385 1632 470 1656 cum
494 1622 595 1656 inter
619 1624 820 1666 utramque

0 1670 16 1721 ι’
82 1669 286 1703 intercedit
309 1669 497 1714 oppositio
522 1672 644 1711 recta,
678 1669 718 1702 in
745 1679 821 1713 qus

83 1716 197 1750 etism
229 1716 403 1761 copulam
434 1717 605 1751 omittere
638 1716 739 1750 licet.
765 1734 781 1741 -
804 1734 821 1741 -

81 1761 220 1797 Differt
250 1763 314 1798 hic
346 1774 439 1798 usus
472 1774 495 1798 a
517 1763 644 1798 verbis
678 1765 712 1796 et
736 1771 819 1804 non,

85 1810 176 1854 quia
191 1811 233 1843 in
249 1819 294 1844 ae
308 1819 383 1844 non
398 1811 500 1844 inest
515 1809 672 1855 aliquod
686 1819 820 1844 couse-

84 1857 249 1891 outionis
265 1857 327 1891 vel
351 1857 609 1892 conclusionis
625 1857 820 1891 indicium.

83 1902 161 1938 Eos
186 1904 346 1938 dicimus
370 1906 447 1938 und
469 1914 509 1938 so
531 1906 642 1947 nicht,
666 1905 742 1937 und
765 1913 821 1937 so-

84 1951 180 1983 nach
215 1951 352 1984 Μ’σΜΆ*
404 1951 479 1984 Gfr.
507 1951 581 1984 Sat.
606 1953 646 1990 2,
672 1954 713 1992 3,
739 1952 820 1984 135.

85 1995 181 2040 Epp.
206 1999 246 2038 1,
273 2000 335 2038 10,
360 2000 417 2031 46.
435 2016 479 2021 —-
497 1998 660 2040 sequil„
672 1998 821 2039 sectari,

88 2043 293 2086 quserem‘
313 2046 396 2085 cet„
412 2043 452 2077 id
465 2047 533 2085 est,
552 2054 718 2086 „summa
735 2054 822 2078 cum

73 2092 192 2123 'cura
212 2099 437 2134 componere
470 2090 637 2124 carmina
662 2090 822 2145 lyricu.“

89 2154 134 2159 —
151 2144 391 2177 umerosque
418 2137 626 2179 modosque]
652 2133 826 2183 ῥυθμοὺς

88 2183 155 2216 καί
177 2182 288 2227 μέλη.
330 2183 387 2216 Ad
410 2184 590 2217 moralem
614 2148 825 2217 dopctrinam

89 2229 137 2263 de
162 2230 238 2264 vita
261 2233 363 2265 recte
390 2230 596 2264 constituta
629 2234 666 2264 et
698 2241 824 2264 secum

88 2276 171 2321 ipss
187 2279 406 2312 constanter
423 2277 677 2312 concordante
702 2280 825 2311 trans·

88 2323 165 2357 fert
179 2325 411 2358 musicorum
427 2324 745 2368 metricorumque
763 2335 826 2358 vo-

90 2370 238 2404 cabula.
275 2371 351 2405 Cfr.
373 2370 482 2416 Diog.
504 2371 629 2406 Laert.
654 2373 687 2413 6,
705 2373 762 2405 37.
779 2371 825 2405 de

88 2416 259 2462 Diogene
286 2417 513 2473 Sinopensi:
545 2419 620 2451 Καὶ
650 2416 730 2461 αήν
760 2419 826 2451 καὶ

89 2463 281 2507 ἐθαύμαζε
306 2462 397 2507 τοὺς
419 2464 633 2508 μουσικοὺς
659 2464 726 2507 τὰς
756 2465 827 2508 υὲν

90 2509 132 2543 ἐν
158 2511 212 2565 τῇ
248 2508 344 2559 λύρᾳ
377 2509 519 2568 χορδὰς
553 2509 827 2568 ἁρμόττεσθαι,

91 2554 320 2612 ἀνάρμοστα
343 2556 428 2592 δὲ’
407 2569 509 2600 εχειν
535 2560 603 2604 τῆς
623 2559 757 2602 ψυχῆς
780 2557 828 2592 τὰ

142 2653 232 2685 145-
242 2654 322 2687 159.
346 2653 530 2696 recordor]
559 2653 744 2698 „Proprie
770 2656 827 2688 est

91 2704 220 2731 rursus
235 2700 275 2732 in
290 2708 352 2733 cor
370 2709 553 2742 revocare,
559 2678 615 2735 ”ut
631 2701 685 2735 sit
701 2699 823 2735 Varro

866 1384 909 1418 L.
933 1384 976 1418 L.
1002 1387 1044 1427 6,
1069 1386 1152 1426 46.,
1187 1384 1260 1418 hoc
1285 1386 1362 1426 est,
1402 1383 1444 1417 in
1481 1386 1608 1419 mente

866 1432 1023 1477 agitate,
1051 1431 1253 1477 cogitando
1279 1434 1464 1476 repetere,
1496 1442 1611 1476 repu-
1671 1456 1678 1463 .

867 1479 981 1513 tare!
1007 1479 1204 1513 Foncum..
1222 1498 1267 1503 —
1283 1479 1322 1513 St·
1338 1479 1404 1512 tion·
1421 1478 1507 1522 cet]
1531 1478 1608 1513 Gfr.

868 1525 938 1560 Od.
965 1528 1005 1568 2,
1030 1528 1072 1569 2,
1098 1528 1142 1559 13
1168 1537 1251 1571 sqq.
1277 1544 1321 1549 —
1346 1525 1526 1569 faterier]
1551 1525 1610 1560 De

867 1572 1046 1607 infinitivi
1064 1573 1186 1607 forma
1203 1573 1272 1607 cfr.
1285 1583 1320 1606 v,
1336 1574 1415 1606 151.
1437 1572 1512 1607 Sat.
1527 1575 1561 1615 1,
1575 1574 1610 1616 2,

870 1620 1153 1664 35.—-!uaeres]
1177 1620 1509 1666 „indignabundus
1526 1621 1610 1654 nol-

867 1668 936 1710 les,
965 1668 1198 1702 recusares.“
1240 1667 1298 1701 De
1327 1667 1611 1702 constructione

870 1714 937 1748 cfr.
969 1714 1037 1748 Od.
1060 1717 1092 1758 1,
1110 1717 1144 1757 9,
1164 1716 1228 1748 13:
1251 1716 1337 1756 Ῑιισε
1355 1723 1546 1756 quaerere.
1564 1733 1609 1739 —

867 1762 1071 1805 Audieras]
1111 1773 1134 1796 a
1168 1761 1290 1807 volgo.
1328 1781 1373 1785 —
1410 1762 1609 1805 donarent]

867 1809 1032 1844 Bentleii
1058 1810 1232 1843 donau-int
1264 1812 1453 1854 repugnat
1484 1812 1611 1844 rectae

869 1859 1080 1901 temporum
1105 1855 1380 1898 consecutioni,
1411 1866 1510 1901 quse
1534 1859 1611 1891 est:

869 1905 1026 1946 audisti,
1059 1905 1120 1937 cui
1142 1913 1221 1937 rem
1245 1905 1380 1937 donent
1405 1904 1465 1937 vel
1496 1905 1612 1938 dona—

868 1952 966 1991 νίκη
998 1952 1193 1993 audieras,
1228 1952 1288 1984 cui
1320 1959 1398 1984 rem
1430 1952 1614 1985 donarent

869 1997 930 2031 vel
960 1999 1166 2031 donassent.
1223 1997 1300 2031 Gfr.
1324 1997 1431 2043 Virg.
1455 1997 1550 2031 Aen.
1578 2001 1612 2041 1,

872 2046 935 2077 19:
972 2046 1189 2085 Proveniem
1223 2046 1287 2077 sed
1324 2046 1421 2077 enim
1453 2046 1612 2078 Troiano

873 2092 1102 2131 asanquine
1127 2092 1212 2124 duci
1236 2091 1518 2133 Audierat,
1546 2093 1614 2134 Ἰν-

872 2138 951 2170 rias
976 2138 1065 2170 otim
1089 2146 1182 2177 quae
1206 2140 1419 2171 verteret
1437 2146 1612 2171 arces.—

874 2193 921 2217 ea·
945 2183 1032 2226 quo]
1060 2183 1214 2226 „Cicero
1240 2195 1318 2218 non
1343 2184 1486 2219 dixisse
1511 2185 1614 2220 vide-

873 2233 937 2264 tur
971 2239 1018 2264 ex
1051 2240 1122 2272 quo
1155 2231 1225 2265 hac
1253 2231 1406 2276 quidem
1431 2232 1613 2277 temporis

874 2277 1164 2322 significatione,
1191 2278 1258 2312 sed
1280 2288 1326 2312 ex
1348 2287 1420 2320 quo
1437 2281 1613 2321 temporo.

873 2324 985 2368 Apud
1017 2324 1167 2358 Livium
1200 2325 1298 2359 nihil
1336 2325 1613 2370 frequentius-‘⁴

873 2370 989 2405 Hui)
1024 2371 1134 2406 Turs.
1167 2371 1215 2406 Π.
1252 2383 1290 2417 p.
1321 2374 1402 2407 648.
1428 2375 1614 2407 —mom-

874 2419 1012 2452 toribus
1036 2419 1359 2463 isdern1„sdhuc
1385 2419 1495 2454 sudis
1522 2431 1616 2466 opu-

873 2465 1013 2500 lentiae
1038 2466 1267 2509 laudatores,
1293 2466 1432 2511 quibus
1457 2467 1532 2502 ism
1558 2478 1616 2502 se-

874 2513 948 2546 mel
974 2513 1162 2547 credendo
1188 2513 1369 2558 deceptus
1394 2525 1447 2548 es.
1453 2515 1471 2532 ‘⁴
1513 2514 1616 2548 Pon-

874 2567 992 2593 rm.
1011 2579 1054 2584 -—-
1073 2562 1244 2602 cupidum
1267 2561 1518 2604 timidumque]
1544 2560 1614 2595 Od.

875 2607 909 2649 2,
944 2609 999 2649 16,
1027 2609 1091 2641 15:
1124 2609 1234 2641 timor
1266 2610 1331 2641 aut
1364 2610 1496 2649 cupido
1527 2609 1614 2642 Sor-

874 2654 990 2687 didus.
1038 2654 1135 2699 Epp.
1171 2657 1212 2695 1,
1238 2657 1280 2695 2,
1306 2657 1370 2688 51:
1410 2656 1480 2696 Qui
1514 2657 1615 2697 cupit

873 2703 938 2734 aut
968 2703 1107 2735 metuit.
1157 2701 1232 2735 Cfr.
1258 2701 1351 2746 Epp.
1380 2704 1418 2744 1,
1444 2704 1482 2743 6,
1508 2705 1529 2736 9
1556 2713 1615 2747 sq.
