1774 2930
142 128 230 171 510

797 131 1006 168 HORATII

259 228 443 274 Effutire
474 232 592 274 leves
623 232 801 289 indigna
832 233 1075 290 Tragoedia
1103 249 1275 290 versus,

259 300 317 343 Ut
345 301 467 344 festis
498 306 694 345 matrona
723 305 886 347 moveri
917 305 1036 347 iussa
1066 305 1238 361 diebus,

258 372 459 415 Intererit
489 372 655 430 Satyris
687 375 862 431 paulum
892 376 1143 432 pudibunda
1171 380 1396 435 protervis.

256 442 355 485 Non
387 458 467 499 ego
499 444 696 487 inornata
727 450 769 488 et
800 446 1065 490 dominantia
1095 450 1269 493 nomina
1299 451 1437 492 solum

258 514 507 571 Verbaque,
538 515 740 570 Pisones,
774 516 1024 573 Satyrorum
1056 520 1237 576 scriptor
1267 521 1441 576 amabo3

1574 523 1659 564 235

256 584 347 628 Nec
379 586 440 628 sic
472 587 610 629 enitar
638 588 802 644 tragico
834 588 1006 632 differre
1038 590 1187 644 colori,

256 656 314 698 Ut
343 657 452 698 nihil
483 658 672 712 intersit,
704 658 911 702 Davusne
941 660 1139 716 loquatur
1171 666 1214 704 et
1246 662 1387 704 audax

233 817 313 850 237.
339 825 389 850 an
414 818 542 851 audam
567 827 650 851 cum
678 818 874 863 plerisque
900 818 1015 854 Codd.
1040 819 1241 865 bSTEcdp.
1268 820 1340 864 (Ut
1363 832 1445 865 nos,
1468 821 1526 865 B.)

138 952 193 985 las
218 953 395 986 Helicone
422 955 592 995 legunto!
635 953 804 996 „Rursus
831 954 870 988 in

135 999 241 1033 aliud
267 1000 403 1034 vitium
427 1000 541 1035 facile
569 1001 714 1035 incidet
739 1002 873 1047 satyri-

134 1057 201 1081 cae
226 1047 377 1081 fabulae
404 1049 576 1092 scriptor,
601 1051 644 1082 ut
667 1049 755 1082 dum
780 1050 873 1083 vitat

134 1105 256 1139 genus
281 1095 423 1129 humile
445 1095 621 1141 turgidus
647 1096 722 1139 fiat,
750 1096 871 1142 dithy-

135 1142 311 1176 rambicis
325 1143 450 1177 verbis
463 1145 578 1187 atque
592 1144 710 1188 tropis
724 1144 868 1178 utens.“

182 1238 381 1271 231—233.
406 1237 576 1281 Effulire]
605 1239 766 1280 „temere
790 1239 869 1272 bla-

133 1284 292 1327 terare“,
317 1286 659 1319 hersehwatzen.
686 1305 731 1309 —
758 1286 868 1329 leves]

132 1332 266 1375 quales
300 1343 501 1376 personam
533 1333 712 1366 oomicam
750 1334 868 1378 magis

136 1378 273 1413 decent
297 1391 411 1424 quam
436 1380 627 1424 tragicam,
653 1382 695 1413 ut
721 1383 778 1414 est
803 1381 868 1415 ille

131 1426 364 1471 Aeschyleus
410 1427 451 1461 in
494 1427 653 1472 Sisypho
700 1427 868 1475 δραπέτῃ

128 1473 193 1507 Fr.
228 1476 308 1508 212.
342 1474 407 1508 D.:
446 1472 534 1508 Ἀλλ’
569 1471 781 1522 ἁρουραῐός
812 1487 869 1518 τις

131 1517 213 1554 ’ἐστι
238 1522 405 1564 σμίνθος
430 1519 482 1564 ὥς
507 1520 718 1567 ὑπερφυής.
745 1542 787 1547 —-
811 1525 868 1556 in—

130 1569 260 1613 diana]
287 1569 372 1603 Vid.
398 1570 493 1614 Epp.
522 1573 552 1612 1,
579 1572 612 1613 3,
639 1572 695 1604 35.
715 1590 758 1594 —
778 1572 868 1604 Tra-

131 1617 280 1660 goedia]
314 1617 628 1664 προσωποποιΐα,
663 1620 711 1659 1ιὴ
730 1618 771 1651 ἱιι
797 1617 868 1652 Ta-

129 1663 221 1697 bula
265 1664 385 1698 Iliaca
433 1668 624 1709 comparet
667 1665 868 1713 Τραγῳδία

129 1710 220 1754 dea3
247 1712 329 1745 sine
347 1713 521 1758 imagine,
542 1714 690 1757 „partes
708 1713 867 1747 deorum

129 1759 246 1802 atque
263 1759 422 1793 heroum
439 1760 478 1793 in
497 1760 636 1794 fabulis
655 1760 866 1805 satyricis.¹·‘·

131 1824 175 1829 ——
201 1808 395 1849 matrona]
437 1807 512 1840 Ofr.
551 1806 618 1840 Od.
658 1810 698 1849 3,
736 1810 797 1849 14,
833 1810 865 1840 5.

133 1852 206 1895 „Ut
238 1856 410 1888 matrona
442 1853 612 1887 Romana
644 1854 865 1898 pontificum

127 1899 236 1934 iussu
269 1900 310 1933 in
345 1901 621 1945 supplicatione
659 1911 744 1934 cum
778 1901 865 1935 aliis

129 1950 295 1981 movetur
330 1948 370 1981 in
410 1959 609 1982 numerum
645 1948 736 1991 (cfr.
770 1948 864 1993 Epp.

130 1996 162 2037 2,
181 1997 214 2037 2,
241 1995 348 2038 125.),
373 1997 607 2040 chorumque
633 1995 770 2040 pudice
796 1995 866 2029 du-

130 2042 182 2075 cit
215 2053 285 2076 nec
322 2045 365 2076 ut
396 2046 572 2087 proterva
605 2043 719 2077 mima
751 2044 866 2088 gesti-

129 2090 298 2132 culatur,
347 2090 402 2124 ita
443 2091 653 2136 Tragoedia
699 2092 865 2125 nativum

128 2147 239 2170 suum
272 2138 446 2172 decorem
481 2149 634 2172 servans
672 2138 866 2172 adiuvabit

129 2183 259 2218 drama
296 2186 502 2230 satyricum
539 2186 586 2219 ad
621 2196 714 2230 opus
754 2196 863 2219 suum

127 2232 420 2277 peragendum.“
473 2232 592 2276 „Sunt
623 2233 723 2267 enim
750 2244 864 2277 quae-

129 2278 213 2312 dam
239 2290 364 2322 sacra,
391 2281 429 2313 in
457 2280 597 2324 quibus
624 2281 763 2314 saltant
787 2292 863 2314 me-

130 2327 274 2369 tronae,
292 2327 392 2361 sicut
405 2327 445 2360 in
461 2328 579 2362 sacris
594 2326 724 2361 Matris
739 2327 863 2362 deum.

127 2372 252 2407 ACRO.
302 2374 384 2414 Quo
417 2375 579 2409 refertur
605 2375 712 2409 locus
739 2374 863 2408 Ovidii

130 2420 243 2455 Trist.
263 2423 295 2463 2,
321 2424 385 2455 23:
412 2425 494 2463 Ipse
521 2431 665 2464 quoque
682 2423 863 2456 Ausonias

130 2470 266 2502 Caesar
302 2472 511 2510 matresque
548 2479 736 2511 nurusque
776 2471 864 2503 Car-

127 2517 231 2549 mina
264 2518 473 2558 turrigerae
507 2519 625 2550 dicere
650 2518 754 2550 iussit
781 2519 861 2559 Opi.

129 2581 173 2586 —-
195 2565 354 2605 paulum
384 2565 619 2607 pudibunda]
655 2566 752 2606 „ein
783 2573 864 2598 we-

127 2612 202 2652 niq
227 2612 513 2645 verschamc.“
535 2631 577 2635 ——-
595 2613 863 2653 satyris-pro-

129 2659 260 2701 tervis]
296 2662 451 2704 propter
484 2659 589 2693 iocos
623 2662 792 2704 agrestes
827 2662 864 2692 et

129 2706 350 2740 obscoenos.
376 2706 530 2740 Hesiodi
548 2707 608 2740 Fr.
628 2709 684 2740 94.
704 2706 861 2740 Goettl.:

921 955 998 988 Καὶ
1021 957 1134 1000 γένος
1159 954 1369 990 οὐτιδανῶν
1386 953 1565 1004 Σατύρων
1590 959 1655 992 καὶ

921 1000 1236 1050 ἀμηχανοεργῶν.

969 1052 1168 1084 234—239.
1193 1052 1278 1084 Non
1302 1060 1366 1092 eoo
1386 1052 1468 1094 cet.]
1497 1052 1559 1094 „Si
1586 1063 1655 1085 un-

920 1108 1033 1141 quam
1059 1098 1099 1130 in
1125 1100 1288 1132 mentem
1311 1098 1404 1131 mihi
1429 1099 1578 1132 veniret
1601 1099 1653 1132 fa-

919 1144 1028 1179 bulas
1056 1144 1242 1190 Satyricas
1277 1145 1495 1179 scribere:“
1530 1157 1553 1180 a
1577 1157 1651 1191 quo

918 1193 1112 1236 proposito
1138 1192 1318 1226 Horatius
1352 1203 1442 1226 sane
1467 1192 1653 1227 alienissi-

919 1249 1002 1272 mus
1029 1242 1128 1282 erat,
1162 1241 1295 1283 utpote
1329 1239 1396 1283 qui
1421 1241 1558 1273 natura
1583 1251 1653 1274 sua

918 1297 940 1319 a
964 1288 1041 1320 toto
1072 1286 1387 1332 genere'scenico
1420 1286 1653 1329 abhorreret,

919 1344 1056 1378 neque,
1081 1337 1124 1367 ut
1148 1334 1295 1378 opinor,
1320 1344 1490 1378 unquam
1515 1334 1555 1367 in
1580 1334 1652 1369 hoc

919 1380 1086 1426 Satyrico
1120 1392 1259 1426 genere
1294 1376 1488 1415 elaborare
1513 1381 1653 1416 voluis-

918 1431 986 1462 set.
1005 1448 1049 1452 —
1067 1428 1257 1471 inornata]
1284 1439 1381 1473 quae
1396 1437 1496 1470 pura
1512 1439 1650 1464 vocan-

917 1478 978 1509 tur
1004 1476 1080 1510 Sat.
1109 1479 1147 1518 1,
1173 1478 1216 1518 4,
1242 1478 1299 1509 54.
1333 1476 1416 1510 sine
1449 1477 1579 1521 tropis.
1606 1495 1650 1500 —

919 1524 1174 1566 „dominantia
1210 1524 1359 1557 nomina
1401 1525 1510 1566 sunt,
1551 1534 1651 1568 quae

915 1572 1073 1618 κυρίοις,
1100 1571 1138 1604 id
1165 1572 1241 1614 est,
1266 1571 1430 1615 propriis
1455 1570 1650 1606 vocabulis

917 1621 1186 1663 nuncupantur
1235 1618 1373 1660 (nullis
1420 1618 1650 1663 metaphoris

915 1666 1122 1708 immixtis),
1147 1667 1190 1699 ut
1209 1666 1309 1708 liber,
1332 1674 1456 1708 capsa,
1472 1667 1647 1707 pamma!

914 1712 1065 1746 Ponrn.
1093 1732 1136 1736 —
1162 1714 1312 1746 nomina
1328 1731 1344 1738 -
1364 1712 1573 1755 Verbaque]
1607 1715 1650 1745 ut

916 1759 1051 1794 Graeci
1077 1762 1164 1794 ante
1188 1759 1429 1793 Aristotelem
1454 1759 1647 1792 vocabulis

915 1804 1092 1849 ὀνόματα
1124 1807 1191 1838 καὶ
1222 1802 1378 1852 ῥήματα
1412 1816 1540 1839 omnes
1567 1816 1648 1839 ora-

914 1853 1029 1887 tionis
1094 1855 1222 1897 partes
1288 1852 1647 1896 complectebantur.

915 1900 1022 1934 Conf.
1058 1899 1132 1935 Sat.
1168 1903 1208 1942 1,
1234 1901 1274 1942 3,
1301 1902 1368 1934 103
1395 1910 1450 1944 sq.
1476 1918 1520 1924 —
1545 1901 1649 1941 Satv-

913 1956 1042 1981 rorum
1070 1947 1246 1990 scriptor]
1281 1946 1516 1990 „fabularum
1543 1946 1648 1992 Saty-

914 1996 1081 2029 ricarum
1107 1994 1305 2039 scriptor.⁴‘
1333 2013 1377 2017 —
1404 1994 1552 2037 amabo]
1581 1992 1650 2037 „ci-

914 2039 1097 2086 γαπήσω,
1134 2041 1275 2076 talibus
1312 2044 1512 2076 contentus
1547 2042 1646 2076 ero.“

915 2089 978 2124 Sic
1010 2091 1139 2124 Iuven.
1174 2092 1215 2131 7,
1250 2091 1294 2123 9:
1335 2090 1432 2122 Nam
1461 2090 1494 2122 εί
1525 2090 1650 2123 Pieria

915 2139 1103 2178 quadram
1150 2137 1216 2170 libi
1257 2137 1383 2170 nullus
1430 2137 1470 2169 in
1517 2138 1648 2170 ambra

916 2187 1154 2227 ostendatur,
1188 2192 1287 2217 ames
1313 2192 1418 2217 omen
1440 2184 1648 2224 victumque

912 2234 1148 2267 Machaerae.
1174 2250 1218 2254 ——
1245 2232 1320 2264 Nec
1350 2232 1402 2264 sic
1434 2230 1519 2273 cet.]
1555 2230 1648 2273 „Ne-

914 2291 987 2324 que
1029 2281 1061 2313 si
1102 2278 1268 2313 fabulam
1309 2277 1508 2323 satyricam
1545 2288 1647 2312 com-

912 2338 1055 2371 ponere
1091 2326 1249 2367 vellem,
1290 2327 1486 2370 tantopere
1527 2326 1646 2359 vitare

913 2375 1103 2408 studerem
1127 2373 1261 2418 tragici
1293 2372 1479 2407 sermonis
1503 2372 1647 2418 magni-

912 2421 1166 2467 loquentiam,
1207 2423 1249 2454 ut
1290 2420 1383 2454 cet.“
1420 2439 1464 2444 -
1498 2421 1646 2461 differre

912 2469 1048 2512 colori]
1080 2467 1285 2502 Notissima
1318 2470 1376 2502 est
1413 2467 1646 2501 construetio

911 2516 1188 2560 discrepantiae
1213 2525 1299 2548 cum
1316 2514 1440 2548 dativo
1467 2514 1552 2557 (cfr.
1571 2513 1645 2548 Sat.

914 2566 953 2605 1,
980 2566 1019 2606 4,
1046 2563 1139 2605 48.);
1172 2563 1268 2596 male
1302 2561 1479 2595 nonnulli
1504 2562 1644 2602 colore3

912 2611 1033 2645 nostri
1061 2609 1175 2644 Codd.
1202 2609 1362 2643 alterum
1387 2607 1547 2642 firmant.
1587 2607 1644 2641 De

912 2668 993 2692 voc.
1028 2659 1128 2691 color
1162 2656 1261 2690 conf.
1295 2656 1388 2700 Epp.
1426 2657 1463 2697 1,
1494 2656 1558 2696 17,
1584 2657 1642 2688 23.

914 2725 955 2729 —
983 2704 1130 2747 Davus]
1158 2704 1232 2738 Cfr.
1259 2702 1333 2737 Sat.
1363 2706 1400 2742 1,
1429 2704 1489 2743 10,
1515 2703 1572 2735 40.
1599 2720 1643 2726 —-
