1774 2930
0 1087 13 1093 -
79 1060 195 1093 Sicuti
210 1078 226 1085 -
241 1078 256 1085 -

567 159 572 166 ¹
633 145 727 180 LIB.
750 145 781 180 1.
829 144 983 179 EPIST.
1006 143 1055 178 11.

1514 143 1599 185 277

200 248 339 291 Maius
369 251 642 291 tormentum.
690 245 775 294 Qui
804 259 892 288 non
920 244 1211 288 moderabitur
1239 245 1351 299 irae,

200 318 409 362 Infectam
438 318 553 361 volet
584 331 699 370 esse,
732 316 852 359 dolor
883 316 998 373 quod
1028 316 1213 359 suaserit
1242 319 1287 359 et
1316 329 1459 369 mens,

1543 316 1599 356 60

198 389 315 431 Dum
345 403 506 446 poenas
538 387 634 430 odio
665 401 743 444 per
772 387 862 429 vim
891 387 1068 429 festinat
1099 387 1251 428 inulto.

138 487 145 494 -
199 459 271 502 Ea
299 459 415 502 furor
444 459 588 502 brevis
620 462 712 501 est:
747 458 935 500 animum
965 471 1089 513 rege,
1122 457 1194 513 qui
1225 457 1310 499 nisi
1338 460 1479 513 paret,

198 530 409 586 Imperat3
440 530 555 572 huno
585 529 739 582 frenis,
770 528 886 571 hune
915 531 964 570 tu
994 542 1217 584 compesce
1248 531 1413 570 catena.

198 599 346 656 Fingit
377 614 535 656 equum
565 605 714 642 tenera
745 599 926 641 docilem
959 599 1124 641 cervice
1155 598 1362 655 magister

198 671 267 713 Ire
296 671 428 724 viam,
461 685 546 726 qua
575 662 784 713 monstret
814 683 969 725 eques;
1000 670 1244 718 venaticus,
1279 684 1333 712 ex
1365 683 1448 725 quo

1540 669 1598 709 65

201 740 414 798 Tempore
445 742 659 784 cervinam
689 741 846 797 pellem
876 739 1048 782 latravit
1077 741 1122 781 in
1153 740 1269 794 aula,

176 867 233 899 65.
268 873 380 906 quam
403 868 576 899 monstret
601 863 729 906 deE,
762 871 872 905 quam
896 866 1075 897 monstrat
1101 864 1166 905 Lt,
1200 872 1275 904 qna
1304 865 1485 896 monstrat
1510 861 1550 904 G,

129 914 205 954 Ire,
229 914 331 946 viam
354 921 428 954 qua
451 915 626 946 monstret
650 910 845 946 Bentleius
872 911 970 954 (qua
994 921 1078 945 oum
1105 910 1243 945 Codice
1268 910 1488 952 Patrensi),
1513 909 1549 942 J.

84 1013 115 1045 0
138 1013 281 1046 invidia
301 1013 465 1054 primum
488 1013 646 1045 mordax
671 1012 746 1044 tui!
770 1030 812 1034 ——

273 1059 442 1102 tyranni]
484 1059 677 1100 Phalaris,
718 1058 815 1102 Aga-

81 1106 238 1148 thocles,
262 1105 450 1151 Dionysii.
475 1105 568 1140 Erat
592 1105 702 1150 quasi
727 1115 813 1149 pro-

82 1153 262 1187 verbium.
312 1152 387 1187 Cio.
420 1152 530 1187 Verr.
563 1152 651 1186 Aoo.
688 1155 730 1193 5,
757 1154 813 1194 56,

85 1202 169 1233 145:
187 1201 271 1234 tulit
289 1202 387 1234 enim
402 1201 471 1233 illa
488 1201 671 1240 quondam
688 1200 814 1232 insula

82 1246 255 1289 (Sicilia)
281 1248 414 1280 multos
439 1250 471 1280 et
497 1247 661 1280 crudeles
687 1249 813 1287 tyran—

83 1293 394 1328 nos.1uvenalis
420 1297 453 1335 6,
478 1296 566 1327 486:
591 1294 718 1326 Sicula
740 1302 815 1326 non

84 1341 207 1373 mitior
232 1341 334 1374 aula.
350 1357 400 1364 -
425 1342 603 1381 Infectam
627 1339 711 1382 cet]
737 1339 814 1373 Me-

83 1387 228 1421 nander
251 1397 288 1431 p.
306 1389 386 1420 247.
411 1386 541 1420 Mein.:
565 1382 725 1420 ‘'Axcwffl'
750 1382 813 1420 ὅσ’

82 1430 331 1490 οργιζόμενος
343 1429 547 1490 ἄνθρωπος
564 1438 676 1472 ποιεῖ,
696 1434 813 1466 Ταῦθ’

83 1476 243 1527 ὕστερον
259 1477 395 1522 λάβοις
419 1477 469 1513 ἂν
486 1478 749 1527 ἡμαρτημένα.
770 1500 811 1504 -

82 1528 210 1582 dolor]
239 1528 469 1582 „aegritudo
505 1528 702 1570 orucians,
740 1539 815 1572 qua

83 1575 171 1619 quis
194 1575 373 1609 iniuriam
406 1575 478 1609 sibi
503 1575 645 1608 illatam
669 1575 814 1619 perfert

82 1623 198 1666 atque
229 1622 276 1656 ad
309 1622 570 1656 ulciscendum
595 1622 720 1663 ardet,
754 1623 812 1655 in-

174 1669 285 1703 atiost‘
314 1688 356 1693 —
382 1669 496 1711 mens]
521 1670 648 1711 μένος,
677 1665 811 1711 θυμός,

80 1715 207 1758 furor3
241 1715 548 1758 Catull.15,14.
581 1717 685 1749 mata
705 1725 810 1749 mens

81 1764 258 1804 furorque
289 1772 422 1797 vecors.
472 1762 540 1796 Od.
574 1766 612 1805 1,
649 1766 710 1805 16,
742 1765 809 1796 22.

82 1811 266 1851 Compesce
289 1813 453 1844 mentem.
472 1829 515 1833 —
539 1810 810 1852 odim-inulto]

82 1855 152 1898 Est
174 1858 320 1891 dativus
346 1857 515 1901 pendens
533 1868 555 1890 a
579 1857 704 1891 verbis
727 1866 813 1898 poe-

82 1911 151 1936 nas
167 1905 336 1944 sentinat:
362 1904 471 1946 „dum
491 1903 619 1937 odium
645 1904 811 1937 nondum

84 1951 259 1984 satiatum
282 1951 468 1984 violenter
493 1961 537 1984 ac
561 1952 813 1995 praecipitan-

82 1999 142 2029 ter
182 1997 314 2030 ulcisci
354 1998 490 2031 studet.
495 1999 512 2015 “
557 2017 598 2021 ——
642 1998 811 2040 festinat]

86 2053 269 2130 63⁰⁰?ss
282 2044 699 2131 ,ἙἯἝέἓῑοὲἷὲἔὲἓῗ
713 2044 814 2124 cof-'2⁰

85 2143 165 2168 nas.
214 2114 284 2169 bd.
317 2139 358 2175 3,
391 2139 455 2174 24,
494 2139 558 2169 61:
593 2139 814 2178 pecuniam-

84 2185 266 2224 properet.

135 2231 205 2263 62-
215 2231 271 2263 65.
297 2232 365 2263 Ira
389 2232 496 2271 furor
521 2230 606 2272 cet.]
632 2230 813 2264 Themist.

86 2275 187 2310 Orat.
215 2280 246 2310 1.
277 2288 314 2321 p.
340 2278 373 2310 7
397 2274 570 2321 1)Λέγώ
603 2288 713 2319 οιμαι
746 2275 815 2320 τὴν

86 2320 815 2415 ἓίζῗέῃὲἕὶῗῖθῃῗλέἕέῑῗέἔῖἕζέέὲἲ

86 2417 227 2451 neralis
243 2428 368 2462 neque
385 2419 447 2452 hio
469 2429 602 2452 rursus
627 2419 672 2452 de
690 2418 815 2452 Achil-

86 2463 162 2498 lis
151 2475 209 2498 ira
231 2465 470 2509 cogitandum
489 2468 555 2498 est.
576 2484 617 2488 —
636 2465 814 2508 animum]

86 2508 154 2543 τὸν
178 2510 325 2554 θυμόν,
358 2513 428 2546 den
463 2514 815 2554 leidenschasllishen

85 2558 184 2591 Smn.
232 2558 354 2593 Plaut.
381 2559 484 2593 Trin.
511 2562 551 2600 2,
586 2562 626 2601 2,
661 2561 723 2592 29.
763 2561 815 2593 Tu

87 2605 120 2636 st·
142 2606 304 2639 animum
327 2608 442 2640 vicisti
462 2608 583 2647 potius
607 2615 718 2647 quam
736 2615 814 2639 anz-

88 2657 169 2683 mns
193 2654 245 2694 te,
279 2654 321 2686 ‘st
355 2655 449 2693 quod
480 2655 654 2694 aaudeas.
683 2673 724 2676 —
753 2655 815 2693 qui

89 2697 161 2728 nist·
182 2703 306 2739 paret,
340 2701 523 2742 Imperat]
561 2701 658 2742 „Aut
683 2711 813 2734 servus

864 1012 921 1044 est
952 1013 1019 1044 aut
1051 1010 1247 1052 dominus,
1280 1009 1377 1043 nihil
1411 1010 1512 1043 enim
1539 1011 1598 1043 est

863 1058 1051 1091 tertium.“
1101 1057 1246 1090 Bnn'rn.
1286 1075 1329 1080 —
1347 1057 1512 1099 strenis]
1556 1058 1598 1090 ut

863 1115 1001 1148 equum
1036 1104 1199 1138 ferocem
1225 1107 1262 1139 et
1288 1103 1524 1138 indomitum.
1552 1122 1595 1127 -

863 1151 916 1194 tu]
942 1152 1028 1184 vid.
1055 1151 1102 1185 ad
1128 1151 1197 1185 Od.
1225 1153 1256 1194 1,
1283 1154 1316 1194 9,
1345 1154 1399 1185 16.
1424 1169 1472 1174 —
1498 1152 1597 1184 com-

861 1199 987 1242 pesce]
1026 1198 1096 1232 Od.
1138 1202 1175 1240 1,
1212 1201 1274 1239 16,
1307 1200 1371 1231 22:
1411 1200 1596 1239 Compesce

861 1249 1027 1279 mentem.
1056 1265 1098 1268 —
1126 1246 1278 1288 catena]
1313 1248 1356 1278 ut
1382 1255 1523 1279 canem.
1551 1264 1594 1269 —

862 1294 985 1333 Finqit
1011 1301 1142 1332 equum
1169 1292 1254 1335 cet]
1282 1291 1446 1334 „Verum
1472 1293 1503 1326 si
1530 1302 1595 1325 eu-

862 1339 1039 1383 piditates
1096 1340 1400 1383 voluptatemque
1457 1342 1597 1382 tempe-

863 1386 985 1419 rantia
1001 1386 1151 1420 frenare
1178 1386 1248 1420 tibi
1273 1386 1507 1430 propositum
1526 1389 1595 1428 est,

862 1433 940 1474 fao,
958 1436 1001 1467 ut
1023 1436 1181 1475 mature,
1206 1433 1319 1467 immo
1346 1434 1481 1475 statim,
1506 1433 1596 1466 dum

863 1479 1010 1514 iuvenis
1029 1491 1080 1522 es,
1097 1481 1193 1514 hanc
1210 1477 1404 1526 κάθαρσιν
1421 1480 1595 1524 incipias,

863 1527 1173 1571 quemadmodum
1206 1529 1383 1569 *maqt'sser
1409 1526 1597 1570 (ἱπποδα-

861 1572 1030 1618 μάστης,
1068 1574 1252 1617 domitor)
1271 1585 1427 1619 ,equum
1461 1575 1594 1619 primis

861 1622 935 1655 iam
959 1621 1091 1662 annis,
1124 1621 1214 1655 dum
1240 1621 1374 1656 docilis
1400 1625 1468 1663 est,
1493 1623 1596 1663 ttnyit

861 1670 916 1701 ire
942 1668 1027 1710 („ad
1046 1669 1263 1711 eundum“),
1292 1669 1424 1710 „docet
1447 1669 1596 1714 ingredi

858 1716 985 1749 viam“
1029 1718 1099 1749 eet.
1148 1717 1303 1757 Finqere
1344 1716 1380 1749 h.
1423 1716 1447 1748 l.
1491 1716 1595 1757 „for-

859 1773 979 1804 mare,
1021 1763 1256 1796 instituere.“
1306 1763 1364 1796 Ad
1405 1774 1482 1796 rem
1527 1763 1594 1796 cfr.

860 1809 963 1854 Virg.
1002 1809 1138 1854 Georg.
1180 1812 1220 1851 3,
1260 1812 1352 1843 190:
1394 1811 1441 1843 At
1479 1811 1595 1843 tribus

862 1858 999 1890 exactis
1024 1858 1087 1889 ubi
1104 1859 1240 1897 quarta
1266 1858 1445 1898 acceperit
1464 1860 1593 1899 aestas,

862 1905 1017 1944 Carpere
1031 1912 1117 1937 mox
1130 1913 1259 1945 qyrum
1271 1905 1425 1945 incipiat
1441 1905 1593 1948 (equus)

861 1952 1104 1992 amathusque
1128 1960 1263 1984 sonare
1290 1953 1500 1992 Compositis
1524 1954 1593 1985 cet.

860 1997 1022 2042 Propter
1069 2009 1262 2032 caesuram
1310 2000 1436 2032 autem
1476 1999 1593 2043 iungo

863 2047 924 2077 Ire
940 2046 1047 2086 viam,
1067 2054 1143 2085 qua
1154 2047 1329 2078 monstret
1340 2046 1467 2089 potius
1479 2056 1593 2089 quam

863 2093 935 2132 Ire,
953 2093 1053 2124 viam
1070 2100 1145 2131 qna
1166 2094 1352 2124 monstret.
1377 2092 1482 2136 Virg.
1500 2092 1593 2125 Aen.

864 2140 895 2178 5,
922 2139 1008 2170 122:
1035 2140 1142 2178 Itque
1166 2139 1328 2178 reditque
1351 2139 1463 2171 viam.

910 2185 1030 2217 65-68.
1054 2185 1468 2227 venaticus-matutae]
1496 2196 1594 2230 „quo

863 2231 1067 2274 aliquando
1092 2231 1139 2264 ad
1172 2234 1349 2265 venatum
1374 2233 1429 2265 uti
1456 2232 1594 2266 consti-

863 2278 936 2310 tuit
951 2277 1137 2311 dominus.
1143 2278 1159 2296 “
1181 2298 1222 2302 -—
1249 2280 1433 2312 cervinam
1447 2280 1594 2322 pellem]

862 2324 907 2357 In
931 2324 1070 2368 pellem
1095 2326 1273 2359 stramine
1297 2327 1356 2359 vel
1380 2336 1509 2360 museo
1534 2338 1593 2360 re-

863 2372 1001 2415 pletam
1036 2375 1073 2405 et
1104 2372 1150 2405 ad
1184 2373 1259 2406 vivi
1293 2374 1392 2406 cervi
1419 2373 1593 2407 similitu-

863 2418 989 2452 dinem
1030 2413 1270 2463 aliquatenus
1311 2419 1478 2454 refietam
1519 2420 1593 2454 iam

864 2466 978 2499 catuli
1003 2476 1025 2499 a
1049 2467 1238 2511 magistris
1262 2467 1592 2501 incitabantur.—

865 2513 1031 2555 latravit]
1052 2513 1181 2547 eadem
1199 2515 1493 2555 constructione,
1520 2525 1593 2557 qua

862 2559 979 2603 Epod.
1020 2562 1060 2601 5,
1103 2563 1166 2594 57:
1209 2562 1414 2594 adulter-um
1460 2562 1593 2593 latrent

861 2608 1079 2640 Suburanae
1112 2616 1231 2641 canes.
1260 2627 1301 2631 -
1329 2608 1442 2649 aula]
1477 2609 1592 2640 hone-

863 2654 956 2687 stius
982 2654 1205 2688 vocabulum
1226 2654 1410 2688 Graecum
1435 2665 1503 2697 pro
1522 2654 1592 2687 La·

863 2700 941 2734 tino
970 2702 1107 2742 chorte,
1135 2704 1242 2740 corte,
1270 2702 1351 2734 looo
1378 2703 1525 2744 saepto,
1551 2701 1589 2734 in
