1774 2930
681 155 776 191 Alte
798 153 1023 190 Pon'rch.

210 261 374 304 Verum
402 260 465 303 ita
493 259 671 312 risores,
702 258 764 300 ita
793 254 1092 299 commendare
1121 254 1288 296 dicaces

1519 150 1606 193 509

1518 251 1606 293 225

213 331 454 376 Conveniet
484 329 681 386 Satyros,
711 329 777 371 ita
801 330 969 370 vertere
999 326 1114 368 seria
1140 324 1263 378 ludo,

212 402 279 446 Ne
310 402 551 459 quicunque
581 400 707 453 deus,
738 398 980 455 quicunque
1010 395 1284 439 adhibebitur
1312 393 1459 447 heros,

213 473 368 530 Regali
398 474 652 528 conspectus
680 470 727 511 in
756 483 860 511 auro
889 481 1027 525 nuper
1055 471 1100 510 et
1129 470 1263 520 ostro,

214 543 373 600 Migret
401 543 447 585 in
477 542 679 584 obscuras
707 539 860 582 humili
889 552 1087 581 sermone
1116 537 1337 589 tabernas,

216 614 324 668 Aut,
356 613 457 656 dum
486 613 594 654 vitat
622 611 818 664 humum,
849 609 985 652 nubes
1017 613 1060 652 et
1089 608 1234 650 inania
1262 610 1417 663 captet.

102 839 182 873 lare
223 837 339 872 vellet
377 836 559 870 actores.“
610 833 708 877 „Qui
749 843 833 878 spe-

102 888 222 920 ctator
245 883 421 918 veniebat
434 885 522 927 post
538 881 734 923 sacrificia,
758 879 832 914 iam

102 942 280 977 pransus,
304 932 378 965 iam
402 930 547 974 potus-‘⁶
572 928 669 962 Aen.

151 979 352 1013 225—230.
367 976 529 1019 mores]
534 975 718 1018 „ridicula
733 974 835 1008 dicta

102 1025 372 1080 proferentes.“
432 1023 596 1057 Demetr.
644 1022 751 1055 Phal.
800 1021 832 1064 ξ.

105 1075 193 1107 1693
229 1069 255 1106 ὁ
290 1070 408 1116 γέλως
427 1067 581 1125 ἐχθρὸς
599 1067 833 1124 τραγῳδίας·

103 1117 194 1153 οὐδὲ
215 1115 291 1165 γὰρ
321 1113 561 1161 ἐπινοήσειεν
591 1111 640 1150 ἄν
663 1127 722 1158 τις
744 1126 836 1162 τρα-

102 1165 244 1221 γῳδίων
268 1166 497 1207 παίζουσαν
527 1163 609 1197 ἐπεὶ
634 1160 836 1217 σάτυρον

103 1209 249 1260 γράψει
283 1210 371 1246 ἀντὶ
405 1210 626 1265 τραγῳδίας.
676 1209 835 1255 Satyrici

106 1262 234 1294 antem
268 1259 448 1293 dramatis
485 1258 687 1302 scriptores
721 1257 836 1302 elige-

107 1306 215 1341 bant
222 1305 411 1347 actiones,
443 1316 606 1350 quarum
633 1304 837 1349 participes

106 1353 226 1388 fuisse
250 1355 317 1387 aut
341 1331 571 1396 spectatores
589 1352 722 1386 saltem
745 1350 837 1395 fingi

107 1402 265 1445 possent
300 1399 442 1444 Satyri,
483 1399 599 1432 veluti
635 1397 838 1442 Euripides

109 1447 330 1492 Cyclopem,
353 1446 606 1490 Autolycum-s
628 1445 838 1490 Sisyphum,

109 1493 324 1536 Scironem,
358 1493 519 1538 Sylcum.
567 1492 661 1526 Rem
684 1501 839 1536 persen·

106 1542 220 1576 tisces
236 1551 283 1575 ex
297 1540 476 1585 Aeschyli
491 1539 715 1579 Prometheo
739 1539 839 1583 igni·

108 1588 212 1622 fero
234 1588 380 1633 Fragm.
430 1589 508 1621 176.
554 1586 599 1620 D.
646 1586 838 1620 Plutarch.

108 1634 240 1670 Moral.
272 1646 317 1690 p.
342 1637 399 1668 86.
423 1634 457 1668 f:
492 1634 569 1667 Τοῦ
601 1632 642 1666 δὲ
665 1629 766 1666 Σατύ
792 1644 838 1666 ου

108 1679 155 1715 τὸ
180 1691 254 1730 πυρ
287 1679 340 1723 ὦς
375 1680 524 1728 πρῶτον
557 1676 674 1724 ὤφθη
698 1679 840 1720 βουο-

108 1731 228 1772 μένου
262 1728 428 1772 φιλῆσαι
455 1729 523 1761 καὶ
546 1727 790 1775 περιβαλεῖν
817 1724 840 1760 ὁ

108 1773 350 1831 Προμηθευς·
378 1771 544 1830 Τράγος
582 1777 729 1819 γένειον
764 1774 841 1820 ἀρα

110 1820 316 1867 πενθήσεις
338 1820 388 1856 σύ
416 1834 470 1867 γε.
541 1821 840 1864 commendare]

111 1870 304 1913 „erstem-e,
344 1872 388 1904 ut
422 1881 445 1904 a
481 1852 621 1914 populo
658 1869 839 1903 benevole

112 1918 364 1960 spectentur.“
398 1935 442 1940 —
477 1916 642 1959 dicaces]
680 1916 838 1955 Quintil.

113 1965 157 2005 6,
181 1965 223 2005 3,
247 1965 311 1996 21:
348 1965 533 1996 Dicacims
564 1965 643 1996 sine
674 1964 782 1996 dubio
816 1972 840 1995 a

113 2010 278 2052 dicendo,
303 2011 399 2049 quod
416 2012 466 2042 est
482 2011 581 2042 muni
597 2011 722 2050 uenere·
746 2018 840 2042 com-

70 2084 74 2086 .
113 2064 240 2098 muno,
278 2057 387 2089 ducta
424 2058 494 2094 esu
531 2057 679 2097 proprie
720 2059 842 2089 tamen

113 2104 294 2144 εἰσπῆῑοαε
323 2111 523 2135 sermonem
555 2111 638 2135 cum
668 2104 746 2135 risu
772 2103 842 2135 ali-

114 2157 203 2190 quos
234 2151 479 2183 incessentem.
531 2149 606 2182 Sat.
634 2151 673 2190 1,
705 2151 747 2190 4,
772 2150 841 2182 83:

116 2198 187 2238 Qui
210 2198 335 2238 captat
358 2197 453 2229 risus
477 2197 663 2229 'omninum
686 2197 843 2237 samam-

115 2252 185 2284 que
221 2244 365 2276 dicacis.
400 2262 444 2266 —
481 2244 535 2276 ila
570 2245 709 2276 vertere
744 2244 843 2276 seria

77 2298 82 2303 ·
118 2290 224 2332 ludo]
260 2290 551 2334 „tragoedorum
582 2300 642 2323 res
667 2289 781 2323 utiles
806 2292 844 2324 et

115 2337 311 2379 honestas,
342 2347 404 2371 res
437 2337 563 2371 tristes
596 2347 640 2370 ac
668 2337 843 2381 tragicas,

116 2383 230 2418 rebus
255 2383 415 2417 ludicris
441 2387 479 2418 ot
503 2384 686 2428 satyricis,
710 2383 750 2417 id
776 2386 844 2425 est,

117 2430 170 2464 ita
201 2431 415 2475 tragoediae
448 2431 656 2464 immiscere
683 2433 843 2475 satyram

117 2477 343 2522 (satyricum
367 2478 541 2522 genus).“
569 2477 697 2511 con.
724 2477 845 2515 cauo.

116 2525 239 2557 Rebus
278 2527 403 2558 tamen
449 2526 612 2558 tristibus
658 2524 844 2558 substitue

116 2572 242 2616 potius
266 2568 424 2615 ἱμύθους
450 2572 603 2617 tragicis
628 2572 773 2605 affines.
800 2591 842 2595 —

117 2620 321 2659 quicunque
352 2620 440 2652 deus
465 2619 551 2661 cet]
586 2619 702 2661 „Sive
734 2619 845 2652 deum

118 2665 159 2698 in
193 2676 343 2699 scenam
374 2665 561 2710 produces
587 2666 664 2699 sive
690 2666 843 2700 heroem

120 2711 198 2745 sive
223 2715 403 2757 utrosque
428 2713 574 2747 simul.“
601 2713 711 2747 Falso
734 2713 844 2746 multi

1523 605 1612 646 230

881 833 933 867 ita
956 830 1196 876 interpretati
1215 834 1315 871 sunt,
1340 829 1450 875 quasi
1469 828 1614 863 diceret

881 890 1028 924 semper
1074 878 1223 912 easdem
1264 887 1465 922 personas,
1516 885 1614 920 quae

880 937 949 971 per
983 925 1172 971 trilogiam
1210 926 1251 959 in
1289 935 1403 959 scena
1438 923 1613 965 fuissent,

881 973 930 1008 ad
953 973 1113 1007 hilarius
1130 975 1395 1017 argumentum
1419 970 1614 1015 adaptatae
1656 1010 1659 1012 v

881 1022 922 1054 in
962 1020 1092 1054 fabula
1132 1019 1295 1064 satyrica
1331 1017 1613 1063 comparuisse:

884 1078 979 1112 quae
1013 1067 1166 1112 quidem
1201 1067 1329 1110 opinio
1362 1068 1464 1100 recte
1494 1064 1615 1099 addu-

882 1114 1001 1149 bitata
1036 1117 1093 1148 est
1124 1115 1171 1148 ab
1202 1113 1420 1148 Hermanno
1453 1111 1615 1156 Opuscc.

882 1161 930 1196 H.
963 1173 998 1205 p.
1035 1163 1134 1203 308„
1166 1161 1330 1196 refutata
1361 1171 1384 1193 a
1414 1158 1615 1193 Welckero

884 1210 1110 1250 Nachlraa
1134 1220 1171 1252 p.
1198 1210 1278 1242 324.
1310 1207 1491 1250 „Diversa
1514 1207 1616 1240 enim

884 1257 925 1289 in
951 1255 1114 1300 singulis
1137 1255 1278 1289 fabulis
1294 1256 1516 1300 argumenta
1539 1256 1615 1287 tra-

886 1303 999 1336 ctavit
1029 1302 1259 1347 Aeschylus,
1297 1312 1382 1335 cum
1418 1301 1617 1342 Phineum,

885 1350 1032 1391 Persas,
1050 1349 1235 1384 Glaucum
1253 1348 1507 1390 Potniensem,
1524 1347 1618 1382 Pro-

886 1397 1074 1431 metheum
1091 1397 1294 1442 igniferum
1320 1391 1550 1442 (πυρφόρον,
1575 1397 1619 1429 ut

887 1443 1211 1478 volt‘Welckerus
1236 1444 1433 1484 Triloaie
1465 1453 1502 1487 p.
1529 1444 1616 1476 120:

888 1492 1095 1538 πυρκαιέα)
1122 1502 1199 1524 una
1222 1490 1423 1535 tetralogia
1446 1499 1619 1534 compre·

886 1538 1036 1581 hendit3
1062 1538 1160 1572 idem
1185 1538 1276 1571 fecit
1290 1537 1504 1582 Euripides,
1531 1547 1618 1570 cum

886 1584 1074 1627 Medeam,
1134 1585 1402 1627 Philoctetam,
1465 1583 1619 1629 Dictyn,

886 1632 1072 1666 Messores
1105 1631 1369 1666 consociavit.“
1418 1631 1547 1664 Hnmt.

887 1679 1017 1722 nuper]
1040 1679 1116 1713 Pro
1132 1680 1287 1713 notione
1312 1678 1427 1712 huius
1452 1689 1485 1712 v.
1503 1678 1620 1711 inter-

887 1726 1112 1771 pretandum
1137 1730 1213 1761 est:
1248 1726 1383 1769 „iidem
1416 1725 1470 1759 dii
1503 1728 1620 1769 atque

887 1774 1042 1816 heroes,
1084 1773 1150 1818 qui
1186 1774 1227 1807 in
1264 1772 1470 1818 tragoediis
1508 1782 1621 1816 saepe

888 1821 1082 1865 conspecti
1118 1821 1307 1855 notissimi
1348 1820 1458 1854 nobis
1496 1819 1618 1853 sunt.“

889 1887 932 1892 —
958 1869 1093 1909 Miorel
1124 1868 1210 1911 cet.]
1244 1866 1327 1910 „Ne
1359 1877 1523 1911 persona
1547 1869 1621 1900 tra-

887 1916 972 1960 gica
1003 1916 1044 1948 in
1077 1915 1208 1949 fabula
1239 1914 1404 1959 satyrica
1436 1915 1476 1947 in
1506 1924 1622 1948 scena

888 1972 1110 2006 comparens
1157 1963 1286 1996 utatur
1333 1972 1506 1995 sermone
1547 1964 1621 1994 tam

887 2009 1024 2042 humili
1060 2019 1105 2042 ao
1140 2009 1310 2053 plebeio,
1348 2020 1461 2053 quam
1499 2008 1623 2042 solent

889 2056 1072 2097 homines,
1099 2056 1164 2099 qui
1188 2056 1229 2088 in
1254 2056 1429 2089 tabernas
1446 2055 1623 2099 popinas-

891 2112 964 2146 que
990 2102 1199 2144 confluunt,
1223 2102 1309 2135 faex
1332 2102 1497 2146 populi.“
1549 2102 1623 2136 ffl-

890 2151 968 2189 orel
993 2152 1119 2182 autem
1144 2159 1191 2182 ex
1214 2149 1320 2193 regia
1343 2150 1404 2182 vel
1428 2149 1563 2183 castris
1579 2148 1623 2182 in

890 2195 1016 2229 locum
1056 2206 1096 2229 se
1137 2206 1292 2240 prorsus
1332 2195 1543 2240 indignum.
1577 2214 1622 2219 —

891 2242 1076 2285 obscuras]
1102 2243 1194 2287 quia
1217 2243 1455 2287 plerumque,
1480 2245 1524 2276 nt
1546 2253 1623 2277 me·

890 2290 1071 2324 retr-icum
1108 2290 1244 2332 cellae,
1285 2290 1354 2323 sub
1387 2293 1524 2324 terram
1557 2290 1623 2323 de-

891 2348 1044 2381 pressae
1069 2340 1178 2371 erant
1202 2340 1241 2371 et
1256 2337 1473 2372 fornicatae.
1492 2356 1536 2361 —
1556 2339 1623 2370 hu—

891 2385 971 2417 mili
994 2384 1180 2427 temone]
1212 2385 1253 2418 in
1278 2395 1354 2429 quo
1380 2384 1534 2429 quidem
1559 2395 1623 2429 ge-

891 2441 984 2465 nere
1008 2432 1239 2475 permultum
1270 2431 1344 2466 sibi
1367 2432 1625 2475 permiserunt

893 2478 1048 2521 Graeci,
1079 2479 1302 2523 plerumque
1335 2481 1459 2513 tamen
1492 2479 1533 2512 in
1561 2477 1626 2511 Sa-

892 2527 1062 2580 tyrorum
1083 2526 1266 2570 partibus.
1314 2525 1411 2559 Nota
1437 2529 1526 2559 sunt
1549 2525 1623 2559 Ae-

894 2573 1014 2617 schyli
1038 2570 1246 2619 ἀρουραῖος
1271 2573 1454 2615 σαίνθος,
1481 2572 1624 2616 Sopho-

894 2619 963 2653 clis
1003 2620 1212 2672 Μαστιγιαι
1247 2622 1472 2663 κέντρωνες,
1510 2617 1625 2652 ἀλλο-

894 2663 1110 2720 τριοφάγοι.
1130 2686 1173 2690 -
1195 2668 1305 2700 nubes
1323 2669 1356 2700 et
1373 2666 1516 2709 imma]
1533 2666 1624 2700 Per-

894 2715 974 2747 sius
1000 2715 1041 2756 5,
1071 2716 1111 2748 7:
1145 2715 1292 2748 Grande
1327 2715 1484 2747 locuturi
1515 2715 1624 2746 nebu—
