1774 2930
688 111 782 146 Lm.
805 110 855 146 11.
897 109 1000 147 sAT.
1024 109 1091 144 111.

1569 110 1651 152 165

249 212 497 256 Ambitione
527 212 639 255 mala
669 216 743 254 aut
773 211 940 268 argenti
971 211 1103 268 pallet
1133 225 1299 264 amore,

251 283 456 340 Quisquis
486 283 658 326 luxuria
687 283 856 326 tristive
888 282 1194 339 superstitione

251 355 340 397 Aut
368 354 452 397 alio
482 354 637 396 mentis
668 354 816 396 morbo
848 354 979 407 calet,
1013 353 1098 396 huc
1127 353 1305 409 propius
1336 366 1420 406 me,

1594 353 1650 394 80

249 425 367 468 Dum
394 425 526 468 doceo
557 426 745 467 insanire
776 438 937 477 omnes,
969 438 1046 466 vos
1078 423 1227 466 ordine
1261 423 1390 466 adite.

249 495 405 538 Danda
433 500 500 539 est
531 496 708 539 ellebori
738 495 871 537 multo
902 509 1002 551 pars
1037 495 1226 537 maxima
1255 494 1422 549 avaris3

250 566 406 609 Nescio
437 581 493 609 an
522 567 773 623 Anticyram
802 566 911 608 ratio
941 565 1028 607 illis
1062 565 1250 608 destinet
1281 579 1463 609 omnem.

250 637 445 680 Heredes
478 637 649 680 Staberi
681 650 891 678 summam
921 635 1111 679 incidere
1144 636 1369 692 sepulcro:

250 707 307 749 Ni
338 709 400 750 sic
430 708 646 762 fecissent,
681 707 966 763 gladiatorum
997 707 1099 749 dare
1132 711 1304 749 centum

1596 707 1651 747 85

251 779 454 822 Damnati
483 779 642 835 populo
673 779 794 834 paria
824 782 954 834 atque
984 778 1159 834 epulum
1190 778 1366 820 arbitrio
1398 777 1512 830 Arri,

136 926 249 960 tionis
274 925 425 971 signum
449 926 508 968 sit,
533 926 752 960 exhortatur
773 925 869 960 Stoi-

131 983 203 1007 ous
228 972 360 1007 doctor
384 972 492 1007 inani
516 973 615 1007 fastu
648 973 799 1006 inflatus
832 976 870 1007 et

134 1019 269 1054 elatus.
303 1038 350 1044 —
378 1019 517 1063 pallet]
562 1020 678 1054 veluti
717 1022 870 1064 propter

133 1067 318 1101 morbum.
351 1067 458 1101 Pers.
482 1070 516 1109 4,
534 1068 599 1101 47:
628 1068 708 1101 Viso
732 1068 764 1100 xi
786 1069 870 1109 pal-

137 1114 206 1156 les,
247 1115 427 1156 improbe,
468 1123 627 1148 nummo.
657 1133 703 1138 —-
735 1123 869 1156 omnes,

134 1163 199 1194 voc
223 1161 363 1205 ordine]
390 1161 510 1203 „Vos,
536 1162 602 1206 qui
628 1162 741 1195 variis
767 1162 869 1196 vitiis

135 1207 327 1250 laboratis,
352 1219 419 1252 pro
437 1210 519 1252 ipsa
535 1212 744 1243 vestrorum
762 1209 870 1243 vitio-

135 1266 220 1288 rum
251 1255 432 1290 varietate
470 1259 571 1290 certo
611 1256 774 1300 quodam
811 1267 871 1290 or·

138 1301 226 1335 dine
249 1303 324 1335 huc
349 1302 488 1342 adeste,
514 1306 557 1335 ut
582 1314 699 1336 unum
716 1306 802 1346 post
819 1303 871 1336 al-

138 1350 260 1382 terum
295 1359 365 1394 ego
400 1349 576 1394 castigem
609 1352 721 1394 atque
755 1350 872 1383 corri-

136 1405 242 1440 gam,
274 1399 404 1430 omnes
428 1397 583 1430 vitiosos
609 1397 762 1430 insanos
788 1407 871 1431 esse

138 1441 433 1477 demonstrans?

159 1490 244 1523 ..82
261 1491 318 1523 83.
342 1491 480 1524 Danda
497 1493 547 1523 est
565 1490 650 1533 cet.]
666 1490 746 1523 Iam
764 1493 872 1534 quat-

138 1514 224 1570 tuor
247 1536 339 1570 vitia
362 1537 584 1582 praecipua,
618 1537 659 1570 in
689 1548 786 1582 quae
811 1537 871 1570 in-

137 1583 223 1617 vehi
247 1583 420 1618 solebant
442 1583 569 1626 Stoici,
595 1585 762 1628 castigat,
786 1595 871 1619 ava-

136 1629 262 1664 ritiam
288 1631 365 1673 (vv.
391 1633 483 1665 82—
440 1631 601 1674 —159.),
627 1631 871 1666 ambitionem

131 1677 211 1719 (vv.
238 1679 447 1720 160-223.),
473 1679 660 1712 luxuriam
687 1679 758 1721 (vv.
785 1681 870 1712 224-

137 1721 247 1768 280.),
270 1725 579 1769 superstitionem
602 1726 672 1768 (vv.
687 1727 869 1769 281-295.)

138 1789 182 1794 ——-
209 1772 380 1815 ellebori]
419 1773 638 1807 Elleborum
662 1773 814 1818 nigrum
840 1784 869 1807 s.

136 1820 325 1852 veratrum
348 1821 513 1854 medetur
534 1821 767 1863 paralyticis,
799 1822 870 1853 in-

135 1866 499 1909 cantantibus,
531 1868 753 1910 hydropicis,
783 1870 870 1901 dum

138 1912 231 1944 citra
270 1914 417 1956 febrim,
463 1915 637 1955 podaqris
677 1916 868 1957 veteribus,

138 1959 366 1993 articulariis
395 1962 541 1994 morbis.
591 1963 718 1994 Trahit
743 1963 868 1995 alvum

140 2007 174 2036 el
211 2006 316 2038 bilem
345 2009 580 2048 pituitasque.
629 2008 727 2041 Plin.
753 2009 799 2042 H.
824 2009 868 2043 N.

140 2052 198 2091 25,
223 2054 256 2084 5.
283 2071 325 2075 -—
350 2055 494 2086 multo-
478 2055 733 2097 -maoet'ma]„
746 2056 869 2089 Etiam

135 2106 226 2130 oum
243 2100 481 2142 superlativis
503 2103 618 2133 multo
643 2112 868 2145 componere

140 2144 265 2178 solent
289 2146 420 2189 optimi
446 2147 667 2191 scriptores,
694 2148 869 2192 quemad-

138 2191 290 2224 modum
308 2193 414 2234 lonqe
431 2193 594 2227 dicuntf‘
627 2194 742 2227 HAND
762 2195 869 2229 Turs.

138 2237 205 2273 ΠΙ.
237 2250 274 2283 p.
299 2241 379 2272 664.
405 2258 448 2268 --
475 2242 601 2274 Nescio
634 2241 708 2283 an]
749 2245 869 2286 „puto

138 2286 305 2329 111-011οςιι
347 2288 420 2319 ich
454 2290 587 2321 weiss
629 2290 775 2330 nicht,
818 2291 869 2322 ob

138 2333 276 2365 nicht.
311 2352 353 2356 —
386 2335 598 2375 Anticyram
623 2353 638 2359 -
664 2353 678 2359 -
704 2337 869 2379 omnem]

140 2379 395 2421 „helleborum
413 2392 570 2424 omnem,
597 2393 708 2426 quem
725 2383 870 2427 profert

136 2425 319 2480 Anticyra
343 2428 581 2462 Phocensis.
619 2429 750 2463 Strabo
777 2433 810 2470 9,
827 2432 869 2464 3:

136 2469 353 2531 Ἀπίκιῤῥα,
378 2471 586 2518 ὁιιώνυμος
609 2476 656 2522 τῇ
682 2474 778 2509 κατὰ
803 2475 870 2510 τὸν

138 2519 338 2555 Μαλιακὸν
370 2519 517 2556 κόλπον
550 2525 613 2556 καὶ
648 2521 717 2566 τήν
743 2522 869 2567 Οιτην.

137 2566 213 2599 Καὶ
237 2565 284 2612 δή
309 2581 431 2610 φασιν
455 2569 537 2602 ἐκεῖ
565 2568 631 2603 τὸν
664 2569 868 2618 ἐλλέβορον

139 2610 310 2654 φύεσθαι
343 2614 408 2649 τὸν
440 2615 606 2655 ἀστεῖον,
638 2602 812 2650 ἐνταῦθα
829 2617 869 2651 δὲ

132 2659 388 2704 σκευάζεσθαι
423 2663 576 2711 βέλτιοι
601 2664 678 2697 zer).
727 2666 869 2699 Accen-

915 1065 1056 1100 Ἀντίκυ

917 929 999 959 111111
1034 925 1157 960 8001111
1189 925 1262 959 iam
1295 924 1432 960 Graeci
1463 924 1654 959 interdum

918 971 1040 1015 (Plut.
1067 972 1113 1006 de
1139 972 1261 1006 cohib.
1289 971 1352 1006 Ira
1378 972 1478 1014 13.)‚
1516 971 1653 1014 Latini,

918 1019 1019 1064 quod
1045 1019 1172 1062 sciam,
1202 1029 1332 1054 omnes
1356 1018 1654 1064 pronuntiabant

1117 1092 1125 1107 ,
1158 1068 1331 1109 Anticyra
1367 1066 1512 1110 penult.
1538 1066 1653 1100 brevi.

919 1113 1025 1148 Conf.
1086 1140 1094 1147 .
1120 1113 1161 1147 P.
1187 1116 1279 1148 300:
1318 1115 1432 1147 tribm
1466 1115 1653 1155 Anticyris

919 1164 1029 1202 caput
1046 1163 1316 1195 insanabile.—
1327 1161 1441 1204 ratio]
1469 1172 1578 1203 „vera
1596 1172 1654 1195 sa-

918 1209 1074 1253 pientia,
1097 1209 1263 1243 medicae
1282 1219 1437 1243 munere
1455 1209 1652 1253 fungens.“

968 1303 1088 1335 84-87.
1105 1303 1262 1345 Staberi]
1280 1302 1336 1336 De
1356 1303 1528 1336 Staberio
1547 1303 1653 1345 nihil,

921 1349 1022 1393 quod
1039 1360 1117 1383 non
1134 1350 1175 1382 in
1189 1349 1282 1394 ipsis
1295 1349 1443 1384 Horatii
1456 1350 1582 1384 verbis
1596 1349 1654 1383 in-

920 1397 986 1438 sit,
1025 1396 1256 1431 Scholiastae
1282 1397 1392 1431 nobis
1418 1397 1583 1431 tradunt.
1608 1416 1654 1421 -—

918 1450 1099 1477 summam
1131 1445 1291 1477 incidere
1315 1444 1507 1487 sepulcro]
1546 1443 1654 1478 Cous.

919 1502 952 1523 v.
979 1492 1035 1524 90.
1067 1490 1128 1525 Sic
1154 1491 1195 1524 in
1213 1491 1388 1535 sepulcro
1407 1491 1654 1525 Trimalchio-

919 1537 979 1571 nis
1004 1538 1104 1581 apud
1130 1537 1281 1573 Petron.
1307 1539 1376 1572 71:
1402 1539 1469 1571 Ex
1491 1539 1654 1572 PARVO

920 1586 1102 1619 GREVIT.
1163 1586 1464 1621 SESTERTIVM
1519 1587 1655 1619 RELI-

920 1633 1034 1673 QVJT
1055 1633 1359 1667 TRECENTIES.
1384 1652 1427 1656 —-
1453 1634 1502 1667 Ni
1525 1635 1577 1666 sic
1601 1635 1654 1674 se-

918 1680 1048 1713 0133οΜ
1063 1679 1147 1723 cet]
1164 1679 1436 1714 Huiuscemodi
1450 1680 1655 1714 multarum

918 1727 1169 1771 irrogationes
1202 1727 1303 1761 haud
1338 1738 1422 1761 raro
1452 1728 1492 1760 in
1527 1727 1654 1772 sepul-

918 1783 1067 1807 crorum
1102 1774 1223 1807 titulis
1257 1772 1500 1819 rep‘eriuntur
1530 1775 1590 1808 his
1617 1778 1654 1809 et

918 1820 1106 1855 similibus
1138 1821 1310 1856 formulis
1345 1825 1571 1865 conceptae:
1607 1824 1656 1856 SI

920 1867 1026 1909 QVIS
1051 1869 1150 1902 Hoc
1163 1870 1444 1904 SEPVLCRVM
1460 1871 1548 1903 VEL
1563 1870 1654 1903 ΜΟ-

917 1917 1193 1951 NUMENTVM
1248 1918 1347 1951 CVM
1376 1910 1653 1950 ‘AEDIFICIO

920 1964 1157 1997 VNIVERSO
1186 1965 1413 1997 VENDERE
1450 1965 1537 1997 VEL
1570 1965 1653 1997 Do-

917 2011 1052 2043 NARE
1105 2011 1344 2044 VOLVERH'
1386 2012 1521 2044 DARE
1570 2013 1652 2044 DA-

916 2058 1047 2091 MNAS
1070 2059 1187 2091 ESTO
1219 2059 1441 2091 AERARIO
1476 2059 1656 2091 POPVLI

917 2104 1115 2138 ROMANI
1132 2106 1205 2137 Hs.
1225 2106 1262 2137 L.
1280 2107 1330 2139 M.
1349 2106 1394 2139 N.
1412 2106 1539 2139 ITEM
1555 2106 1591 2137 V
1617 2106 1652 2138 V.

918 2149 934 2189 (
945 2151 1148 2190 Viroim‘bus
1178 2152 1398 2194 Vestalibus)
1432 2153 1505 2185 HS.
1536 2153 1575 2184 L.
1601 2153 1654 2187 M.

918 2198 962 2230 Ν.
1013 2196 1182 2241 (Inscrip
1186 2199 1226 2230 tt.
1261 2208 1307 2231 m.
1341 2197 1423 2231 Lat.
1457 2198 1498 2231 T.
1530 2198 1579 2231 Π.
1614 2210 1652 2243 p.

918 2243 1014 2285 290.)
1039 2242 1138 2277 Hinc
1164 2244 1263 2288 apud
1281 2244 1477 2279 Horatium
1499 2247 1654 2280 damna-

990 2290 1208 2336 „obligatist‘
1238 2311 1281 2315 —
1306 2296 1478 2326 cemum-
1496 2293 1653 2337 -paria1

919 2337 984 2381 qui
1002 2340 1084 2371 erat
1100 2348 1279 2373 numerus
1300 2340 1484 2374 immanis.
1503 2359 1546 2363 —
1566 2350 1653 2381 epu-

920 2385 995 2417 lum
1012 2386 1164 2418 arbitrio
1182 2386 1285 2429 Arri]
1309 2387 1451 2430 populo
1475 2386 1652 2421 dandum.

918 2431 961 2471 Q.
978 2431 1125 2474 Arrius,
1144 2432 1339 2467 Ciceronis
1356 2434 1566 2475 familiaris,
1592 2445 1651 2467 ce-

918 2478 1209 2513 lebratissimum
1234 2480 1388 2525 epulum
1419 2481 1578 2514 funebre
1611 2481 1651 2514 in

917 2526 1098 2560 honorem
1122 2528 1240 2570 patris
1265 2528 1406 2571 populo
1431 2527 1534 2561 dedit
1552 2529 1651 2561 circa

917 2583 949 2605 a.
968 2574 1047 2606 695.
1075 2573 1151 2607 Cic.
1170 2574 1211 2607 in
1228 2574 1354 2608 Vatin.
1376 2576 1416 2607 12
1440 2585 1515 2618 sq.;
1542 2574 1650 2608 cuius

917 2619 986 2652 filii
1020 2622 1062 2653 ut
1093 2621 1242 2665 prodigi
1276 2624 1484 2665 carpuntur
1510 2631 1543 2653 v.
1570 2622 1650 2654 243.

918 2665 1199 2702 Gladiatoribus
1237 2672 1274 2701 et
1315 2668 1426 2711 epulo
1469 2668 1649 2702 accedere
