1774 2930
152 170 246 212 2342

629 171 837 206 HORATH
859 171 1208 207 EPISTOLARUM

279 269 493 325 Carmina,
526 285 636 328 quae
666 271 836 328 possint
867 272 1011 314 oculos
1043 287 1254 330 auresque
1284 275 1440 317 morari

280 341 502 397 ansaris3
536 345 680 385 oratus
710 343 846 385 multa
874 357 1015 400 prece,
1046 344 1185 387 nitere
1214 349 1355 402 porro.
1470 331 1473 333 ’

278 412 414 466 Vade,
445 413 554 467 vale,
587 427 690 457 cave
720 428 775 456 ne
804 414 965 457 titubes
997 415 1280 472 mandataque
1311 416 1498 473 frangas.

667 615 1003 659 EPISTOLA
1033 616 1177 660 XIV.

277 697 416 740 Vilice
449 698 653 739 silvarum
684 702 727 740 et
756 698 861 740 mihi
892 712 961 740 me
991 698 1210 741 reddentis
1243 699 1395 755 agelli,

257 805 312 837 18.
338 805 468 838 nitere.
490 812 604 846 porro
628 806 720 839 Vade
744 803 942 838 Bentleius
969 804 1096 847 tacite,
1120 805 1280 840 fortasse
1307 812 1353 840 ex
1376 816 1479 840 mero
1503 816 1633 850 opera-

209 862 292 884 rum
318 861 460 885 errore.
489 871 531 875 -
560 851 634 885 ΕΡ.
659 851 758 885 XIV.
787 853 817 884 1.
860 853 969 885 Vilice
997 852 1132 897 scripsi
1160 863 1243 886 cum
1267 852 1311 895 E,
1336 855 1378 886 ut
1403 855 1462 888 est
1485 863 1632 898 semper

208 898 244 931 in
272 898 463 943 Inscriptt.

159 993 316 1037 gloriari
348 1003 472 1038 neque
498 1003 556 1027 me
581 993 682 1037 apud
711 1004 804 1037 quos
829 994 896 1026 mi-

159 1039 260 1074 nime
295 1041 471 1074 convenit
507 1040 768 1085 intempestive
802 1051 824 1074 a
860 1043 895 1074 te

159 1087 319 1122 laudari.
324 1088 340 1106 ‘⁴
379 1087 599 1133 Asyndeton
625 1091 751 1122 autem
778 1087 894 1121 Codd.

159 1145 327 1169 meorum
345 1143 391 1168 ne
407 1144 539 1168 narres
556 1138 642 1179 post
664 1135 791 1169 futura
817 1138 896 1168 ute-

128 1197 138 1209 r
159 1183 229 1223 ris,
261 1184 424 1216 servabis
455 1183 579 1227 aptius
603 1182 752 1216 videtur
783 1193 896 1227 quam

159 1231 218 1263 vel
252 1238 323 1263 neu
355 1230 415 1263 vel
447 1238 513 1262 nec
547 1238 688 1263 narres.
716 1248 759 1253 —
785 1230 896 1263 suda-

158 1276 265 1320 visse]
302 1276 405 1310 Nihil
437 1277 550 1310 habet
579 1277 718 1322 ingrati
746 1279 810 1311 aut
834 1288 898 1310 ru-

161 1324 269 1367 stici,
301 1327 343 1358 ut
367 1324 490 1358 visum
516 1327 573 1358 est
597 1324 815 1367 nonnullis3
848 1324 897 1357 si-

161 1371 313 1416 quidem
340 1372 437 1405 nihil
459 1371 564 1405 aliud
587 1372 659 1405 nisi
678 1371 826 1405 itineris
845 1375 898 1405 at-

161 1429 235 1463 que
278 1419 404 1453 oneris
446 1419 654 1453 molestiam
697 1418 896 1464 significat.

161 1466 224 1500 Sic
251 1466 328 1500 Cic.
355 1467 401 1501 ad
433 1466 535 1500 Fam.
561 1469 602 1507 3,
631 1469 692 1508 12,
719 1467 767 1499 3:
796 1467 897 1500 Vides

159 1516 295 1547 sudare
325 1522 382 1547 me
412 1515 627 1547 iamdudum
660 1515 897 1556 laborantem,

162 1562 340 1602 quomodo
367 1570 411 1594 ea
437 1564 554 1603 tuear,
592 1570 687 1602 quae
719 1562 809 1594 mihi
841 1563 897 1594 tu-

149 1610 255 1642 2enda
272 1612 368 1642 sunt.
387 1627 434 1632 -—
451 1610 573 1642 oculos
592 1608 786 1651 auresque]
813 1617 897 1642 ocu-

164 1657 215 1689 los
249 1656 429 1701 legentis,
467 1665 576 1689 aures
610 1655 656 1689 ab
690 1658 899 1701 anagnosta

161 1703 318 1737 recitata
349 1703 558 1747 audientis3
597 1703 672 1737 nisi
699 1713 787 1737 vero
815 1703 897 1737 sine

162 1750 231 1784 hoc
257 1750 475 1784 discrimine
506 1762 574 1795 per
598 1750 791 1795 proverbii
822 1761 899 1783 mo·

160 1798 249 1831 dum
281 1797 423 1831 dictum
455 1801 522 1831 est.
550 1816 593 1820 —
620 1797 780 1840 morari]
819 1798 898 1831 Mo-

159 1847 295 1878 rantur
335 1855 423 1887 nos,
466 1855 562 1888 quae
604 1844 804 1878 delectant.
853 1843 897 1877 A.

212 1942 266 1973 18.
317 1941 373 1973 19.
427 1942 552 1972 oratus
600 1939 718 1971 multa
764 1937 898 1980 prece]

164 1986 331 2029 „Quodsi
359 1986 488 2020 multis
514 1985 626 2020 etiam
651 1985 828 2030 precibus
854 1985 899 2018 il-

162 2033 339 2068 liusmodi
364 2034 536 2067 homines
562 2036 598 2067 te
626 2033 833 2074 oraverint,
858 2035 900 2066 ut

163 2081 253 2126 quid
277 2081 448 2126 Augusto
475 2083 650 2126 apportes
685 2080 757 2114 sibi
784 2080 899 2122 dicas,

163 2131 203 2163 tu
238 2129 317 2163 noli
351 2129 490 2173 loquax
523 2139 623 2171 esse,
658 2128 722 2162 sed
755 2138 830 2172 quo
863 2130 898 2161 te

161 2176 257 2210 iussi
296 2177 476 2210 continuo
515 2186 649 2220 perge,
692 2175 812 2209 donec
853 2174 900 2208 ad

162 2224 286 2268 ipsum
324 2226 359 2258 te
396 2223 568 2257 admittat
604 2222 819 2257 ‹=stiarius.“
855 2241 898 2246 ——-

162 2272 277 2305 nitere
299 2271 436 2313 porro]
473 2271 651 2304 schiebe
677 2271 773 2303 dicte
797 2278 898 2302 vor-

163 2319 308 2352 wa'rts.
347 2318 409 2352 Sic
434 2321 475 2352 ut
499 2318 699 2362 iungamus
726 2320 764 2351 et
792 2320 899 2350 tenor

164 2365 342 2399 versiculi
368 2365 532 2410 requirit
557 2368 594 2398 et
625 2364 742 2410 magis
775 2364 899 2406 etiam,

165 2412 265 2458 quod
283 2424 317 2447 v.
336 2415 450 2446 nitere
477 2422 552 2446 non
577 2412 703 2446 addito
722 2412 898 2445 adverbio

165 2470 278 2495 sensu
307 2460 598 2503 caret—cave]
626 2460 757 2493 ultima
782 2459 898 2493 brevi.

165 2507 249 2541 vid.
275 2507 321 2541 ad
349 2506 424 2541 Sat.
451 2509 491 2548 2,
516 2508 558 2548 3,
585 2508 641 2540 38.
668 2525 711 2530 —
737 2516 783 2540 ne
815 2508 899 2539 titu-

165 2556 223 2589 bes
249 2554 333 2598 cet.]
361 2553 504 2597 „Cave‚
542 2564 590 2587 ne
627 2565 694 2597 per
731 2564 898 2588 errorem

165 2602 280 2637 animi
306 2602 411 2646 pravi
438 2600 645 2645 quidquam
672 2602 712 2634 in
738 2601 809 2635 hoc
834 2611 899 2634 ne-

165 2650 265 2695 gotio
284 2648 491 2683 committas
516 2658 560 2681 ac
577 2651 779 2692 propterea
803 2648 898 2682 male

166 2697 383 2741 exsequaris
408 2695 583 2730 mandata
607 2696 736 2739 mea;“
763 2696 899 2741 {quem-

165 2743 363 2778 admodum
401 2743 561 2777 dicimus
598 2744 743 2785 soedus,
781 2744 898 2785 fidem,

943 994 1043 1035 iura,
1072 995 1165 1035 τερος
1189 996 1374 1036 sranqere.
1406 994 1454 1028 Et
1469 1005 1504 1028 v.
1521 996 1680 1029 titubare

944 1041 1047 1074 haud
1073 1052 1159 1075 raro
1185 1044 1391 1086 usurpatur
1415 1053 1485 1086 pro
1503 1053 1534 1075 v.
1555 1053 1680 1084 „erro-

944 1099 1023 1122 rem
1048 1089 1314 1131 committere“,
1339 1091 1382 1122 ut
1403 1089 1525 1123 Plaut.
1543 1089 1679 1123 Pseud.

944 1137 978 1177 4,
1006 1138 1037 1177 1,
1063 1137 1132 1168 32:
1156 1137 1200 1168 At
1224 1137 1307 1170 vide
1331 1145 1376 1170 ne
1401 1137 1543 1179 titubes,
1574 1138 1679 1178 „dass

945 1183 994 1216 du
1011 1184 1128 1216 nichts
1144 1183 1353 1217 versiehst.“
1381 1183 1530 1217 Terent.
1545 1183 1678 1218 Heaut.

946 1231 986 1271 2,
1013 1232 1053 1272 3,
1082 1232 1172 1263 120:
1212 1230 1320 1264 cnm.
1372 1232 1502 1264 Verum
1532 1232 1604 1264 illa
1635 1240 1679 1264 ne

947 1278 1034 1317 quid
1059 1278 1196 1310 titubet.
1223 1277 1286 1311 SY.
1325 1279 1534 1311 Perdoctast
1556 1279 1679 1319 probe.

945 1323 1057 1358 Haud
1073 1324 1210 1358 inscite
1227 1324 1398 1358 Diintzer
1421 1327 1538 1367 notat,
1562 1324 1681 1358 Hora-

946 1371 1040 1405 tium
1065 1372 1237 1416 proprias
1255 1382 1342 1406 suas
1360 1372 1606 1417 cogitationes
1629 1372 1681 1406 fe-

947 1419 1052 1452 stivis
1078 1419 1137 1453 his
1162 1418 1347 1453 mandatis
1373 1419 1489 1453 veluti
1514 1419 1680 1462 velass03

947 1465 1088 1511 quippe
1103 1465 1169 1511 qui
1184 1466 1397 1511 significare
1410 1467 1583 1509 voluerit,
1598 1477 1680 1500 sese

945 1513 1128 1558 poematis
1154 1515 1233 1548 suis
1252 1514 1423 1559 Augusto
1447 1514 1572 1548 missis
1597 1513 1682 1547 nul-

946 1561 1020 1595 lam
1038 1561 1189 1595 omnino
1215 1561 1423 1595 molestiam
1441 1560 1580 1595 fautori
1598 1570 1681 1603 ope-

945 1616 990 1641 ra
1015 1610 1220 1642 vehemente
1246 1608 1595 1651 (Zudrinqlichkeil)
1621 1619 1682 1642 ex-

946 1655 1077 1689 hibere
1102 1656 1211 1699 velle,
1245 1656 1354 1700 quasi
1379 1667 1462 1690 eum
1489 1655 1535 1689 ad
1561 1666 1604 1688 ea
1630 1655 1682 1688 le-

947 1702 1069 1747 genda
1088 1705 1240 1748 cogeret
1264 1706 1430 1746 tempore
1457 1703 1530 1747 ipsi
1555 1702 1680 1735 minus

947 1752 1170 1794 opportuno.

993 1795 1093 1829 XIV.
1137 1796 1301 1830 Vilicum
1326 1796 1507 1830 Horatius
1531 1796 1681 1830 videtur

945 1843 1210 1887 praeposuisse
1247 1843 1386 1877 Sabino
1425 1853 1492 1877 suo
1532 1854 1578 1878 ex
1613 1843 1681 1877 illo

946 1891 1028 1935 ipso
1061 1890 1255 1924 hominum
1287 1901 1445 1936 genere,
1483 1891 1584 1935 quod
1618 1890 1682 1924 do-

946 1937 1060 1971 minis
1086 1937 1279 1972 dissuadet
1304 1937 1513 1971 Columella
1539 1940 1570 1979 1,
1589 1940 1620 1979 8,
1641 1940 1680 1971 1:

946 1987 1182 2027 praemoneo,
1203 1994 1248 2019 ne
1263 1986 1412 2018 vilicum
1430 1993 1475 2019 ea:
1490 1993 1532 2018 eo
1551 1993 1680 2026 uenere.

947 2041 1154 2074 servorum,
1189 2034 1252 2073 qui
1276 2041 1426 2074 corpore
1448 2033 1680 2074 placuerunt,

946 2081 1200 2120 instituamus‚·
1232 2089 1277 2113 ne
1309 2089 1356 2114 ex
1387 2088 1427 2113 eo
1453 2080 1599 2120 quidem
1622 2087 1683 2112 or-

948 2128 1044 2170 dine,
1074 2128 1137 2168 qui
1160 2128 1326 2160 urbanas
1350 2135 1395 2160 ae
1419 2127 1595 2160 delicatas
1619 2134 1681 2160 ar-

948 2177 999 2207 tes
1026 2176 1239 2208 eaeercuerit.
1287 2175 1413 2208 Socors
1439 2176 1472 2207 et
1503 2174 1681 2207 somnicu-

950 2222 1065 2255 losum
1090 2230 1202 2263 oenus
1225 2223 1265 2255 id
1283 2222 1562 2264 mancipiorum,
1583 2222 1680 2263 otiis,

948 2277 1087 2311 campo,
1113 2270 1220 2310 circo,
1246 2269 1412 2310 theat-ris,
1440 2269 1554 2311 aleae,
1577 2269 1681 2309 popi-

947 2325 1033 2356 nae,
1061 2317 1299 2358 lupanaribus
1331 2317 1557 2358 consuetum,
1587 2323 1682 2348 nun-

947 2372 1059 2404 quam
1082 2372 1156 2396 non
1173 2365 1319 2396 easdem
1340 2363 1499 2404 ineptias
1513 2363 1682 2396 somniat.

946 2410 1024 2444 Iam
1050 2410 1122 2445 ioci
1150 2420 1264 2444 causa
1289 2409 1397 2455 fingit
1423 2420 1462 2443 se
1484 2420 1591 2443 servo
1617 2408 1680 2443 isti

947 2468 1120 2503 nequam,
1145 2468 1306 2498 moroso,
1332 2457 1469 2499 bibaci,
1491 2456 1532 2490 in
1550 2456 1680 2490 urbem

947 2505 1087 2539 reverti
1129 2504 1294 2549 cupienti
1336 2505 1434 2538 hanc
1474 2503 1680 2548 Epistolam

948 2552 1114 2594 mittere,
1152 2562 1228 2596 qua
1263 2552 1343 2585 ruri
1381 2551 1416 2585 ei
1454 2549 1681 2584 manendum

949 2610 1031 2634 esse
1058 2599 1263 2644 significet·
1288 2610 1330 2632 re
1349 2608 1437 2632 vera
1460 2599 1585 2632 autem
1612 2597 1681 2631 hac

949 2646 1244 2691 scriptiuncula,
1283 2655 1392 2690 quam
1430 2644 1564 2678 vilicus
1598 2643 1680 2688 ipse

947 2695 1009 2728 vix
1055 2704 1221 2748 unquam
1262 2692 1374 2735 vidit,
1422 2691 1681 2726 demonstrare

947 2741 1069 2776 voluit
1092 2740 1236 2785 iniquis
1263 2739 1354 2782 suis,
1381 2739 1448 2784 qui
1466 2739 1503 2773 ei
1527 2740 1680 2783 propter
