1786 2912
177 145 232 186 54

676 143 885 178 HORATII
911 143 1196 178 SATIRARUM

292 244 478 301 Fingere
510 245 582 302 qui
613 259 699 287 non
729 245 823 287 visa
852 248 1015 301 potest,
1049 245 1276 287 commissa
1305 249 1448 288 tacere

295 315 379 364 Qui
400 316 572 372 nequit:
604 316 676 358 1110
697 316 819 371 niger
840 319 920 370 est,

951 316 1065 358 hunc
1086 319 1147 370 tu,
1168 315 1378 370 Romane,
1411 320 1572 359 caveto.
1636 318 1693 360 85

295 386 435 443 Saepe
465 387 603 429 tribus
634 387 756 429 lectis
787 386 935 429 videas
968 400 1121 429 cenare
1153 390 1402 443 quaternos,

293 457 330 501 E
364 458 517 514 quibus
550 472 661 499 unus
693 461 808 500 amet
839 458 988 514 quavis
1021 457 1280 514 adspergere
1311 462 1484 501 cunctos

293 528 472 571 Praeter
494 543 605 582 011111,
629 528 701 584 qui
724 529 902 585 praebet
925 543 1097 585 aquam3
1120 532 1218 585 post
1238 529 1352 572 hunc
1373 544 1543 587 quoque
1564 534 1693 587 potus

295 599 480 642 Condita
510 614 606 642 011111
636 614 769 642 verax
801 600 938 656 aperit
969 600 1219 656 praecordia
1247 600 1393 643 Liber.

293 670 378 713 Hic
407 671 487 713 tibi
519 671 650 713 comis
684 675 727 713 et
757 671 943 713 urbanus
975 671 1169 727 liberque
1199 671 1386 726 videtur,

1635 673 1703 714 90·

271 808 328 840 87.
353 807 445 840 imus
472 817 491 840 e
511 806 625 840 Oodd.
653 807 778 849 (etiam
795 806 969 840 Pottierii
996 807 1133 849 tribus)
1159 807 1201 840 F.
1221 826 1263 830 —
1283 809 1379 841 amet
1406 817 1490 841 011111
1515 810 1644 842 vetere

222 854 423 888 Blandinio
448 854 664 888 Bentleius:
699 857 780 887 avet
805 853 929 898 bScdp
956 856 994 888 et
1020 865 1168 897 omnes,
1201 857 1244 888 ut
1267 854 1435 897 videtur,
1461 855 1644 898 Pottierii,

224 901 313 935 item
338 900 495 935 LCtFM.
522 921 565 925 —
593 903 648 935 88.
675 902 738 942 qui
759 903 922 945 praebet,
949 910 1048 942 aqua
1072 901 1342 947 Pantagathus,
1366 901 1549 936 Muretus.

177 1010 450 1057 γελωτοποιός,
499 1013 566 1058 qui
612 1014 805 1047 hominum
849 1024 909 1047 ca-

178 1061 336 1095 chinnos
354 1072 502 1095 movere
522 1061 659 1095 studet.
673 1062 789 1094 —hic
806 1062 909 1102 niver

178 1108 249 1151 est]
277 1109 360 1151 „hic
387 1110 443 1142 est
468 1108 650 1153 improbis
676 1108 845 1142 moribus
873 1110 908 1142 et

176 1155 319 1200 perfido
354 1156 520 1200 ingenio.
526 1156 542 1173 ‘⁴
594 1155 720 1189 Alexis
753 1155 792 1188 in
818 1155 909 1189 Mei-

177 1202 279 1237 nekii
314 1203 373 1236 Fr.
409 1203 508 1237 Com.
541 1202 607 1236 111.
640 1214 676 1247 p.
711 1204 801 1237 433:
844 1202 910 1235 Δύ’

176 1250 276 1290 ἐστι’,
302 1250 528 1291 Ναυσίνικε,
561 1252 780 1297 παοασίτων
806 1252 908 1294 γένη·

179 1293 248 1331 ‘'Ev
284 1298 354 1340 μὲν
388 1295 432 1330 τὸ
463 1295 597 1331 κοινὸν
630 1299 696 1330 καὶ
728 1308 910 1343 κεκωμω-

177 1343 354 1388 δημένον
381 1346 427 1377 Οἱ
453 1357 494 1378 ιι
483 1344 609 1386 λανες
627 1342 747 1388 ἡμεῖς.
776 1334 908 1379 Cicero

178 1403 246 1447 pro
282 1391 388 1426 Caec.
430 1395 490 1435 10,
529 1394 592 1426 27:
633 1394 714 1426 Seoe.
755 1393 908 1434 Clodius,

178 1441 236 1472 cui
261 1448 390 1473 nomen
416 1442 464 1472 est
491 1441 673 1481 Phormio,
700 1449 765 1472 uec
790 1441 909 1472 minus

178 1488 282 1528 niqer
315 1496 380 1520 nec
413 1488 531 1519 minus
566 1488 762 1528 confidens,
799 1495 911 1527 quam

177 1534 240 1567 ille
278 1535 518 1567 Terentianus
557 1536 606 1566 est
645 1535 825 1566 Phormio,
866 1553 908 1556 —

178 1581 355 1623 Romane]
383 1581 461 1623 „vir
480 1581 610 1625 probe,
636 1583 678 1613 ut
701 1580 809 1614 decet
827 1591 910 1614 esse

177 1627 420 1662 Romanum.“
439 1647 487 1652 —-
505 1629 618 1661 tribus
647 1628 758 1671 lectis]
786 1627 909 1670 „Duo-

178 1675 299 1709 decim
331 1675 502 1709 homines
534 1675 573 1708 in
600 1675 789 1717 triclinio,
823 1684 909 1708 nam

179 1722 266 1756 inde
293 1722 502 1756 triclinium
528 1722 669 1755 dictum
695 1725 763 1764 est,
790 1722 869 1755 scil.
888 1733 910 1755 a

180 1770 302 1804 tribus
338 1770 478 1803 lectis.“
525 1769 652 1803 COMM.
679 1769 744 1803 GR.
771 1769 909 1803 Lectus

178 1817 287 1859 imus,
314 1817 471 1859 medius,
499 1827 676 1850 summus.
719 1816 813 1850 Vide
839 1817 910 1849 Ex-

181 1874 332 1898 cursum
365 1864 413 1898 ad
441 1863 514 1898 Sat.
542 1866 580 1905 2,
607 1866 639 1906 8,
667 1865 723 1897 20.
751 1884 793 1887 —
821 1873 911 1904 qua-

179 1911 313 1954 ternos]
341 1910 512 1945 Summus
538 1912 598 1944 hic
624 1922 804 1945 numerus
831 1918 911 1944 erat

179 1959 278 2003 apud
302 1959 474 1992 homines
500 1959 762 2003 elegantiores.
812 1958 928 1991 Hinc'

181 2006 256 2040 Cic.
290 2007 329 2039 in
363 2006 438 2039 Pis.
474 2008 537 2048 27,
572 2008 629 2039 67.
664 2006 718 2040 sic
751 2007 790 2038 in
826 2017 909 2038 eum

180 2053 391 2087 invehitur:
427 2054 558 2087 Graeci
582 2054 718 2095 stipati,
745 2054 847 2093 quini
872 2055 911 2086 iu

182 2102 338 2142 lectulis,
375 2110 481 2142 saepe
512 2101 659 2142 plures‚·
699 2101 774 2142 ipse
811 2101 910 2133 solus

181 2151 249 2181 cet.
270 2168 311 2171 —
331 2147 439 2190 unus]
468 2148 522 2190 „si
548 2158 623 2181 non
642 2147 784 2191 plures,
810 2158 909 2181 unus

181 2195 312 2229 saltem
347 2205 497 2237 scurra,
533 2206 643 2239 quem
678 2195 780 2228 dives
807 2206 909 2228 men-

181 2253 242 2276 sae
291 2242 471 2276 adhibere
513 2242 627 2284 solet,
675 2245 718 2275 ut
765 2242 909 2284 habeat,

181 2289 290 2323 cuius
325 2289 419 2323 iocis
454 2300 492 2323 se
528 2289 777 2333 convivasque
809 2289 909 2323 dele-

182 2337 290 2370 ctet.“
318 2336 496 2380 Speciosa
521 2339 578 2370 est
603 2336 714 2369 lectio
739 2338 842 2379 imus,
870 2340 910 2369 ut

182 2384 256 2418 Sat.
292 2385 324 2426 2,
350 2385 383 2426 8,
409 2385 472 2416 4οε
506 2385 572 2416 imi
606 2384 783 2416 convivae
819 2385 909 2417 lecti.

179 2430 272 2476 Epp.
301 2433 333 2473 1,
360 2432 415 2472 18,
445 2433 505 2463 10:
538 2432 604 2463 imi
634 2432 783 2464 Derisor
819 2433 910 2464 lecti..

180 2478 339 2520 Verum,
365 2480 407 2511 ut
431 2479 532 2511 recte
559 2477 706 2511 dicatur
731 2479 823 2510 imus
849 2479 913 2510 imi

184 2527 264 2559 lecti
305 2526 454 2559 conviw
498 2524 657 2566 (Petron
703 2526 764 2557 38:
815 2526 912 2558 Vides

182 2568 297 2615 illum,
325 2573 388 2614 qui
410 2573 450 2604 in
474 2573 543 2604 imo
569 2573 661 2604 imus
686 2573 909 2614 νει-1111111119),

181 2616 326 2666 ἄκυρον
352 2622 474 2653 tamen
494 2618 642 2652 videtur
669 2629 784 2651 unum
812 2619 910 2652 inter

183 2671 258 2702 tres
286 2667 398 2700 trium
416 2667 600 2700 lectorum
619 2665 713 2700 imos
732 2665 910 2710 simplici-

184 2718 240 2748 ter
268 2716 378 2747 imum
403 2713 488 2748 dici.
507 2732 552 2738 —
578 2712 687 2755 amet]
714 2723 789 2746 non
817 2715 909 2755 avet,

957 1014 1166 1057 requiritur
1192 1024 1214 1048 a
1239 1014 1356 1048 totius
1383 1014 1576 1049 clausulae
1604 1025 1693 1048 0011-
1759 1026 1764 1032 ·

958 1061 1184 1103 structione,
1241 1071 1311 1095 1100
1361 1061 1534 1096 subsistit
1581 1063 1695 1096 homo

958 1108 1112 1141 mordax
1124 1109 1164 1141 in
1184 1109 1265 1143 sola
1283 1109 1487 1153 cupiditate
1501 1109 1597 1143 alios
1612 1120 1694 1143 car-

957 1154 1085 1199 pendi,
1105 1155 1206 1199 quod
1221 1167 1338 1189 unum
1356 1155 1456 1190 inest
1469 1156 1509 1189 in
1523 1167 1555 1190 v.
1571 1165 1691 1190 avere.

958 1202 1166 1236 Verissime
1191 1203 1410 1237 Bentleius:
1452 1203 1573 1245 „Quid
1600 1206 1691 1245 tum,

959 1249 991 1284 si
1026 1252 1106 1283 avet
1141 1251 1366 1295 aspergere?
1415 1249 1525 1284 Modo
1558 1261 1693 1295 reapse

958 1307 1034 1331 non
1062 1299 1247 1342 aspergat,
1273 1297 1371 1331 nihil
1397 1300 1463 1339 est,
1490 1307 1556 1331 cur
1582 1299 1695 1331 comis

959 1347 992 1377 et
1002 1345 1167 1377 urbanus
1179 1345 1340 1385 liberque
1350 1345 1530 1378 videatur.
1542 1345 1695 1384 Quanto

958 1391 1080 1425 maius
1114 1394 1151 1425 et
1185 1391 1481 1436 significantius,
1516 1391 1618 1436 quod
1651 1391 1692 1425 111

959 1441 1083 1473 vetere
1097 1438 1300 1473 Blandinio
1313 1441 1444 1482 exstat,
1457 1442 1553 1472 amet
1567 1448 1693 1481 asper-

959 1488 1068 1527 qere?
1093 1486 1133 1519 id
1152 1489 1220 1527 est,
1244 1487 1372 1528 soleat,
1398 1497 1466 1530 pro
1494 1497 1570 1530 quo
1596 1486 1693 1520 illud

959 1542 1004 1565 av
1009 1535 1041 1566 et
1056 1533 1278 1577 languidum
1288 1533 1400 1587 plane
1415 1536 1452 1567 et
1462 1533 1586 1567 debile
1600 1536 1668 1567 est.
1674 1533 1692 1551 ‘⁶

960 1598 1003 1602 ——
1023 1579 1166 1622 quavis]
1185 1590 1260 1613 non
1280 1581 1408 1620 quavis
1427 1589 1538 1623 aqua,
1556 1583 1598 1614 ut
1615 1581 1696 1614 volt

958 1626 1051 1668 Fea,
1101 1626 1166 1660 sed
1209 1629 1283 1660 est:
1334 1628 1489 1671 „quavis
1531 1627 1692 1668 ratione,

957 1673 1068 1707 modo
1094 1673 1246 1716 festive,
1273 1674 1383 1708 modo
1408 1674 1623 1718 petulanter
1648 1685 1692 1708 ac

959 1721 1150 1764 rustice;“
1195 1731 1252 1765 pr.
1293 1723 1411 1754 nach
1445 1723 1695 1763 jeqlicher

958 1770 1195 1809 Richtunq
1237 1769 1325 1802 hin.
1364 1787 1406 1792 —-
1451 1769 1691 1812 adsperqere]

962 1816 1093 1856 „salsis
1121 1814 1232 1849 dictis
1252 1826 1407 1860 carpere
1424 1818 1462 1849 et
1478 1816 1691 1850 vellicare.¹‘

961 1863 1035 1896 Cic.
1062 1862 1108 1896 ad
1134 1862 1234 1896 Fam.
1268 1865 1308 1905 6,
1335 1866 1375 1906 6,
1401 1865 1442 1896 9:
1475 1865 1535 1897 Ex
1570 1864 1693 1897 eodem

958 1911 1058 1951 sonte
1074 1919 1112 1943 se
1131 1911 1350 1943 hausturum
1374 1911 1547 1952 intelliqit
1566 1912 1694 1945 laudes

958 1966 1062 1999 suas,
1103 1967 1120 1990 e
1146 1966 1217 1998 quo
1250 1958 1296 1990 sit
1333 1959 1461 1991 leviter
1485 1959 1690 1999 adspersus.

960 2004 1076 2038 Tacit.
1112 2004 1208 2038 Hist.
1237 2007 1268 2047 1,
1294 2006 1358 2037 48:
1399 2005 1693 2046 servili-probro

959 2060 1142 2093 respersus
1178 2054 1239 2085 est.
1267 2051 1329 2085 Sic
1355 2050 1418 2085 Gr.
1446 2048 1597 2085 πλύνειν
1621 2062 1691 2096 pro

959 2098 1156 2146 λοιδορεῖν.
1184 2118 1227 2123 --
1255 2100 1318 2140 qui
1347 2100 1499 2140 praebet
1532 2099 1692 2143 aquam]

959 2146 1092 2180 festiva
1126 2146 1391 2180 extenuatione
1424 2156 1493 2191 pro
1520 2146 1694 2180 conviva-

959 2196 1049 2236 tore,
1069 2195 1177 2238 quasi
1195 2204 1285 2227 vero
1305 2193 1400 2227 nihil
1414 2192 1518 2227 aliud
1535 2193 1568 2227 is
1585 2204 1693 2238 prae-

960 2241 1066 2275 beret
1091 2241 1166 2275 nisi
1191 2252 1326 2285 aquam
1352 2240 1487 2284 partim
1505 2240 1550 2274 ad
1575 2240 1694 2284 pedes

960 2288 1138 2322 lavandos
1174 2288 1316 2330 (Plaut.
1351 2287 1455 2321 Pers.
1488 2289 1529 2329 5,
1555 2289 1596 2330 2,
1625 2289 1691 2321 14:

959 2337 1064 2369 Ferte
1090 2344 1228 2376 aquam
1250 2336 1412 2376 pedibus.
1447 2336 1615 2367 Praebere
1640 2337 1692 2377 tu,

955 2383 1119 2426 puere?),
1145 2382 1280 2426 partim
1308 2384 1344 2415 et
1366 2381 1541 2426 frigidam
1567 2384 1606 2415 et
1631 2391 1692 2415 ca-

961 2430 1074 2463 lidam
1093 2430 1139 2463 ad
1165 2429 1382 2463 bibendum.
1409 2428 1483 2462 Sat.
1510 2430 1543 2471 2,
1570 2429 1602 2470 2,
1627 2429 1693 2462 68:

960 2486 1025 2510 nec
1049 2478 1100 2510 sic
1123 2480 1163 2509 ut
1187 2477 1342 2518 simplest:
1358 2477 1520 2510 Naevius
1543 2478 1693 2509 unctam

962 2525 1125 2557 Convivis
1155 2525 1343 2564 praebebit
1368 2531 1515 2564 aquam.
1540 2541 1587 2546 —
1609 2525 1691 2564 post

963 2573 1146 2614 „postea.“
1164 2590 1206 2593 —
1225 2569 1514 2615 veraoe--Libefl
1533 2569 1690 2603 Theoer.

961 2619 1016 2659 29,
1046 2621 1082 2650 1:
1118 2616 1240 2659 Οὶ-νος,
1267 2617 1297 2650 (ὅ
1325 2617 1414 2659 φίλε
1440 2620 1519 2658 παῖ,
1544 2615 1692 2660 λέγεται

961 2666 1026 2697 καὶ
1049 2661 1210 2697 ἀλάθεα.

1009 2714 1183 2746 90---104.
1229 2711 1339 2754 liber]
1389 2706 1694 2758 παρῥησιαστής.
