<?xml version="1.0" encoding="UTF-8"?>
<!DOCTYPE html PUBLIC "-//W3C//DTD XHTML 1.0 Transitional//EN"
    "http://www.w3.org/TR/xhtml1/DTD/xhtml1-transitional.dtd">
<html xmlns="http://www.w3.org/1999/xhtml" xml:lang="en" lang="en">
 <head>
  <title>
</title>
<meta http-equiv="Content-Type" content="text/html;charset=utf-8" />
  <meta name='ocr-system' content='tesseract 3.04.00' />
  <meta name='ocr-capabilities' content='ocr_page ocr_carea ocr_par ocr_line ocrx_word'/>
</head>
<body>
  <div class='ocr_page' id='page_1' title='image "./qhoratiusflaccus00horauoft_0549.png"; bbox 0 0 1774 2930; ppageno 0'>
   <div class='ocr_carea' id='block_1_1' title="bbox 0 25 6 1924">
    <p class='ocr_par' dir='ltr' id='par_1_1' title="bbox 0 25 6 1924">
     <span class='ocr_line' id='line_1_1' title="bbox 0 25 6 1924; baseline 0 0"><span class='ocrx_word' id='word_1_1' title='bbox 0 25 6 1924; x_wconf 95' lang='lat' dir='ltr'> </span> 
     </span>
    </p>
   </div>
   <div class='ocr_carea' id='block_1_2' title="bbox 0 2191 3 2722">
    <p class='ocr_par' dir='ltr' id='par_1_2' title="bbox 0 2191 3 2722">
     <span class='ocr_line' id='line_1_2' title="bbox 0 2191 3 2722; baseline 0 0"><span class='ocrx_word' id='word_1_2' title='bbox 0 2191 3 2722; x_wconf 95' lang='lat' dir='ltr'> </span> 
     </span>
    </p>
   </div>
   <div class='ocr_carea' id='block_1_3' title="bbox 707 159 1048 197">
    <p class='ocr_par' dir='ltr' id='par_1_3' title="bbox 707 159 1048 197">
     <span class='ocr_line' id='line_1_3' title="bbox 707 159 1048 197; baseline -0.009 0"><span class='ocrx_word' id='word_1_3' title='bbox 707 161 800 197; x_wconf 73' lang='lat' dir='ltr'>Ans</span> <span class='ocrx_word' id='word_1_4' title='bbox 823 159 1048 195; x_wconf 73' lang='lat' dir='ltr'>Pon‘l&#39;ch.</span> 
     </span>
    </p>
   </div>
   <div class='ocr_carea' id='block_1_4' title="bbox 1491 157 1632 198">
    <p class='ocr_par' dir='ltr' id='par_1_4' title="bbox 1491 157 1632 198">
     <span class='ocr_line' id='line_1_4' title="bbox 1491 157 1632 198; baseline -0.007 0"><span class='ocrx_word' id='word_1_5' title='bbox 1491 172 1497 178; x_wconf 84' lang='grc'><em>·</em></span> <span class='ocrx_word' id='word_1_6' title='bbox 1548 157 1632 198; x_wconf 87' lang='grc'><strong>541</strong></span> 
     </span>
    </p>
   </div>
   <div class='ocr_carea' id='block_1_5' title="bbox 242 258 1211 311">
    <p class='ocr_par' dir='ltr' id='par_1_5' title="bbox 242 258 1211 311">
     <span class='ocr_line' id='line_1_5' title="bbox 242 258 1211 311; baseline -0.008 -3"><span class='ocrx_word' id='word_1_7' title='bbox 242 265 333 308; x_wconf 81' lang='lat' dir='ltr'>Aut</span> <span class='ocrx_word' id='word_1_8' title='bbox 362 264 570 307; x_wconf 82' lang='lat' dir='ltr'>fanaticus</span> <span class='ocrx_word' id='word_1_9' title='bbox 603 275 720 306; x_wconf 88' lang='lat' dir='ltr'>error</span> <span class='ocrx_word' id='word_1_10' title='bbox 749 265 794 304; x_wconf 87' lang='lat' dir='ltr'>et</span> <span class='ocrx_word' id='word_1_11' title='bbox 823 259 1028 303; x_wconf 85' lang='lat' dir='ltr'>iracunda</span> <span class='ocrx_word' id='word_1_12' title='bbox 1053 258 1211 311; x_wconf 83' lang='lat' dir='ltr'>Diana,</span> 
     </span>
    </p>
   </div>
   <div class='ocr_carea' id='block_1_6' title="bbox 241 330 1372 389">
    <p class='ocr_par' dir='ltr' id='par_1_6' title="bbox 241 330 1372 389">
     <span class='ocr_line' id='line_1_6' title="bbox 241 330 1372 389; baseline -0.009 -10"><span class='ocrx_word' id='word_1_13' title='bbox 241 335 460 379; x_wconf 87' lang='lat' dir='ltr'>Vesanum</span> <span class='ocrx_word' id='word_1_14' title='bbox 490 334 686 389; x_wconf 87' lang='lat' dir='ltr'>tetigisse</span> <span class='ocrx_word' id='word_1_15' title='bbox 715 332 869 374; x_wconf 87' lang='lat' dir='ltr'>timent</span> <span class='ocrx_word' id='word_1_16' title='bbox 898 330 1151 386; x_wconf 82' lang='lat' dir='ltr'>fugiuntque</span> <span class='ocrx_word' id='word_1_17' title='bbox 1182 331 1372 385; x_wconf 72' lang='lat' dir='ltr'>poetam,</span> 
     </span>
    </p>
   </div>
   <div class='ocr_carea' id='block_1_7' title="bbox 1547 327 1636 368">
    <p class='ocr_par' dir='ltr' id='par_1_7' title="bbox 1547 327 1636 368">
     <span class='ocr_line' id='line_1_7' title="bbox 1547 327 1636 368; baseline 0.011 -1"><span class='ocrx_word' id='word_1_18' title='bbox 1547 327 1636 368; x_wconf 79' lang='lat'>455</span> 
     </span>
    </p>
   </div>
   <div class='ocr_carea' id='block_1_8' title="bbox 240 401 1450 673">
    <p class='ocr_par' dir='ltr' id='par_1_8' title="bbox 241 401 1450 530">
     <span class='ocr_line' id='line_1_8' title="bbox 243 401 1450 462; baseline -0.007 -14"><span class='ocrx_word' id='word_1_19' title='bbox 243 405 327 454; x_wconf 87' lang='lat' dir='ltr'>Qui</span> <span class='ocrx_word' id='word_1_20' title='bbox 358 406 551 462; x_wconf 85' lang='lat' dir='ltr'>sapiunt3</span> <span class='ocrx_word' id='word_1_21' title='bbox 583 404 747 460; x_wconf 84' lang='lat' dir='ltr'>agitant</span> <span class='ocrx_word' id='word_1_22' title='bbox 774 402 898 458; x_wconf 85' lang='lat' dir='ltr'>pueri</span> <span class='ocrx_word' id='word_1_23' title='bbox 927 401 1172 456; x_wconf 79' lang='lat' dir='ltr'>incautique</span> <span class='ocrx_word' id='word_1_24' title='bbox 1204 401 1450 455; x_wconf 85' lang='lat' dir='ltr'>sequuntur.</span> 
     </span>
     <span class='ocr_line' id='line_1_9' title="bbox 241 473 1331 530; baseline -0.006 -12"><span class='ocrx_word' id='word_1_25' title='bbox 241 477 339 530; x_wconf 89' lang='lat' dir='ltr'>Hic,</span> <span class='ocrx_word' id='word_1_26' title='bbox 370 476 472 517; x_wconf 92' lang='lat' dir='ltr'>dum</span> <span class='ocrx_word' id='word_1_27' title='bbox 502 474 696 516; x_wconf 82' lang='lat' dir='ltr'>sublimis</span> <span class='ocrx_word' id='word_1_28' title='bbox 727 486 876 515; x_wconf 83' lang='lat' dir='ltr'>versus</span> <span class='ocrx_word' id='word_1_29' title='bbox 906 475 1096 513; x_wconf 89' lang='lat' dir='ltr'>ructatur</span> <span class='ocrx_word' id='word_1_30' title='bbox 1126 474 1172 513; x_wconf 90' lang='lat' dir='ltr'>et</span> <span class='ocrx_word' id='word_1_31' title='bbox 1200 473 1331 523; x_wconf 82' lang='lat' dir='ltr'>errat,</span> 
     </span>
    </p>

    <p class='ocr_par' dir='ltr' id='par_1_9' title="bbox 243 541 1254 596">
     <span class='ocr_line' id='line_1_10' title="bbox 243 541 1254 596; baseline -0.007 -7"><span class='ocrx_word' id='word_1_32' title='bbox 243 546 290 589; x_wconf 86' lang='lat' dir='ltr'>Si</span> <span class='ocrx_word' id='word_1_33' title='bbox 320 546 455 588; x_wconf 79' lang='lat' dir='ltr'>veluti</span> <span class='ocrx_word' id='word_1_34' title='bbox 483 545 659 587; x_wconf 85' lang='lat' dir='ltr'>merulis</span> <span class='ocrx_word' id='word_1_35' title='bbox 690 544 879 586; x_wconf 85' lang='lat' dir='ltr'>intentus</span> <span class='ocrx_word' id='word_1_36' title='bbox 911 541 1068 584; x_wconf 79' lang='lat' dir='ltr'><strong>decidit</strong></span> <span class='ocrx_word' id='word_1_37' title='bbox 1098 554 1254 596; x_wconf 87' lang='lat' dir='ltr'>auceps</span> 
     </span>
    </p>

    <p class='ocr_par' dir='ltr' id='par_1_10' title="bbox 240 611 1409 673">
     <span class='ocr_line' id='line_1_11' title="bbox 240 611 1409 673; baseline -0.007 -14"><span class='ocrx_word' id='word_1_38' title='bbox 240 617 292 659; x_wconf 91' lang='lat' dir='ltr'>In</span> <span class='ocrx_word' id='word_1_39' title='bbox 319 620 497 673; x_wconf 88' lang='lat' dir='ltr'>puteum</span> <span class='ocrx_word' id='word_1_40' title='bbox 528 615 765 667; x_wconf 82' lang='lat' dir='ltr'>foveamve‚</span> <span class='ocrx_word' id='word_1_41' title='bbox 795 613 914 666; x_wconf 89' lang='lat' dir='ltr'>licet,</span> <span class='ocrx_word' id='word_1_42' title='bbox 947 612 1203 664; x_wconf 86' lang='lat' dir='ltr'>Succurrite,</span> <span class='ocrx_word' id='word_1_43' title='bbox 1234 611 1409 666; x_wconf 83' lang='lat' dir='ltr'>longum</span> 
     </span>
    </p>
   </div>
   <div class='ocr_carea' id='block_1_9' title="bbox 243 682 1350 740">
    <p class='ocr_par' dir='ltr' id='par_1_11' title="bbox 243 682 1350 740">
     <span class='ocr_line' id='line_1_12' title="bbox 243 682 1350 740; baseline -0.006 -11"><span class='ocrx_word' id='word_1_44' title='bbox 243 686 427 740; x_wconf 78' lang='lat' dir='ltr'>Clamet,</span> <span class='ocrx_word' id='word_1_45' title='bbox 458 685 506 728; x_wconf 96' lang='lat' dir='ltr'>Io</span> <span class='ocrx_word' id='word_1_46' title='bbox 538 685 677 728; x_wconf 85' lang='lat' dir='ltr'>cives!</span> <span class='ocrx_word' id='word_1_47' title='bbox 710 698 797 726; x_wconf 91' lang='lat' dir='ltr'>non</span> <span class='ocrx_word' id='word_1_48' title='bbox 827 684 902 736; x_wconf 86' lang='lat' dir='ltr'>sit,</span> <span class='ocrx_word' id='word_1_49' title='bbox 935 684 1007 739; x_wconf 91' lang='lat' dir='ltr'>qui</span> <span class='ocrx_word' id='word_1_50' title='bbox 1036 682 1188 724; x_wconf 88' lang='lat' dir='ltr'>tollere</span> <span class='ocrx_word' id='word_1_51' title='bbox 1219 684 1350 723; x_wconf 87' lang='lat' dir='ltr'>curet.</span> 
     </span>
    </p>
   </div>
   <div class='ocr_carea' id='block_1_10' title="bbox 1547 679 1637 720">
    <p class='ocr_par' dir='ltr' id='par_1_12' title="bbox 1547 679 1637 720">
     <span class='ocr_line' id='line_1_13' title="bbox 1547 679 1637 720; baseline 0.011 -1"><span class='ocrx_word' id='word_1_52' title='bbox 1547 679 1637 720; x_wconf 88' lang='grc'>460</span> 
     </span>
    </p>
   </div>
   <div class='ocr_carea' id='block_1_11' title="bbox 242 751 1393 950">
    <p class='ocr_par' dir='ltr' id='par_1_13' title="bbox 242 751 1393 950">
     <span class='ocr_line' id='line_1_14' title="bbox 242 751 1393 814; baseline -0.006 -15"><span class='ocrx_word' id='word_1_53' title='bbox 242 756 290 799; x_wconf 84' lang='lat' dir='ltr'>Si</span> <span class='ocrx_word' id='word_1_54' title='bbox 321 760 442 799; x_wconf 91' lang='lat' dir='ltr'>curet</span> <span class='ocrx_word' id='word_1_55' title='bbox 469 756 565 814; x_wconf 88' lang='lat' dir='ltr'>quis</span> <span class='ocrx_word' id='word_1_56' title='bbox 597 769 723 811; x_wconf 88' lang='lat' dir='ltr'>opem</span> <span class='ocrx_word' id='word_1_57' title='bbox 754 755 866 797; x_wconf 88' lang='lat' dir='ltr'>ferre</span> <span class='ocrx_word' id='word_1_58' title='bbox 897 757 941 796; x_wconf 87' lang='lat' dir='ltr'>et</span> <span class='ocrx_word' id='word_1_59' title='bbox 970 753 1195 795; x_wconf 84' lang='lat' dir='ltr'>demittere</span> <span class='ocrx_word' id='word_1_60' title='bbox 1226 751 1393 804; x_wconf 86' lang='lat' dir='ltr'>funem,</span> 
     </span>
     <span class='ocr_line' id='line_1_15' title="bbox 243 823 1372 882; baseline -0.005 -13"><span class='ocrx_word' id='word_1_61' title='bbox 243 826 327 877; x_wconf 80' lang='lat' dir='ltr'>Qui</span> <span class='ocrx_word' id='word_1_62' title='bbox 358 827 456 880; x_wconf 91' lang='lat' dir='ltr'>scis,</span> <span class='ocrx_word' id='word_1_63' title='bbox 489 840 543 868; x_wconf 87' lang='lat' dir='ltr'>an</span> <span class='ocrx_word' id='word_1_64' title='bbox 574 825 761 882; x_wconf 85' lang='lat' dir='ltr'>prudens</span> <span class='ocrx_word' id='word_1_65' title='bbox 792 825 877 866; x_wconf 92' lang='lat' dir='ltr'>huc</span> <span class='ocrx_word' id='word_1_66' title='bbox 908 838 955 866; x_wconf 90' lang='lat' dir='ltr'>se</span> <span class='ocrx_word' id='word_1_67' title='bbox 985 823 1212 879; x_wconf 89' lang='lat' dir='ltr'>proiecerit</span> <span class='ocrx_word' id='word_1_68' title='bbox 1243 826 1372 878; x_wconf 83' lang='lat' dir='ltr'>atque</span> 
     </span>
     <span class='ocr_line' id='line_1_16' title="bbox 242 894 1193 950; baseline -0.006 -10"><span class='ocrx_word' id='word_1_69' title='bbox 242 897 414 940; x_wconf 86' lang='lat' dir='ltr'>Servari</span> <span class='ocrx_word' id='word_1_70' title='bbox 442 897 579 939; x_wconf 77' lang='lat' dir='ltr'>nolit?</span> <span class='ocrx_word' id='word_1_71' title='bbox 607 896 761 938; x_wconf 84' lang='lat' dir='ltr'>Dicam</span> <span class='ocrx_word' id='word_1_72' title='bbox 792 894 1008 950; x_wconf 81' lang='lat' dir='ltr'>Siculique</span> <span class='ocrx_word' id='word_1_73' title='bbox 1038 896 1193 949; x_wconf 69' lang='lat' dir='ltr'>poetae</span> 
     </span>
    </p>
   </div>
   <div class='ocr_carea' id='block_1_12' title="bbox 173 1020 1592 1114">
    <p class='ocr_par' dir='ltr' id='par_1_14' title="bbox 173 1020 1592 1114">
     <span class='ocr_line' id='line_1_17' title="bbox 219 1020 1591 1066; baseline -0.007 -5"><span class='ocrx_word' id='word_1_74' title='bbox 219 1029 298 1061; x_wconf 82' lang='grc'>457.</span> <span class='ocrx_word' id='word_1_75' title='bbox 324 1028 491 1060; x_wconf 71' lang='lat' dir='ltr'>subtimes</span> <span class='ocrx_word' id='word_1_76' title='bbox 515 1024 801 1066; x_wconf 76' lang='lat' dir='ltr'>Td‚sub1imeis</span> <span class='ocrx_word' id='word_1_77' title='bbox 827 1023 882 1058; x_wconf 85' lang='lat' dir='ltr'>Gt.</span> <span class='ocrx_word' id='word_1_78' title='bbox 899 1025 1044 1056; x_wconf 83' lang='grc'><strong>-460.</strong></span> <span class='ocrx_word' id='word_1_79' title='bbox 1068 1023 1303 1055; x_wconf 75' lang='lat' dir='ltr'>sint-curent</span> <span class='ocrx_word' id='word_1_80' title='bbox 1329 1020 1366 1054; x_wconf 87' lang='lat' dir='ltr'>S.</span> <span class='ocrx_word' id='word_1_81' title='bbox 1385 1039 1428 1044; x_wconf 95' lang='lat'>—</span> <span class='ocrx_word' id='word_1_82' title='bbox 1447 1021 1527 1053; x_wconf 98' lang='grc'><strong>461.</strong></span> <span class='ocrx_word' id='word_1_83' title='bbox 1552 1020 1591 1053; x_wconf 77' lang='lat' dir='ltr'>Si</span> 
     </span>
     <span class='ocr_line' id='line_1_18' title="bbox 173 1065 1592 1114; baseline -0.006 -7"><span class='ocrx_word' id='word_1_84' title='bbox 173 1075 253 1114; x_wconf 71' lang='lat' dir='ltr'>quis</span> <span class='ocrx_word' id='word_1_85' title='bbox 285 1076 387 1107; x_wconf 75' lang='lat' dir='ltr'>curet</span> <span class='ocrx_word' id='word_1_86' title='bbox 411 1073 469 1107; x_wconf 79' lang='lat' dir='ltr'>et.</span> <span class='ocrx_word' id='word_1_87' title='bbox 495 1091 538 1096; x_wconf 92' lang='lat'>-</span> <span class='ocrx_word' id='word_1_88' title='bbox 564 1073 744 1105; x_wconf 74' lang='lat' dir='ltr'>dimittere</span> <span class='ocrx_word' id='word_1_89' title='bbox 776 1070 895 1105; x_wconf 82' lang='lat' dir='ltr'>bS&#39;l&#39;c.</span> <span class='ocrx_word' id='word_1_90' title='bbox 922 1089 966 1094; x_wconf 89' lang='lat'>—</span> <span class='ocrx_word' id='word_1_91' title='bbox 993 1071 1074 1103; x_wconf 83' lang='lat'>462.</span> <span class='ocrx_word' id='word_1_92' title='bbox 1106 1070 1271 1102; x_wconf 81' lang='lat' dir='ltr'>deiecerit</span> <span class='ocrx_word' id='word_1_93' title='bbox 1297 1067 1368 1110; x_wconf 86' lang='lat' dir='ltr'>Tc,</span> <span class='ocrx_word' id='word_1_94' title='bbox 1393 1066 1482 1101; x_wconf 81' lang='lat' dir='ltr'>Lct.</span> <span class='ocrx_word' id='word_1_95' title='bbox 1520 1065 1592 1108; x_wconf 88' lang='lat' dir='ltr'>(Ut</span> 
     </span>
    </p>
   </div>
   <div class='ocr_carea' id='block_1_13' title="bbox 171 1120 381 1163">
    <p class='ocr_par' dir='ltr' id='par_1_15' title="bbox 171 1120 381 1163">
     <span class='ocr_line' id='line_1_19' title="bbox 171 1120 381 1163; baseline 0 -9"><span class='ocrx_word' id='word_1_96' title='bbox 171 1131 253 1163; x_wconf 85' lang='lat' dir='ltr'>nos,</span> <span class='ocrx_word' id='word_1_97' title='bbox 277 1120 365 1154; x_wconf 81' lang='lat' dir='ltr'>bSd.</span> <span class='ocrx_word' id='word_1_98' title='bbox 366 1121 381 1163; x_wconf 93' lang='lat'><strong>)</strong></span> 
     </span>
    </p>
   </div>
   <div class='ocr_carea' id='block_1_14' title="bbox 93 1211 859 2755">
    <p class='ocr_par' dir='ltr' id='par_1_16' title="bbox 123 1211 859 2007">
     <span class='ocr_line' id='line_1_20' title="bbox 129 1211 856 1254; baseline -0.006 -6"><span class='ocrx_word' id='word_1_99' title='bbox 129 1215 382 1248; x_wconf 79' lang='lat' dir='ltr'>VERVNT.</span> <span class='ocrx_word' id='word_1_100' title='bbox 415 1233 462 1237; x_wconf 96' lang='lat'><strong>—</strong></span> <span class='ocrx_word' id='word_1_101' title='bbox 497 1214 677 1246; x_wconf 73' lang='lat' dir='ltr'>iracunda</span> <span class='ocrx_word' id='word_1_102' title='bbox 717 1211 856 1254; x_wconf 80' lang='lat' dir='ltr'>Diana]</span> 
     </span>
     <span class='ocr_line' id='line_1_21' title="bbox 128 1259 858 1305; baseline -0.006 -10"><span class='ocrx_word' id='word_1_103' title='bbox 128 1271 249 1305; x_wconf 77' lang='lat' dir='ltr'>‚quae</span> <span class='ocrx_word' id='word_1_104' title='bbox 266 1271 362 1305; x_wconf 86' lang='lat' dir='ltr'>quos</span> <span class='ocrx_word' id='word_1_105' title='bbox 378 1261 436 1294; x_wconf 81' lang='lat' dir='ltr'>ira</span> <span class='ocrx_word' id='word_1_106' title='bbox 452 1271 522 1294; x_wconf 87' lang='lat' dir='ltr'>sua</span> <span class='ocrx_word' id='word_1_107' title='bbox 537 1259 780 1303; x_wconf 76' lang='lat' dir='ltr'>persequitur</span> <span class='ocrx_word' id='word_1_108' title='bbox 801 1259 858 1292; x_wconf 90' lang='lat' dir='ltr'>lu-</span> 
     </span>
     <span class='ocr_line' id='line_1_22' title="bbox 125 1302 859 1350; baseline -0.004 -10"><span class='ocrx_word' id='word_1_109' title='bbox 125 1308 289 1350; x_wconf 83' lang='lat' dir='ltr'>naticos,</span> <span class='ocrx_word' id='word_1_110' title='bbox 322 1305 589 1350; x_wconf 82' lang='grc' dir='ltr'>σεληνιακούς,</span> <span class='ocrx_word' id='word_1_111' title='bbox 621 1302 859 1349; x_wconf 80' lang='grc' dir='ltr'><em>σεληνοβλή-</em></span> 
     </span>
     <span class='ocr_line' id='line_1_23' title="bbox 125 1353 858 1396; baseline -0.003 -9"><span class='ocrx_word' id='word_1_112' title='bbox 125 1364 226 1396; x_wconf 81' lang='grc' dir='ltr'>τους,</span> <span class='ocrx_word' id='word_1_113' title='bbox 250 1354 385 1388; x_wconf 83' lang='lat' dir='ltr'>reddit.</span> <span class='ocrx_word' id='word_1_114' title='bbox 389 1355 407 1372; x_wconf 81' lang='lat'>¹⁴</span> <span class='ocrx_word' id='word_1_115' title='bbox 434 1372 478 1378; x_wconf 89' lang='lat'><em>—</em></span> <span class='ocrx_word' id='word_1_116' title='bbox 499 1355 676 1387; x_wconf 66' lang='lat' dir='ltr'>Veronam</span> <span class='ocrx_word' id='word_1_117' title='bbox 700 1353 858 1393; x_wconf 71' lang='lat' dir='ltr'>tetiaisse</span> 
     </span>
     <span class='ocr_line' id='line_1_24' title="bbox 124 1401 859 1445; baseline -0.004 -10"><span class='ocrx_word' id='word_1_118' title='bbox 124 1401 217 1444; x_wconf 62' lang='lat' dir='ltr'>cet]</span> <span class='ocrx_word' id='word_1_119' title='bbox 266 1401 414 1434; x_wconf 84' lang='lat' dir='ltr'>Talium</span> <span class='ocrx_word' id='word_1_120' title='bbox 455 1403 691 1445; x_wconf 85' lang='lat' dir='ltr'>aegrotorum</span> <span class='ocrx_word' id='word_1_121' title='bbox 733 1402 859 1433; x_wconf 83' lang='lat' dir='ltr'>conta-</span> 
     </span>
     <span class='ocr_line' id='line_1_25' title="bbox 126 1446 857 1492; baseline -0.004 -10"><span class='ocrx_word' id='word_1_122' title='bbox 126 1451 244 1490; x_wconf 79' lang='lat' dir='ltr'>ctum,</span> <span class='ocrx_word' id='word_1_123' title='bbox 276 1458 324 1481; x_wconf 90' lang='lat' dir='ltr'>ne</span> <span class='ocrx_word' id='word_1_124' title='bbox 349 1447 424 1492; x_wconf 87' lang='lat' dir='ltr'>ipsi</span> <span class='ocrx_word' id='word_1_125' title='bbox 448 1447 583 1481; x_wconf 89' lang='lat' dir='ltr'>iisdem</span> <span class='ocrx_word' id='word_1_126' title='bbox 607 1446 748 1480; x_wconf 84' lang='lat' dir='ltr'>morbis</span> <span class='ocrx_word' id='word_1_127' title='bbox 773 1446 857 1479; x_wconf 86' lang='lat' dir='ltr'>infi-</span> 
     </span>
     <span class='ocr_line' id='line_1_26' title="bbox 126 1493 858 1549; baseline -0.003 -21"><span class='ocrx_word' id='word_1_128' title='bbox 126 1497 315 1536; x_wconf 84' lang='lat' dir='ltr'>cerentur,</span> <span class='ocrx_word' id='word_1_129' title='bbox 350 1495 482 1549; x_wconf 77' lang='lat' dir='ltr'>fugere</span> <span class='ocrx_word' id='word_1_130' title='bbox 519 1493 707 1536; x_wconf 80' lang='lat' dir='ltr'>solebant3</span> <span class='ocrx_word' id='word_1_131' title='bbox 748 1494 858 1537; x_wconf 88' lang='lat' dir='ltr'>pueri</span> 
     </span>
     <span class='ocr_line' id='line_1_27' title="bbox 126 1520 857 1576; baseline -0.004 -1"><span class='ocrx_word' id='word_1_132' title='bbox 126 1544 257 1576; x_wconf 84' lang='lat' dir='ltr'>contra</span> <span class='ocrx_word' id='word_1_133' title='bbox 296 1520 350 1575; x_wconf 67' lang='lat' dir='ltr'>l’as</span> <span class='ocrx_word' id='word_1_134' title='bbox 337 1542 429 1575; x_wconf 66' lang='lat' dir='ltr'>&lt;civi</span> <span class='ocrx_word' id='word_1_135' title='bbox 470 1552 534 1575; x_wconf 84' lang='lat' dir='ltr'>eos</span> <span class='ocrx_word' id='word_1_136' title='bbox 574 1539 857 1575; x_wconf 78' lang='lat' dir='ltr'>contumeliosis</span> 
     </span>
     <span class='ocr_line' id='line_1_28' title="bbox 124 1587 858 1627; baseline -0.004 -5"><span class='ocrx_word' id='word_1_137' title='bbox 124 1588 250 1622; x_wconf 79' lang='lat' dir='ltr'>verbis</span> <span class='ocrx_word' id='word_1_138' title='bbox 273 1588 518 1623; x_wconf 78' lang='lat' dir='ltr'>lacessebant.</span> <span class='ocrx_word' id='word_1_139' title='bbox 542 1587 723 1621; x_wconf 79' lang='lat' dir='ltr'>Artemid.</span> <span class='ocrx_word' id='word_1_140' title='bbox 742 1588 775 1627; x_wconf 88' lang='lat'>3,</span> <span class='ocrx_word' id='word_1_141' title='bbox 793 1588 858 1620; x_wconf 84' lang='lat'>42:</span> 
     </span>
     <span class='ocr_line' id='line_1_29' title="bbox 124 1631 858 1677; baseline -0.003 -9"><span class='ocrx_word' id='word_1_142' title='bbox 124 1636 190 1668; x_wconf 79' lang='grc' dir='ltr'>καὶ</span> <span class='ocrx_word' id='word_1_143' title='bbox 222 1634 353 1677; x_wconf 77' lang='grc' dir='ltr'><strong><em>παῖδες</em></strong></span> <span class='ocrx_word' id='word_1_144' title='bbox 382 1638 462 1676; x_wconf 84' lang='grc' dir='ltr'><strong><em>τοῖς</em></strong></span> <span class='ocrx_word' id='word_1_145' title='bbox 490 1635 740 1677; x_wconf 79' lang='grc' dir='ltr'><em>μαινομένοις</em></span> <span class='ocrx_word' id='word_1_146' title='bbox 762 1631 858 1666; x_wconf 73' lang='grc' dir='ltr'><strong><em>(ἱκο-</em></strong></span> 
     </span>
     <span class='ocr_line' id='line_1_30' title="bbox 125 1681 856 1725; baseline 0.001 -11"><span class='ocrx_word' id='word_1_147' title='bbox 125 1681 346 1715; x_wconf 74' lang='grc' dir='ltr'><em>λουθοῦσιν.</em></span> <span class='ocrx_word' id='word_1_148' title='bbox 363 1701 408 1706; x_wconf 94' lang='grc'>-</span> <span class='ocrx_word' id='word_1_149' title='bbox 423 1682 580 1725; x_wconf 69' lang='lat' dir='ltr'>incauli]</span> <span class='ocrx_word' id='word_1_150' title='bbox 607 1681 706 1723; x_wconf 73' lang='lat' dir='ltr'>„alii,</span> <span class='ocrx_word' id='word_1_151' title='bbox 730 1681 856 1715; x_wconf 81' lang='lat' dir='ltr'>minus</span> 
     </span>
     <span class='ocr_line' id='line_1_31' title="bbox 123 1728 857 1773; baseline -0.003 -11"><span class='ocrx_word' id='word_1_152' title='bbox 123 1729 257 1773; x_wconf 80' lang='lat' dir='ltr'>utique</span> <span class='ocrx_word' id='word_1_153' title='bbox 293 1729 396 1763; x_wconf 78' lang='lat' dir='ltr'>cauti</span> <span class='ocrx_word' id='word_1_154' title='bbox 438 1729 607 1762; x_wconf 88' lang='lat' dir='ltr'>homines</span> <span class='ocrx_word' id='word_1_155' title='bbox 644 1728 764 1762; x_wconf 88' lang='lat' dir='ltr'>adulti</span> <span class='ocrx_word' id='word_1_156' title='bbox 801 1738 857 1761; x_wconf 90' lang='lat' dir='ltr'>se-</span> 
     </span>
     <span class='ocr_line' id='line_1_32' title="bbox 125 1776 857 1820; baseline -0.001 -11"><span class='ocrx_word' id='word_1_157' title='bbox 125 1778 296 1820; x_wconf 81' lang='lat' dir='ltr'>quuntur</span> <span class='ocrx_word' id='word_1_158' title='bbox 325 1776 430 1810; x_wconf 80' lang='lat' dir='ltr'>illam</span> <span class='ocrx_word' id='word_1_159' title='bbox 460 1776 687 1810; x_wconf 82' lang='lat' dir='ltr'>lascivorum</span> <span class='ocrx_word' id='word_1_160' title='bbox 720 1785 857 1818; x_wconf 85' lang='lat' dir='ltr'>puero-</span> 
     </span>
     <span class='ocr_line' id='line_1_33' title="bbox 124 1821 856 1864; baseline -0.001 -8"><span class='ocrx_word' id='word_1_161' title='bbox 124 1833 208 1856; x_wconf 86' lang='lat' dir='ltr'>rum</span> <span class='ocrx_word' id='word_1_162' title='bbox 224 1823 394 1862; x_wconf 80' lang='lat' dir='ltr'>turbam,</span> <span class='ocrx_word' id='word_1_163' title='bbox 423 1823 528 1856; x_wconf 85' lang='lat' dir='ltr'>obliti</span> <span class='ocrx_word' id='word_1_164' title='bbox 553 1833 575 1856; x_wconf 89' lang='lat' dir='ltr'>a</span> <span class='ocrx_word' id='word_1_165' title='bbox 598 1821 754 1856; x_wconf 64' lang='lat' dir='ltr'>furiosis</span> <span class='ocrx_word' id='word_1_166' title='bbox 780 1832 856 1864; x_wconf 81' lang='lat' dir='ltr'>eos,</span> 
     </span>
     <span class='ocr_line' id='line_1_34' title="bbox 125 1869 855 1914; baseline 0.004 -12"><span class='ocrx_word' id='word_1_167' title='bbox 125 1870 192 1914; x_wconf 84' lang='lat' dir='ltr'>qui</span> <span class='ocrx_word' id='word_1_168' title='bbox 216 1881 316 1914; x_wconf 85' lang='lat' dir='ltr'>ponc</span> <span class='ocrx_word' id='word_1_169' title='bbox 337 1881 401 1904; x_wconf 89' lang='lat' dir='ltr'>eos</span> <span class='ocrx_word' id='word_1_170' title='bbox 418 1870 611 1912; x_wconf 85' lang='lat' dir='ltr'>incedunt,</span> <span class='ocrx_word' id='word_1_171' title='bbox 635 1869 855 1913; x_wconf 80' lang='lat' dir='ltr'>praesertim</span> 
     </span>
     <span class='ocr_line' id='line_1_35' title="bbox 123 1915 855 1960; baseline 0.001 -12"><span class='ocrx_word' id='word_1_172' title='bbox 123 1916 300 1950; x_wconf 77' lang='lat' dir='ltr'>irrisores</span> <span class='ocrx_word' id='word_1_173' title='bbox 314 1941 324 1958; x_wconf 93' lang='lat'>‚</span> <span class='ocrx_word' id='word_1_174' title='bbox 378 1916 568 1960; x_wconf 74' lang='lat' dir='ltr'>lapidibus</span> <span class='ocrx_word' id='word_1_175' title='bbox 616 1915 855 1960; x_wconf 84' lang='lat' dir='ltr'>fustibusque</span> 
     </span>
     <span class='ocr_line' id='line_1_36' title="bbox 124 1962 405 2007; baseline 0.004 -12"><span class='ocrx_word' id='word_1_176' title='bbox 124 1962 224 2007; x_wconf 83' lang='lat' dir='ltr'>abigi</span> <span class='ocrx_word' id='word_1_177' title='bbox 250 1963 405 1997; x_wconf 85' lang='lat' dir='ltr'>solere.“</span> 
     </span>
    </p>

    <p class='ocr_par' dir='ltr' id='par_1_17' title="bbox 93 2008 857 2755">
     <span class='ocr_line' id='line_1_37' title="bbox 173 2008 857 2055; baseline 0 -13"><span class='ocrx_word' id='word_1_178' title='bbox 173 2011 370 2043; x_wconf 80' lang='lat'>457—460.</span> <span class='ocrx_word' id='word_1_179' title='bbox 410 2008 593 2051; x_wconf 75' lang='lat' dir='ltr'>sublimis]</span> <span class='ocrx_word' id='word_1_180' title='bbox 637 2010 857 2055; x_wconf 55' lang='grc' dir='ltr'>,μετέωρος</span> 
     </span>
     <span class='ocr_line' id='line_1_38' title="bbox 124 2055 856 2099; baseline -0.001 -10"><span class='ocrx_word' id='word_1_181' title='bbox 124 2056 223 2089; x_wconf 89' lang='lat' dir='ltr'>elato</span> <span class='ocrx_word' id='word_1_182' title='bbox 248 2058 286 2090; x_wconf 89' lang='lat' dir='ltr'>et</span> <span class='ocrx_word' id='word_1_183' title='bbox 307 2059 519 2090; x_wconf 85' lang='lat' dir='ltr'>retroverso</span> <span class='ocrx_word' id='word_1_184' title='bbox 545 2055 666 2099; x_wconf 86' lang='lat' dir='ltr'>capite</span> <span class='ocrx_word' id='word_1_185' title='bbox 698 2056 856 2088; x_wconf 91' lang='lat' dir='ltr'>circum-</span> 
     </span>
     <span class='ocr_line' id='line_1_39' title="bbox 124 2102 856 2147; baseline 0.001 -12"><span class='ocrx_word' id='word_1_186' title='bbox 124 2112 282 2136; x_wconf 76' lang='lat' dir='ltr'>cursans</span> <span class='ocrx_word' id='word_1_187' title='bbox 299 2113 377 2137; x_wconf 92' lang='lat' dir='ltr'>non</span> <span class='ocrx_word' id='word_1_188' title='bbox 395 2102 478 2136; x_wconf 87' lang='lat' dir='ltr'>siue</span> <span class='ocrx_word' id='word_1_189' title='bbox 494 2102 709 2147; x_wconf 78' lang='lat' dir='ltr'>arrogantia</span> <span class='ocrx_word' id='word_1_190' title='bbox 731 2113 856 2146; x_wconf 87' lang='lat' dir='ltr'>neque</span> 
     </span>
     <span class='ocr_line' id='line_1_40' title="bbox 123 2148 855 2193; baseline 0 -11"><span class='ocrx_word' id='word_1_191' title='bbox 123 2151 290 2183; x_wconf 85' lang='lat' dir='ltr'>attentus</span> <span class='ocrx_word' id='word_1_192' title='bbox 306 2149 354 2183; x_wconf 84' lang='lat' dir='ltr'>ad</span> <span class='ocrx_word' id='word_1_193' title='bbox 371 2160 426 2190; x_wconf 82' lang='lat' dir='ltr'>ea,</span> <span class='ocrx_word' id='word_1_194' title='bbox 449 2160 547 2193; x_wconf 86' lang='lat' dir='ltr'>quae</span> <span class='ocrx_word' id='word_1_195' title='bbox 565 2149 633 2182; x_wconf 89' lang='lat' dir='ltr'>sub</span> <span class='ocrx_word' id='word_1_196' title='bbox 651 2149 733 2182; x_wconf 89' lang='lat' dir='ltr'>eius</span> <span class='ocrx_word' id='word_1_197' title='bbox 749 2148 855 2193; x_wconf 88' lang='lat' dir='ltr'>pedi-</span> 
     </span>
     <span class='ocr_line' id='line_1_41' title="bbox 123 2195 855 2240; baseline -0.001 -11"><span class='ocrx_word' id='word_1_198' title='bbox 123 2195 195 2229; x_wconf 86' lang='lat' dir='ltr'>bus</span> <span class='ocrx_word' id='word_1_199' title='bbox 207 2197 330 2230; x_wconf 80' lang='lat' dir='ltr'>sunt.“</span> <span class='ocrx_word' id='word_1_200' title='bbox 354 2196 431 2229; x_wconf 82' lang='lat' dir='ltr'>Alii</span> <span class='ocrx_word' id='word_1_201' title='bbox 443 2206 513 2240; x_wconf 92' lang='lat' dir='ltr'>pro</span> <span class='ocrx_word' id='word_1_202' title='bbox 526 2196 738 2230; x_wconf 78' lang='lat' dir='ltr'>accusativo</span> <span class='ocrx_word' id='word_1_203' title='bbox 755 2195 855 2240; x_wconf 88' lang='lat' dir='ltr'>plur.</span> 
     </span>
     <span class='ocr_line' id='line_1_42' title="bbox 121 2242 855 2286; baseline 0 -10"><span class='ocrx_word' id='word_1_204' title='bbox 121 2242 355 2285; x_wconf 82' lang='lat' dir='ltr'>habuerunt,</span> <span class='ocrx_word' id='word_1_205' title='bbox 398 2243 524 2277; x_wconf 90' lang='lat' dir='ltr'>minus</span> <span class='ocrx_word' id='word_1_206' title='bbox 564 2242 695 2286; x_wconf 86' lang='lat' dir='ltr'>utique</span> <span class='ocrx_word' id='word_1_207' title='bbox 736 2244 855 2285; x_wconf 84' lang='lat' dir='ltr'>recte3</span> 
     </span>
     <span class='ocr_line' id='line_1_43' title="bbox 123 2289 857 2336; baseline 0.001 -14"><span class='ocrx_word' id='word_1_208' title='bbox 123 2299 209 2323; x_wconf 83' lang='lat' dir='ltr'>narn</span> <span class='ocrx_word' id='word_1_209' title='bbox 235 2293 335 2324; x_wconf 86' lang='lat' dir='ltr'>esset</span> <span class='ocrx_word' id='word_1_210' title='bbox 358 2291 531 2336; x_wconf 78' lang='grc' dir='ltr'><em>εἰρωνεία</em></span> <span class='ocrx_word' id='word_1_211' title='bbox 555 2289 786 2332; x_wconf 88' lang='lat' dir='ltr'>subrustica,</span> <span class='ocrx_word' id='word_1_212' title='bbox 819 2292 857 2323; x_wconf 78' lang='lat' dir='ltr'>et</span> 
     </span>
     <span class='ocr_line' id='line_1_44' title="bbox 124 2337 854 2371; baseline -0.001 -2"><span class='ocrx_word' id='word_1_213' title='bbox 124 2345 302 2371; x_wconf 77' lang='lat' dir='ltr'>caesurae</span> <span class='ocrx_word' id='word_1_214' title='bbox 327 2337 383 2370; x_wconf 87' lang='lat' dir='ltr'>vis</span> <span class='ocrx_word' id='word_1_215' title='bbox 409 2337 542 2370; x_wconf 87' lang='lat' dir='ltr'>obstat.</span> <span class='ocrx_word' id='word_1_216' title='bbox 567 2355 610 2360; x_wconf 90' lang='lat'>——</span> <span class='ocrx_word' id='word_1_217' title='bbox 636 2345 762 2369; x_wconf 75' lang='lat' dir='ltr'>versus</span> <span class='ocrx_word' id='word_1_218' title='bbox 792 2344 854 2369; x_wconf 81' lang='lat' dir='ltr'>ru-</span> 
     </span>
     <span class='ocr_line' id='line_1_45' title="bbox 123 2382 856 2426; baseline 0.001 -11"><span class='ocrx_word' id='word_1_219' title='bbox 123 2383 264 2426; x_wconf 78' lang='lat' dir='ltr'>ctatur]</span> <span class='ocrx_word' id='word_1_220' title='bbox 303 2392 461 2425; x_wconf 81' lang='lat' dir='ltr'>„versus</span> <span class='ocrx_word' id='word_1_221' title='bbox 498 2386 536 2417; x_wconf 87' lang='lat' dir='ltr'>et</span> <span class='ocrx_word' id='word_1_222' title='bbox 572 2382 785 2417; x_wconf 88' lang='lat' dir='ltr'>inconditos</span> <span class='ocrx_word' id='word_1_223' title='bbox 818 2385 856 2417; x_wconf 86' lang='lat' dir='ltr'>et</span> 
     </span>
     <span class='ocr_line' id='line_1_46' title="bbox 123 2429 854 2472; baseline 0 -10"><span class='ocrx_word' id='word_1_224' title='bbox 123 2429 277 2463; x_wconf 85' lang='lat' dir='ltr'>insanos</span> <span class='ocrx_word' id='word_1_225' title='bbox 294 2430 498 2463; x_wconf 89' lang='lat' dir='ltr'>identidem</span> <span class='ocrx_word' id='word_1_226' title='bbox 517 2430 567 2463; x_wconf 84' lang='lat' dir='ltr'>eff</span> <span class='ocrx_word' id='word_1_227' title='bbox 568 2430 670 2463; x_wconf 85' lang='lat' dir='ltr'>utit.“</span> <span class='ocrx_word' id='word_1_228' title='bbox 680 2447 728 2454; x_wconf 82' lang='lat'>—-</span> <span class='ocrx_word' id='word_1_229' title='bbox 737 2429 854 2472; x_wconf 81' lang='lat' dir='ltr'>errat]</span> 
     </span>
     <span class='ocr_line' id='line_1_47' title="bbox 93 2476 854 2521; baseline 0.001 -12"><span class='ocrx_word' id='word_1_230' title='bbox 93 2488 95 2490; x_wconf 53' lang='lat'><strong><em>¹</em></strong></span> <span class='ocrx_word' id='word_1_231' title='bbox 125 2476 312 2517; x_wconf 80' lang='lat' dir='ltr'>„furiosus</span> <span class='ocrx_word' id='word_1_232' title='bbox 336 2487 405 2520; x_wconf 89' lang='lat' dir='ltr'>per</span> <span class='ocrx_word' id='word_1_233' title='bbox 429 2486 579 2521; x_wconf 82' lang='lat' dir='ltr'>campos</span> <span class='ocrx_word' id='word_1_234' title='bbox 604 2479 643 2510; x_wconf 89' lang='lat' dir='ltr'>et</span> <span class='ocrx_word' id='word_1_235' title='bbox 659 2476 774 2511; x_wconf 87' lang='lat' dir='ltr'>colles</span> <span class='ocrx_word' id='word_1_236' title='bbox 790 2487 854 2510; x_wconf 82' lang='lat' dir='ltr'>va-</span> 
     </span>
     <span class='ocr_line' id='line_1_48' title="bbox 122 2522 855 2567; baseline 0.004 -12"><span class='ocrx_word' id='word_1_237' title='bbox 122 2523 264 2567; x_wconf 82' lang='lat' dir='ltr'>gatur.“</span> <span class='ocrx_word' id='word_1_238' title='bbox 293 2542 336 2546; x_wconf 98' lang='lat'><strong>—</strong></span> <span class='ocrx_word' id='word_1_239' title='bbox 363 2523 518 2566; x_wconf 76' lang='lat' dir='ltr'>auceps]</span> <span class='ocrx_word' id='word_1_240' title='bbox 559 2522 699 2557; x_wconf 86' lang='lat' dir='ltr'>Similis</span> <span class='ocrx_word' id='word_1_241' title='bbox 736 2526 855 2558; x_wconf 83' lang='lat' dir='ltr'>exstat</span> 
     </span>
     <span class='ocr_line' id='line_1_49' title="bbox 123 2570 853 2615; baseline 0.001 -12"><span class='ocrx_word' id='word_1_242' title='bbox 123 2570 409 2603; x_wconf 82' lang='lat' dir='ltr'>narratiuncula</span> <span class='ocrx_word' id='word_1_243' title='bbox 431 2570 478 2604; x_wconf 85' lang='lat' dir='ltr'>de</span> <span class='ocrx_word' id='word_1_244' title='bbox 495 2570 648 2604; x_wconf 85' lang='lat' dir='ltr'>Thalete</span> <span class='ocrx_word' id='word_1_245' title='bbox 666 2571 853 2615; x_wconf 88' lang='lat' dir='ltr'>astrologo</span> 
     </span>
     <span class='ocr_line' id='line_1_50' title="bbox 124 2616 852 2662; baseline 0.004 -14"><span class='ocrx_word' id='word_1_246' title='bbox 124 2617 223 2659; x_wconf 83' lang='lat' dir='ltr'>apud</span> <span class='ocrx_word' id='word_1_247' title='bbox 236 2616 430 2651; x_wconf 85' lang='lat' dir='ltr'>Platonem</span> <span class='ocrx_word' id='word_1_248' title='bbox 447 2617 487 2650; x_wconf 91' lang='lat' dir='ltr'>in</span> <span class='ocrx_word' id='word_1_249' title='bbox 501 2617 702 2651; x_wconf 85' lang='lat' dir='ltr'>Theaeteto</span> <span class='ocrx_word' id='word_1_250' title='bbox 719 2629 755 2662; x_wconf 92' lang='lat' dir='ltr'>p.</span> <span class='ocrx_word' id='word_1_251' title='bbox 776 2619 852 2651; x_wconf 85' lang='grc'><strong>174.</strong></span> 
     </span>
     <span class='ocr_line' id='line_1_51' title="bbox 122 2663 853 2708; baseline 0.004 -14"><span class='ocrx_word' id='word_1_252' title='bbox 122 2663 166 2694; x_wconf 79' lang='lat' dir='ltr'>A.</span> <span class='ocrx_word' id='word_1_253' title='bbox 183 2665 221 2696; x_wconf 86' lang='lat' dir='ltr'>et</span> <span class='ocrx_word' id='word_1_254' title='bbox 235 2663 343 2708; x_wconf 87' lang='lat' dir='ltr'>Diog.</span> <span class='ocrx_word' id='word_1_255' title='bbox 360 2664 482 2698; x_wconf 67' lang='lat' dir='ltr'>Laert.</span> <span class='ocrx_word' id='word_1_256' title='bbox 502 2666 533 2706; x_wconf 86' lang='lat'>1,</span> <span class='ocrx_word' id='word_1_257' title='bbox 552 2666 609 2697; x_wconf 84' lang='lat'>34.</span> <span class='ocrx_word' id='word_1_258' title='bbox 627 2683 670 2688; x_wconf 94' lang='lat'><strong>—</strong></span> <span class='ocrx_word' id='word_1_259' title='bbox 692 2665 853 2707; x_wconf 65' lang='lat' dir='ltr'>tomum]</span> 
     </span>
     <span class='ocr_line' id='line_1_52' title="bbox 127 2710 853 2755; baseline 0.006 -14"><span class='ocrx_word' id='word_1_260' title='bbox 127 2719 281 2753; x_wconf 78' lang='lat' dir='ltr'>‚magna</span> <span class='ocrx_word' id='word_1_261' title='bbox 303 2710 429 2744; x_wconf 75' lang='lat' dir='ltr'>voce.&#39;‘</span> <span class='ocrx_word' id='word_1_262' title='bbox 472 2710 546 2744; x_wconf 83' lang='lat' dir='ltr'>cfr.</span> <span class='ocrx_word' id='word_1_263' title='bbox 569 2711 677 2744; x_wconf 87' lang='lat' dir='ltr'>Hom.</span> <span class='ocrx_word' id='word_1_264' title='bbox 694 2711 801 2745; x_wconf 83' lang='lat' dir='ltr'>Iliad.</span> <span class='ocrx_word' id='word_1_265' title='bbox 819 2723 853 2755; x_wconf 80' lang='grc' dir='ltr'>γ,</span> 
     </span>
    </p>
   </div>
   <div class='ocr_carea' id='block_1_15' title="bbox 900 1205 1675 2755">
    <p class='ocr_par' dir='ltr' id='par_1_18' title="bbox 904 1205 1643 1619">
     <span class='ocr_line' id='line_1_53' title="bbox 906 1205 1640 1256; baseline -0.004 -13"><span class='ocrx_word' id='word_1_266' title='bbox 906 1212 967 1243; x_wconf 91' lang='lat'>81:</span> <span class='ocrx_word' id='word_1_267' title='bbox 997 1207 1143 1256; x_wconf 81' lang='grc' dir='ltr'><em>ιιακρὸν</em></span> <span class='ocrx_word' id='word_1_268' title='bbox 1166 1205 1296 1242; x_wconf 73' lang='grc' dir='ltr'>ἅυσεν.</span> <span class='ocrx_word' id='word_1_269' title='bbox 1312 1227 1359 1232; x_wconf 90' lang='lat'>-—</span> <span class='ocrx_word' id='word_1_270' title='bbox 1380 1210 1423 1241; x_wconf 85' lang='lat' dir='ltr'>Io</span> <span class='ocrx_word' id='word_1_271' title='bbox 1448 1207 1556 1249; x_wconf 73' lang='lat' dir='ltr'>cives]</span> <span class='ocrx_word' id='word_1_272' title='bbox 1582 1206 1640 1240; x_wconf 84' lang='lat' dir='ltr'>Si-</span> 
     </span>
     <span class='ocr_line' id='line_1_54' title="bbox 904 1254 1643 1300; baseline -0.004 -10"><span class='ocrx_word' id='word_1_273' title='bbox 904 1258 1005 1290; x_wconf 91' lang='lat' dir='ltr'>milis</span> <span class='ocrx_word' id='word_1_274' title='bbox 1028 1257 1193 1291; x_wconf 88' lang='lat' dir='ltr'>formula</span> <span class='ocrx_word' id='word_1_275' title='bbox 1217 1266 1324 1300; x_wconf 84' lang='lat' dir='ltr'>opem</span> <span class='ocrx_word' id='word_1_276' title='bbox 1350 1254 1551 1289; x_wconf 86' lang='lat' dir='ltr'>invocandi</span> <span class='ocrx_word' id='word_1_277' title='bbox 1582 1255 1643 1287; x_wconf 84' lang='lat' dir='ltr'>est</span> 
     </span>
     <span class='ocr_line' id='line_1_55' title="bbox 906 1300 1641 1346; baseline -0.004 -9"><span class='ocrx_word' id='word_1_278' title='bbox 906 1306 1025 1337; x_wconf 80' lang='lat' dir='ltr'>Porro</span> <span class='ocrx_word' id='word_1_279' title='bbox 1044 1305 1212 1346; x_wconf 75' lang='lat' dir='ltr'>Quirites.</span> <span class='ocrx_word' id='word_1_280' title='bbox 1227 1322 1271 1327; x_wconf 93' lang='lat'>—-</span> <span class='ocrx_word' id='word_1_281' title='bbox 1285 1311 1360 1336; x_wconf 76' lang='lat' dir='ltr'>non</span> <span class='ocrx_word' id='word_1_282' title='bbox 1381 1303 1438 1344; x_wconf 75' lang='lat' dir='ltr'>sit,</span> <span class='ocrx_word' id='word_1_283' title='bbox 1465 1303 1527 1342; x_wconf 80' lang='lat' dir='ltr'>qui</span> <span class='ocrx_word' id='word_1_284' title='bbox 1552 1300 1641 1343; x_wconf 66' lang='lat' dir='ltr'>cet]</span> 
     </span>
     <span class='ocr_line' id='line_1_56' title="bbox 907 1327 1641 1395; baseline -0.004 -11"><span class='ocrx_word' id='word_1_285' title='bbox 907 1362 1005 1393; x_wconf 76' lang='lat' dir='ltr'>„non</span> <span class='ocrx_word' id='word_1_286' title='bbox 1024 1353 1220 1385; x_wconf 85' lang='lat' dir='ltr'>succurrat</span> <span class='ocrx_word' id='word_1_287' title='bbox 1239 1327 1488 1395; x_wconf 47' lang='lat' dir='ltr'>quisquamst</span> <span class='ocrx_word' id='word_1_288' title='bbox 1517 1347 1641 1390; x_wconf 79' lang='lat' dir='ltr'>„Gon-</span> 
     </span>
     <span class='ocr_line' id='line_1_57' title="bbox 904 1372 1637 1442; baseline -0.004 -11"><span class='ocrx_word' id='word_1_289' title='bbox 904 1398 1096 1439; x_wconf 82' lang='lat' dir='ltr'>iunctivus</span> <span class='ocrx_word' id='word_1_290' title='bbox 1120 1408 1189 1442; x_wconf 88' lang='lat' dir='ltr'>pro</span> <span class='ocrx_word' id='word_1_291' title='bbox 1219 1397 1349 1431; x_wconf 83' lang='lat' dir='ltr'>futuro</span> <span class='ocrx_word' id='word_1_292' title='bbox 1375 1398 1432 1430; x_wconf 82' lang='lat' dir='ltr'>est</span> <span class='ocrx_word' id='word_1_293' title='bbox 1456 1372 1637 1440; x_wconf 54' lang='lat' dir='ltr'>positus!</span> 
     </span>
     <span class='ocr_line' id='line_1_58' title="bbox 904 1442 1639 1488; baseline -0.004 -10"><span class='ocrx_word' id='word_1_294' title='bbox 904 1445 1020 1478; x_wconf 67' lang='lat' dir='ltr'><strong>HARD</strong></span> <span class='ocrx_word' id='word_1_295' title='bbox 1038 1445 1149 1478; x_wconf 86' lang='lat' dir='ltr'>Turs.</span> <span class='ocrx_word' id='word_1_296' title='bbox 1166 1444 1230 1478; x_wconf 80' lang='lat' dir='ltr'>IV.</span> <span class='ocrx_word' id='word_1_297' title='bbox 1246 1455 1283 1488; x_wconf 87' lang='lat' dir='ltr'>p.</span> <span class='ocrx_word' id='word_1_298' title='bbox 1297 1446 1377 1477; x_wconf 81' lang='lat'>266.</span> <span class='ocrx_word' id='word_1_299' title='bbox 1403 1443 1478 1477; x_wconf 82' lang='lat' dir='ltr'>Cfr.</span> <span class='ocrx_word' id='word_1_300' title='bbox 1496 1442 1543 1476; x_wconf 83' lang='lat' dir='ltr'>ad</span> <span class='ocrx_word' id='word_1_301' title='bbox 1561 1442 1639 1475; x_wconf 74' lang='lat' dir='ltr'>Sat.</span> 
     </span>
     <span class='ocr_line' id='line_1_59' title="bbox 906 1490 1638 1534; baseline -0.004 -9"><span class='ocrx_word' id='word_1_302' title='bbox 906 1494 938 1534; x_wconf 90' lang='grc'>2,</span> <span class='ocrx_word' id='word_1_303' title='bbox 963 1495 997 1534; x_wconf 90' lang='grc'>5,</span> <span class='ocrx_word' id='word_1_304' title='bbox 1022 1494 1086 1525; x_wconf 82' lang='lat'>91:</span> <span class='ocrx_word' id='word_1_305' title='bbox 1112 1493 1195 1525; x_wconf 77' lang='lat' dir='ltr'>Non</span> <span class='ocrx_word' id='word_1_306' title='bbox 1219 1493 1327 1524; x_wconf 86' lang='lat' dir='ltr'>etiam</span> <span class='ocrx_word' id='word_1_307' title='bbox 1350 1491 1470 1524; x_wconf 71' lang='lat' dir='ltr'>sileas.</span> <span class='ocrx_word' id='word_1_308' title='bbox 1498 1508 1541 1513; x_wconf 85' lang='lat'>—-</span> <span class='ocrx_word' id='word_1_309' title='bbox 1568 1490 1638 1522; x_wconf 80' lang='lat' dir='ltr'>tol-</span> 
     </span>
     <span class='ocr_line' id='line_1_60' title="bbox 907 1537 1642 1583; baseline -0.004 -11"><span class='ocrx_word' id='word_1_310' title='bbox 907 1539 994 1582; x_wconf 76' lang='lat' dir='ltr'>lere]</span> <span class='ocrx_word' id='word_1_311' title='bbox 1019 1538 1113 1583; x_wconf 87' lang='lat' dir='ltr'>Epp.</span> <span class='ocrx_word' id='word_1_312' title='bbox 1142 1542 1173 1580; x_wconf 97' lang='grc'>1,</span> <span class='ocrx_word' id='word_1_313' title='bbox 1200 1540 1256 1581; x_wconf 85' lang='grc'>17,</span> <span class='ocrx_word' id='word_1_314' title='bbox 1281 1541 1344 1572; x_wconf 89' lang='grc'>61.</span> <span class='ocrx_word' id='word_1_315' title='bbox 1370 1538 1546 1579; x_wconf 79' lang='lat' dir='ltr'>crudeles,</span> <span class='ocrx_word' id='word_1_316' title='bbox 1570 1537 1642 1570; x_wconf 59' lang='lat' dir='ltr'>lob-</span> 
     </span>
     <span class='ocr_line' id='line_1_61' title="bbox 907 1587 1176 1619; baseline 0 -1"><span class='ocrx_word' id='word_1_317' title='bbox 907 1587 968 1619; x_wconf 84' lang='lat' dir='ltr'>lite</span> <span class='ocrx_word' id='word_1_318' title='bbox 993 1587 1176 1619; x_wconf 78' lang='lat' dir='ltr'>claudum.</span> 
     </span>
    </p>

    <p class='ocr_par' dir='ltr' id='par_1_19' title="bbox 900 1629 1675 2755">
     <span class='ocr_line' id='line_1_62' title="bbox 952 1629 1640 1674; baseline -0.001 -9"><span class='ocrx_word' id='word_1_319' title='bbox 952 1635 1019 1667; x_wconf 87' lang='grc'>461</span> <span class='ocrx_word' id='word_1_320' title='bbox 1024 1634 1121 1666; x_wconf 83' lang='grc'><strong>-467,</strong></span> <span class='ocrx_word' id='word_1_321' title='bbox 1148 1632 1220 1674; x_wconf 79' lang='lat' dir='ltr'>Qui</span> <span class='ocrx_word' id='word_1_322' title='bbox 1234 1633 1313 1674; x_wconf 75' lang='lat' dir='ltr'>scis,</span> <span class='ocrx_word' id='word_1_323' title='bbox 1336 1640 1386 1664; x_wconf 77' lang='lat' dir='ltr'>an</span> <span class='ocrx_word' id='word_1_324' title='bbox 1402 1630 1488 1673; x_wconf 68' lang='lat' dir='ltr'>cet]</span> <span class='ocrx_word' id='word_1_325' title='bbox 1515 1629 1640 1672; x_wconf 87' lang='lat' dir='ltr'>„Quo-</span> 
     </span>
     <span class='ocr_line' id='line_1_63' title="bbox 904 1679 1637 1722; baseline -0.003 -10"><span class='ocrx_word' id='word_1_326' title='bbox 904 1679 1015 1713; x_wconf 91' lang='lat' dir='ltr'>modo</span> <span class='ocrx_word' id='word_1_327' title='bbox 1053 1680 1147 1721; x_wconf 89' lang='lat' dir='ltr'>scis,</span> <span class='ocrx_word' id='word_1_328' title='bbox 1190 1689 1239 1713; x_wconf 85' lang='lat' dir='ltr'>an</span> <span class='ocrx_word' id='word_1_329' title='bbox 1277 1682 1408 1712; x_wconf 85' lang='lat' dir='ltr'>contra</span> <span class='ocrx_word' id='word_1_330' title='bbox 1444 1688 1558 1722; x_wconf 85' lang='lat' dir='ltr'>quam</span> <span class='ocrx_word' id='word_1_331' title='bbox 1594 1680 1637 1710; x_wconf 86' lang='lat' dir='ltr'>tu</span> 
     </span>
     <span class='ocr_line' id='line_1_64' title="bbox 905 1724 1675 1770; baseline -0.004 -10"><span class='ocrx_word' id='word_1_332' title='bbox 905 1726 1084 1770; x_wconf 85' lang='lat' dir='ltr'>opinaris,</span> <span class='ocrx_word' id='word_1_333' title='bbox 1118 1727 1290 1760; x_wconf 85' lang='lat' dir='ltr'>consulto</span> <span class='ocrx_word' id='word_1_334' title='bbox 1321 1736 1362 1760; x_wconf 87' lang='lat' dir='ltr'>se</span> <span class='ocrx_word' id='word_1_335' title='bbox 1391 1724 1639 1770; x_wconf 86' lang='lat' dir='ltr'>praecipitem</span> <span class='ocrx_word' id='word_1_336' title='bbox 1670 1735 1675 1738; x_wconf 94' lang='lat'>·</span> 
     </span>
     <span class='ocr_line' id='line_1_65' title="bbox 903 1771 1640 1818; baseline -0.001 -12"><span class='ocrx_word' id='word_1_337' title='bbox 903 1774 942 1806; x_wconf 89' lang='lat' dir='ltr'>in</span> <span class='ocrx_word' id='word_1_338' title='bbox 969 1776 1125 1818; x_wconf 89' lang='lat' dir='ltr'>puteum</span> <span class='ocrx_word' id='word_1_339' title='bbox 1157 1773 1387 1817; x_wconf 83' lang='lat' dir='ltr'>proiecerit‘?</span> <span class='ocrx_word' id='word_1_340' title='bbox 1420 1771 1521 1817; x_wconf 90' lang='lat' dir='ltr'>quod</span> <span class='ocrx_word' id='word_1_341' title='bbox 1547 1782 1640 1806; x_wconf 88' lang='lat' dir='ltr'>con·</span> 
     </span>
     <span class='ocr_line' id='line_1_66' title="bbox 904 1818 1640 1864; baseline -0.003 -11"><span class='ocrx_word' id='word_1_342' title='bbox 904 1820 1032 1854; x_wconf 88' lang='lat' dir='ltr'>silium</span> <span class='ocrx_word' id='word_1_343' title='bbox 1054 1821 1238 1864; x_wconf 83' lang='lat' dir='ltr'>impedire</span> <span class='ocrx_word' id='word_1_344' title='bbox 1263 1831 1340 1854; x_wconf 88' lang='lat' dir='ltr'>non</span> <span class='ocrx_word' id='word_1_345' title='bbox 1358 1819 1479 1853; x_wconf 88' lang='lat' dir='ltr'>licet.“</span> <span class='ocrx_word' id='word_1_346' title='bbox 1505 1818 1551 1852; x_wconf 88' lang='lat' dir='ltr'>In</span> <span class='ocrx_word' id='word_1_347' title='bbox 1566 1819 1640 1851; x_wconf 88' lang='lat' dir='ltr'>hu-</span> 
     </span>
     <span class='ocr_line' id='line_1_67' title="bbox 903 1867 1637 1912; baseline -0.004 -11"><span class='ocrx_word' id='word_1_348' title='bbox 903 1867 1067 1901; x_wconf 87' lang='lat' dir='ltr'>iusmodi</span> <span class='ocrx_word' id='word_1_349' title='bbox 1098 1867 1422 1912; x_wconf 80' lang='lat' dir='ltr'>propositionibus</span> <span class='ocrx_word' id='word_1_350' title='bbox 1452 1876 1522 1899; x_wconf 90' lang='lat' dir='ltr'>nos</span> <span class='ocrx_word' id='word_1_351' title='bbox 1548 1876 1637 1899; x_wconf 88' lang='lat' dir='ltr'>con-</span> 
     </span>
     <span class='ocr_line' id='line_1_68' title="bbox 904 1914 1641 1954; baseline -0.003 -7"><span class='ocrx_word' id='word_1_352' title='bbox 904 1915 1084 1949; x_wconf 86' lang='lat' dir='ltr'>vertimus</span> <span class='ocrx_word' id='word_1_353' title='bbox 1115 1925 1159 1948; x_wconf 84' lang='lat' dir='ltr'>ac</span> <span class='ocrx_word' id='word_1_354' title='bbox 1194 1914 1227 1948; x_wconf 89' lang='lat' dir='ltr'>si</span> <span class='ocrx_word' id='word_1_355' title='bbox 1258 1917 1358 1948; x_wconf 85' lang='lat' dir='ltr'>esset</span> <span class='ocrx_word' id='word_1_356' title='bbox 1382 1922 1433 1947; x_wconf 79' lang='lat' dir='ltr'>an</span> <span class='ocrx_word' id='word_1_357' title='bbox 1455 1922 1547 1954; x_wconf 78' lang='lat' dir='ltr'>non,</span> <span class='ocrx_word' id='word_1_358' title='bbox 1586 1914 1641 1945; x_wconf 78' lang='lat' dir='ltr'>ob</span> 
     </span>
     <span class='ocr_line' id='line_1_69' title="bbox 904 1960 1637 2003; baseline -0.003 -9"><span class='ocrx_word' id='word_1_359' title='bbox 904 1963 1036 1994; x_wconf 75' lang='lat' dir='ltr'>nicht.</span> <span class='ocrx_word' id='word_1_360' title='bbox 1064 1961 1218 1995; x_wconf 86' lang='lat' dir='ltr'>Cfr.Od.</span> <span class='ocrx_word' id='word_1_361' title='bbox 1229 1963 1305 2003; x_wconf 88' lang='grc'>2,4,</span> <span class='ocrx_word' id='word_1_362' title='bbox 1321 1963 1376 1995; x_wconf 90' lang='grc'>13.</span> <span class='ocrx_word' id='word_1_363' title='bbox 1392 1960 1514 1994; x_wconf 88' lang='lat' dir='ltr'>Plaut.</span> <span class='ocrx_word' id='word_1_364' title='bbox 1528 1960 1637 1993; x_wconf 77' lang='lat' dir='ltr'>Most.</span> 
     </span>
     <span class='ocr_line' id='line_1_70' title="bbox 906 2007 1642 2051; baseline -0.003 -10"><span class='ocrx_word' id='word_1_365' title='bbox 906 2011 946 2049; x_wconf 88' lang='grc'>1,</span> <span class='ocrx_word' id='word_1_366' title='bbox 974 2012 1013 2051; x_wconf 91' lang='grc'>1,</span> <span class='ocrx_word' id='word_1_367' title='bbox 1040 2010 1110 2042; x_wconf 87' lang='lat'>55:</span> <span class='ocrx_word' id='word_1_368' title='bbox 1154 2007 1226 2049; x_wconf 75' lang='lat' dir='ltr'>Qui</span> <span class='ocrx_word' id='word_1_369' title='bbox 1256 2009 1344 2049; x_wconf 77' lang='lat' dir='ltr'>scis,</span> <span class='ocrx_word' id='word_1_370' title='bbox 1377 2016 1428 2040; x_wconf 80' lang='lat' dir='ltr'>an</span> <span class='ocrx_word' id='word_1_371' title='bbox 1460 2009 1522 2040; x_wconf 80' lang='lat' dir='ltr'>tibi</span> <span class='ocrx_word' id='word_1_372' title='bbox 1546 2009 1642 2040; x_wconf 76' lang='lat' dir='ltr'>istuc</span> 
     </span>
     <span class='ocr_line' id='line_1_71' title="bbox 901 2054 1641 2095; baseline -0.001 -7"><span class='ocrx_word' id='word_1_373' title='bbox 901 2056 1006 2095; x_wconf 74' lang='lat' dir='ltr'>prius</span> <span class='ocrx_word' id='word_1_374' title='bbox 1031 2056 1173 2088; x_wconf 78' lang='lat' dir='ltr'>eveniat</span> <span class='ocrx_word' id='word_1_375' title='bbox 1198 2063 1309 2095; x_wconf 80' lang='lat' dir='ltr'>quam</span> <span class='ocrx_word' id='word_1_376' title='bbox 1332 2054 1448 2087; x_wconf 79' lang='lat' dir='ltr'>mihi?</span> <span class='ocrx_word' id='word_1_377' title='bbox 1463 2073 1506 2077; x_wconf 84' lang='lat'>-—</span> <span class='ocrx_word' id='word_1_378' title='bbox 1527 2054 1641 2095; x_wconf 80' lang='lat' dir='ltr'>„Ideo</span> 
     </span>
     <span class='ocr_line' id='line_1_72' title="bbox 903 2101 1642 2145; baseline 0.001 -12"><span class='ocrx_word' id='word_1_379' title='bbox 903 2101 966 2134; x_wconf 90' lang='lat' dir='ltr'>hic</span> <span class='ocrx_word' id='word_1_380' title='bbox 990 2102 1281 2145; x_wconf 82' lang='lat' dir='ltr'>praeferendum</span> <span class='ocrx_word' id='word_1_381' title='bbox 1302 2102 1514 2142; x_wconf 75' lang='lat' dir='ltr'>proiecerit,</span> <span class='ocrx_word' id='word_1_382' title='bbox 1549 2101 1642 2145; x_wconf 74' lang='lat' dir='ltr'>quia</span> 
     </span>
     <span class='ocr_line' id='line_1_73' title="bbox 901 2149 1638 2192; baseline 0.003 -12"><span class='ocrx_word' id='word_1_383' title='bbox 901 2149 1080 2189; x_wconf 80' lang='lat' dir='ltr'>proiicere</span> <span class='ocrx_word' id='word_1_384' title='bbox 1093 2150 1266 2190; x_wconf 82' lang='lat' dir='ltr'>animam,</span> <span class='ocrx_word' id='word_1_385' title='bbox 1281 2149 1460 2189; x_wconf 64' lang='lat' dir='ltr'>proiit-ere</span> <span class='ocrx_word' id='word_1_386' title='bbox 1472 2156 1520 2189; x_wconf 77' lang='lat' dir='ltr'>se,</span> <span class='ocrx_word' id='word_1_387' title='bbox 1539 2158 1638 2192; x_wconf 80' lang='lat' dir='ltr'>quae</span> 
     </span>
     <span class='ocr_line' id='line_1_74' title="bbox 904 2195 1641 2240; baseline 0 -12"><span class='ocrx_word' id='word_1_388' title='bbox 904 2195 943 2228; x_wconf 92' lang='lat' dir='ltr'>in</span> <span class='ocrx_word' id='word_1_389' title='bbox 970 2195 1080 2229; x_wconf 87' lang='lat' dir='ltr'>bonis</span> <span class='ocrx_word' id='word_1_390' title='bbox 1105 2195 1353 2240; x_wconf 86' lang='lat' dir='ltr'>scriptoribus</span> <span class='ocrx_word' id='word_1_391' title='bbox 1375 2205 1487 2239; x_wconf 86' lang='lat' dir='ltr'>saepe</span> <span class='ocrx_word' id='word_1_392' title='bbox 1506 2205 1641 2228; x_wconf 86' lang='lat' dir='ltr'>occur·</span> 
     </span>
     <span class='ocr_line' id='line_1_75' title="bbox 904 2242 1639 2287; baseline 0 -12"><span class='ocrx_word' id='word_1_393' title='bbox 904 2245 1012 2283; x_wconf 90' lang='lat' dir='ltr'>runt,</span> <span class='ocrx_word' id='word_1_394' title='bbox 1049 2243 1193 2287; x_wconf 86' lang='lat' dir='ltr'>ubique</span> <span class='ocrx_word' id='word_1_395' title='bbox 1225 2242 1366 2276; x_wconf 83' lang='lat' dir='ltr'>habent</span> <span class='ocrx_word' id='word_1_396' title='bbox 1398 2242 1639 2287; x_wconf 84' lang='lat' dir='ltr'>significatio-</span> 
     </span>
     <span class='ocr_line' id='line_1_76' title="bbox 904 2289 1639 2333; baseline 0 -11"><span class='ocrx_word' id='word_1_397' title='bbox 904 2300 990 2322; x_wconf 87' lang='lat' dir='ltr'>nem</span> <span class='ocrx_word' id='word_1_398' title='bbox 1014 2289 1218 2323; x_wconf 82' lang='lat' dir='ltr'>voluntarii</span> <span class='ocrx_word' id='word_1_399' title='bbox 1251 2289 1482 2323; x_wconf 87' lang='lat' dir='ltr'>discriminis</span> <span class='ocrx_word' id='word_1_400' title='bbox 1514 2289 1639 2333; x_wconf 86' lang='lat' dir='ltr'>deque</span> 
     </span>
     <span class='ocr_line' id='line_1_77' title="bbox 903 2336 1643 2381; baseline 0.001 -12"><span class='ocrx_word' id='word_1_401' title='bbox 903 2346 947 2369; x_wconf 91' lang='lat' dir='ltr'>eo</span> <span class='ocrx_word' id='word_1_402' title='bbox 973 2336 1162 2378; x_wconf 84' lang='lat' dir='ltr'>dicuntur,</span> <span class='ocrx_word' id='word_1_403' title='bbox 1195 2337 1260 2381; x_wconf 88' lang='lat' dir='ltr'>qui</span> <span class='ocrx_word' id='word_1_404' title='bbox 1286 2337 1427 2370; x_wconf 82' lang='lat' dir='ltr'>servari</span> <span class='ocrx_word' id='word_1_405' title='bbox 1453 2339 1517 2370; x_wconf 86' lang='lat' dir='ltr'>aut</span> <span class='ocrx_word' id='word_1_406' title='bbox 1541 2336 1643 2370; x_wconf 88' lang='lat' dir='ltr'>nolit</span> 
     </span>
     <span class='ocr_line' id='line_1_78' title="bbox 903 2383 1638 2427; baseline 0.001 -11"><span class='ocrx_word' id='word_1_407' title='bbox 903 2386 967 2416; x_wconf 81' lang='lat' dir='ltr'>aut</span> <span class='ocrx_word' id='word_1_408' title='bbox 991 2383 1198 2427; x_wconf 79' lang='lat' dir='ltr'>desperet.“</span> <span class='ocrx_word' id='word_1_409' title='bbox 1225 2383 1370 2417; x_wconf 71' lang='lat' dir='ltr'>BENTL.</span> <span class='ocrx_word' id='word_1_410' title='bbox 1388 2403 1432 2407; x_wconf 97' lang='lat'><strong>—</strong></span> <span class='ocrx_word' id='word_1_411' title='bbox 1454 2384 1638 2423; x_wconf 72' lang='lat' dir='ltr'>Siculique</span> 
     </span>
     <span class='ocr_line' id='line_1_79' title="bbox 903 2430 1638 2475; baseline -0.001 -11"><span class='ocrx_word' id='word_1_412' title='bbox 903 2430 988 2472; x_wconf 63' lang='lat' dir='ltr'>cet]</span> <span class='ocrx_word' id='word_1_413' title='bbox 1015 2430 1085 2472; x_wconf 80' lang='lat' dir='ltr'>„Et</span> <span class='ocrx_word' id='word_1_414' title='bbox 1107 2430 1258 2475; x_wconf 88' lang='lat' dir='ltr'>quidem</span> <span class='ocrx_word' id='word_1_415' title='bbox 1281 2430 1368 2464; x_wconf 85' lang='lat' dir='ltr'>talis</span> <span class='ocrx_word' id='word_1_416' title='bbox 1384 2431 1556 2464; x_wconf 86' lang='lat' dir='ltr'>insaniae</span> <span class='ocrx_word' id='word_1_417' title='bbox 1576 2441 1638 2463; x_wconf 83' lang='lat' dir='ltr'>ex-</span> 
     </span>
     <span class='ocr_line' id='line_1_80' title="bbox 903 2476 1641 2521; baseline -0.003 -11"><span class='ocrx_word' id='word_1_418' title='bbox 903 2477 1066 2521; x_wconf 87' lang='lat' dir='ltr'>emplum</span> <span class='ocrx_word' id='word_1_419' title='bbox 1092 2477 1267 2511; x_wconf 89' lang='lat' dir='ltr'>omnibus</span> <span class='ocrx_word' id='word_1_420' title='bbox 1291 2480 1422 2511; x_wconf 89' lang='lat' dir='ltr'>notum</span> <span class='ocrx_word' id='word_1_421' title='bbox 1448 2480 1515 2518; x_wconf 85' lang='lat' dir='ltr'>est,</span> <span class='ocrx_word' id='word_1_422' title='bbox 1552 2476 1641 2509; x_wconf 84' lang='lat' dir='ltr'>Em·</span> 
     </span>
     <span class='ocr_line' id='line_1_81' title="bbox 901 2524 1638 2569; baseline -0.001 -12"><span class='ocrx_word' id='word_1_423' title='bbox 901 2525 1069 2568; x_wconf 87' lang='lat' dir='ltr'>pedoclis</span> <span class='ocrx_word' id='word_1_424' title='bbox 1085 2524 1337 2569; x_wconf 85' lang='lat' dir='ltr'>Agrigentini,</span> <span class='ocrx_word' id='word_1_425' title='bbox 1360 2525 1527 2568; x_wconf 81' lang='lat' dir='ltr'>inquam,</span> <span class='ocrx_word' id='word_1_426' title='bbox 1547 2525 1638 2566; x_wconf 67' lang='lat' dir='ltr'>poe·</span> 
     </span>
     <span class='ocr_line' id='line_1_82' title="bbox 901 2570 1636 2616; baseline -0.004 -11"><span class='ocrx_word' id='word_1_427' title='bbox 901 2575 960 2605; x_wconf 77' lang='lat' dir='ltr'>tae</span> <span class='ocrx_word' id='word_1_428' title='bbox 1001 2571 1240 2616; x_wconf 86' lang='lat' dir='ltr'>philosophi,</span> <span class='ocrx_word' id='word_1_429' title='bbox 1290 2572 1398 2604; x_wconf 86' lang='lat' dir='ltr'>cuius</span> <span class='ocrx_word' id='word_1_430' title='bbox 1443 2570 1636 2603; x_wconf 81' lang='lat' dir='ltr'>interitum</span> 
     </span>
     <span class='ocr_line' id='line_1_83' title="bbox 902 2617 1636 2662; baseline -0.001 -11"><span class='ocrx_word' id='word_1_431' title='bbox 902 2629 1058 2652; x_wconf 83' lang='lat' dir='ltr'>narrare</span> <span class='ocrx_word' id='word_1_432' title='bbox 1076 2618 1233 2662; x_wconf 80' lang='lat' dir='ltr'>placet.“</span> <span class='ocrx_word' id='word_1_433' title='bbox 1260 2617 1335 2650; x_wconf 83' lang='lat' dir='ltr'>cfr.</span> <span class='ocrx_word' id='word_1_434' title='bbox 1348 2617 1442 2661; x_wconf 84' lang='lat' dir='ltr'>Epp.</span> <span class='ocrx_word' id='word_1_435' title='bbox 1465 2619 1495 2657; x_wconf 88' lang='lat'>1,</span> <span class='ocrx_word' id='word_1_436' title='bbox 1513 2618 1566 2658; x_wconf 87' lang='grc'>12,</span> <span class='ocrx_word' id='word_1_437' title='bbox 1579 2618 1636 2650; x_wconf 85' lang='grc'>20.</span> 
     </span>
     <span class='ocr_line' id='line_1_84' title="bbox 900 2663 1636 2709; baseline -0.004 -11"><span class='ocrx_word' id='word_1_438' title='bbox 900 2664 1005 2698; x_wconf 87' lang='lat' dir='ltr'>Inter</span> <span class='ocrx_word' id='word_1_439' title='bbox 1029 2665 1276 2709; x_wconf 87' lang='lat' dir='ltr'>multiplicem</span> <span class='ocrx_word' id='word_1_440' title='bbox 1300 2664 1438 2697; x_wconf 86' lang='lat' dir='ltr'>famam</span> <span class='ocrx_word' id='word_1_441' title='bbox 1462 2663 1508 2696; x_wconf 87' lang='lat' dir='ltr'>de</span> <span class='ocrx_word' id='word_1_442' title='bbox 1531 2663 1636 2696; x_wconf 88' lang='lat' dir='ltr'>illius</span> 
     </span>
     <span class='ocr_line' id='line_1_85' title="bbox 903 2709 1639 2755; baseline -0.004 -10"><span class='ocrx_word' id='word_1_443' title='bbox 903 2711 1004 2746; x_wconf 85' lang='lat' dir='ltr'>exitu</span> <span class='ocrx_word' id='word_1_444' title='bbox 1028 2712 1121 2745; x_wconf 85' lang='lat' dir='ltr'>haec</span> <span class='ocrx_word' id='word_1_445' title='bbox 1148 2721 1299 2755; x_wconf 84' lang='lat' dir='ltr'>quoque</span> <span class='ocrx_word' id='word_1_446' title='bbox 1324 2710 1453 2744; x_wconf 84' lang='lat' dir='ltr'>fabula</span> <span class='ocrx_word' id='word_1_447' title='bbox 1476 2710 1520 2743; x_wconf 79' lang='lat' dir='ltr'>ab</span> <span class='ocrx_word' id='word_1_448' title='bbox 1545 2709 1639 2753; x_wconf 82' lang='lat' dir='ltr'>Hip-</span> 
     </span>
    </p>
   </div>
  </div>
 </body>
</html>
