1774 2930
151 181 237 222 226

653 180 861 215 HORA'I'II
886 180 1171 215 SATIRARUM

271 281 476 325 Contudit
507 282 728 335 articulos,
763 282 835 337 qui
866 296 944 338 pro
975 296 1022 324 se
1052 283 1223 326 tolleret
1254 287 1382 339 atque

267 352 461 396 Mitteret
491 353 536 394 in
566 353 760 409 phimum
790 353 919 406 talos,
952 353 1148 396 mercede
1178 353 1331 396 diurna

270 424 539 466 Conductum
570 424 711 480 pavit3
745 426 904 479 quanto
937 425 1199 466 constantior
1228 424 1365 467 isdem

269 495 320 538 In
349 495 484 548 vitiis,
518 498 636 536 tanto
666 494 804 536 levius
835 496 967 538 miser
998 509 1046 538 ac
1075 496 1192 552 prior
1221 495 1314 549 illo,

272 565 357 615 Qui
387 566 474 608 iam
506 569 725 619 contento,
758 566 844 608 iam
873 566 973 608 laxo
1005 566 1107 609 fune
1137 567 1315 609 laborat.

1615 567 1671 608 20

270 637 368 679 Non
399 637 515 679 dices
547 637 694 691 hodie,
729 651 931 693 quorsum
962 637 1069 680 haec
1098 641 1187 680 tam
1217 638 1367 694 putida
1396 637 1591 691 tendant,

269 707 496 750 Furcifer?
527 708 597 750 Ad
627 711 690 762 te,
722 709 910 765 inquam.
954 708 1049 757 Quo
1080 713 1224 765 pacto,
1256 709 1470 766 pessime?
1498 708 1671 751 Laudas

250 846 304 877 17.
328 845 495 885 phimum
522 843 733 889 (superscr.
755 844 927 887 pirqum)
955 843 1025 886 bS,
1048 846 1198 887 piroum
1223 856 1254 887 c,
1276 853 1435 887 pyroum
1459 844 1554 890 p‚Lt.
1582 864 1624 868 —-

203 893 258 925 18.
282 892 377 924 idem
393 891 510 936 p,LCt
536 895 573 925 et
589 891 794 925 Bentleius.
821 891 887 934 (Ut
904 903 985 934 nos,
1010 891 1143 935 bSEc.)
1163 912 1206 916 —
1227 894 1283 926 19.
1307 893 1373 926 illo
1391 904 1446 938 pr.
1465 892 1502 935 S,
1527 903 1625 927 corr.

199 939 236 983 b,
254 938 370 973 Codd.
388 939 533 983 aliquot
549 939 658 981 Feae,
675 938 752 972 LF:
771 940 834 972 ille
851 938 942 983 Ecp,
959 950 1015 984 pr.
1033 940 1069 982 b,
1086 951 1182 974 corr.
1198 939 1233 983 S,
1253 939 1309 982 Gt,
1325 939 1535 982 Bentleius,
1552 939 1624 973 MJ.

154 1051 398 1085 scribendum
417 1053 475 1085 est
498 1052 689 1093 che-raam,
716 1062 792 1085 non
820 1053 890 1084 chi-

152 1107 282 1140 raqra.
333 1098 440 1132 Conf.
475 1097 568 1143 Epp.
605 1102 643 1140 1,
681 1102 719 1139 1,
754 1100 810 1132 31.
843 1118 891 1122 ——

154 1146 344 1189 contudit]
373 1146 607 1188 „debilitavit
632 1146 742 1179 nodis
768 1147 807 1179 in
834 1145 890 1179 di-

153 1194 318 1238 gitorum
355 1193 528 1227 articulis
567 1193 804 1227 contractis.“
846 1212 888 1216 —

153 1242 315 1275 Mitteret
340 1242 380 1273 i‘n
393 1240 572 1282 phimum}
599 1239 810 1274 Admodum
836 1240 890 1274 di-

154 1298 261 1321 verse
289 1288 468 1321 statuitur
486 1287 530 1320 de
549 1287 607 1321 his
626 1287 889 1321 instrumentis

154 1335 348 1379 usurpatis
375 1335 421 1369 ab
453 1335 703 1369 aleatoribus:
742 1335 783 1376 1)
811 1334 890 1368 Sal-

153 1382 296 1416 masius
322 1382 538 1416 doctissima
561 1381 818 1426 disputatione
844 1382 890 1416 ad

153 1429 296 1463 Histor.
321 1430 418 1475 Aug.
450 1429 498 1463 H.
531 1441 567 1473 p.
595 1431 662 1463 755
696 1441 799 1474 seqq.
827 1429 891 1463 de-

154 1479 406 1511 monstratum
439 1477 507 1510 ivit
535 1478 701 1518 phimum
726 1488 808 1511 esse
834 1477 891 1510 in-

155 1524 412 1566 fundibulum,
437 1523 577 1567 κημόν,
603 1535 650 1558 ex
668 1535 744 1569 quo
763 1527 800 1558 et
817 1527 890 1558 tes-

156 1582 263 1605 serae
281 1573 319 1605 et
337 1572 403 1606 tali
417 1572 658 1606 mitterentur
672 1572 712 1605 in
730 1582 890 1617 pyrgum

155 1619 234 1653 sive
251 1619 443 1661 fritillum;
470 1619 609 1663 duplex
633 1619 735 1653 enim
753 1630 890 1653 nomen

154 1666 254 1699 idem
273 1666 498 1711 significare.
524 1667 560 1708 2)
579 1667 667 1709 Alii,
686 1668 728 1702 ut
745 1666 890 1700 Becker

157 1714 287 1747 Gallus
319 1713 386 1746 ΠΙ.
425 1725 462 1758 p.
497 1716 564 1747 253
600 1724 676 1758 sq.,
713 1713 891 1747 fritillum

155 1760 254 1794 idem
281 1771 363 1794 esse
389 1771 433 1794 ac
455 1762 636 1802 phimum,
671 1771 786 1794 sensu
813 1760 892 1794 Sal-

155 1808 344 1850 masiano,
380 1809 434 1842 uti
469 1808 579 1842 docet
613 1807 736 1849 Sobol.
762 1807 891 1840 Iuven.

155 1855 202 1889 ad
238 1854 314 1888 Sat.
354 1857 417 1897 14,
452 1857 493 1888 5:
538 1856 746 1897 „Fritillus,
784 1854 891 1899 pyxis

157 1913 308 1944 cornea,
335 1902 401 1946 qui
419 1903 524 1944 fimus
549 1902 688 1935 dicitur
708 1901 889 1943 Graece;“

156 1949 195 1983 id
233 1949 334 1994 quod
371 1949 462 1982 mihi
500 1949 696 1993 probabile
731 1948 891 1982 videtur.

157 1997 202 2038 3)
246 1998 416 2030 Phimum
456 1996 554 2030 idem
598 1996 892 2030 instrumentum

158 2055 240 2078 esse
267 2055 309 2078 ac
335 2055 497 2088 pyrgum
523 2043 759 2083 contendunt
777 2043 892 2077 Scho-

158 2091 290 2125 liastae
317 2091 465 2125 Horatii
491 2091 538 2124 ad
562 2091 599 2124 h.
627 2091 651 2123 l.
692 2090 748 2124 De
774 2101 893 2135 pyrgo

160 2138 309 2183 quidem
337 2139 426 2172 satis
459 2139 608 2172 constat
637 2138 754 2172 fuisse
780 2138 895 2171 turri-

160 2186 283 2219 culam
319 2197 348 2219 s.
383 2185 598 2230 cylindrum
636 2195 787 2227 cavum,
826 2185 894 2229 qui

158 2234 397 2267 trochleatim
415 2233 564 2266 effictus
590 2235 670 2266 erat
695 2235 894 2277 certosque

159 2281 321 2314 habebat
346 2281 449 2314 intus
483 2280 623 2325 gradus
650 2280 815 2321 excisos,
850 2291 896 2313 ex

161 2327 301 2371 quibus
321 2327 610 2361 effundebantur
628 2327 695 2361 tali
714 2327 754 2360 in
772 2327 895 2360 alveo-

160 2374 239 2407 lum
282 2376 360 2408 sive
400 2375 566 2408 tabulam
607 2375 806 2416 lusoriam,
854 2374 895 2407 in

161 2422 271 2455 cuius
289 2422 413 2455 media
430 2424 536 2466 parte
562 2421 798 2455 statuebatur
817 2423 895 2454 tur-

160 2469 295 2502 ricula.
345 2468 390 2502 H.
417 2469 441 2515 1.
467 2469 584 2513 igitur
616 2470 726 2502 homo
753 2468 799 2502 ad
825 2468 896 2502 hoc

163 2516 372 2550 conductus
398 2516 494 2549 talos
527 2516 700 2549 manibus
727 2515 896 2549 sublatos

161 2563 276 2597 mittit
301 2563 341 2596 in
359 2563 528 2606 phimum
546 2565 659 2607 atque
687 2574 731 2596 ex
756 2563 826 2596 hoc
844 2562 896 2596 ef-

162 2611 287 2644 fundit
311 2611 351 2643 in
369 2620 530 2654 pyrgum
548 2610 667 2644 altera
683 2621 796 2643 manu
813 2621 897 2643 rur-

164 2669 228 2691 sus
255 2656 559 2691 concutiendum.
583 2676 622 2680 ——
645 2658 757 2690 levius
774 2657 896 2700 miser]

163 2704 288 2738 Minus
324 2705 459 2738 usitate
486 2704 540 2737 sic
567 2703 679 2746 dixit,
714 2715 798 2737 cum
823 2704 897 2738 fre-

164 2752 438 2796 quentissimus
471 2751 519 2784 sit
552 2751 734 2795 positivus
769 2752 896 2786 leviter

939 1053 1087 1085 saucius
1114 1055 1184 1086 cet.
1209 1071 1256 1076 --
1278 1053 1385 1093 prior
1408 1052 1496 1095 illo]
1518 1060 1672 1097 ¹„prope

939 1099 1192 1143 praestantior
1220 1101 1257 1133 et
1274 1099 1421 1133 felicior
1439 1100 1590 1133 homine
1617 1099 1673 1132 in·

940 1146 1171 1188 constanti;“
1199 1158 1287 1181 nam
1312 1146 1353 1180 in
1371 1148 1554 1190 pravitate
1581 1157 1673 1191 quo-

941 1204 1013 1237 que
1040 1194 1179 1238 gradus
1198 1196 1288 1228 sunt
1305 1194 1471 1228 minores
1497 1204 1539 1228 ao
1557 1194 1672 1228 maio-

939 1251 1011 1282 res,
1038 1241 1141 1285 quod
1167 1240 1214 1274 ad
1240 1241 1323 1275 eius
1349 1241 1587 1274 incommoda
1612 1252 1673 1275 ex-

939 1290 1048 1321 terna
1072 1289 1218 1322 attinet.
1238 1307 1282 1312 —-
1311 1290 1382 1330 Qui
1406 1290 1483 1322 iam
1508 1291 1673 1322 contento

941 1335 1024 1378 oet]
1061 1334 1189 1380 Imago
1230 1332 1414 1382 ἀμετρίας
1453 1336 1494 1368 in
1535 1338 1674 1369 utram-

941 1393 1014 1426 que
1051 1385 1214 1426 partem,
1254 1382 1453 1427 desumpta
1488 1394 1511 1416 a
1548 1382 1674 1417 nautis

939 1429 1048 1463 modo
1076 1429 1128 1463 ita
1144 1429 1255 1464 funes
1279 1429 1608 1472 contendentibus,
1633 1432 1676 1464 ut

939 1477 1152 1521 periculum
1172 1477 1231 1519 sit,
1249 1488 1296 1511 ne
1310 1479 1548 1522 rumpantur,
1564 1477 1675 1511 modo

940 1524 1051 1558 nimis
1079 1524 1305 1567 laxantibus,
1331 1525 1386 1558 ita
1409 1527 1452 1558 ut
1470 1525 1559 1559 ‘vela
1585 1535 1675 1558 con-

941 1571 1078 1605 cidant.
1128 1571 1285 1606 Lucian.
1319 1571 1418 1605 Dial.
1457 1579 1607 1606 meretr.
1641 1574 1674 1613 3,

941 1621 1052 1652 extr..
1055 1613 1163 1675 Epa,
1188 1631 1244 1662 μη
1263 1630 1362 1652 κατα
1378 1616 1448 1662 τὴν
1466 1619 1676 1673 παροιμίαν

939 1662 1222 1719 ἀίῑΟρῥής-(Ομέν
1261 1676 1361 1699 πανυ
1399 1667 1595 1699 τείνουσαι
1631 1663 1676 1699 τὸ

939 1709 1140 1746 καλώδιον.
1193 1712 1336 1747 Sensus
1378 1713 1526 1747 clarus:
1577 1713 1674 1758 „qui

941 1759 1051 1793 modo
1090 1760 1202 1793 nimis
1240 1759 1418 1794 adstricto
1461 1762 1498 1794 et
1535 1770 1676 1802 severe,

940 1806 1050 1840 modo
1089 1806 1200 1840 nimis
1235 1807 1318 1841 laxe
1356 1817 1401 1841 ac
1438 1807 1677 1852 negligenter

941 1853 1064 1887 vivit.“

990 1902 1111 1934 21-27.
1138 1900 1258 1943 hodie]
1283 1912 1340 1945 pr.
1368 1903 1594 1946 „antequam
1615 1901 1677 1936 hic

942 1947 1021 1981 dies
1048 1948 1251 1990 transeat“,
1278 1948 1317 1982 id
1342 1950 1410 1990 est,
1437 1948 1576 1991 „illico‚
1603 1951 1676 1982 sta-

942 1995 1042 2028 tim.“
1071 1995 1132 2029 Sic
1148 1995 1272 2029 Plaut.
1300 1995 1382 2029 Cas.
1401 1998 1434 2037 4,
1455 1998 1486 2038 1,
1511 1997 1552 2029 7:
1581 1997 1679 2037 Quin

943 2043 1050 2084 aqitis
1090 2043 1219 2076 hodie?
1233 2061 1248 2067 -
1262 2060 1277 2067 -
1291 2062 1306 2068 -
1319 2044 1534 2084 Properate.
1585 2042 1678 2076 Titi-

943 2090 1031 2123 nius
1058 2089 1098 2122 in
1122 2089 1222 2123 Iuris
1248 2090 1390 2134 perita:
1432 2091 1678 2131 Nunquamne

942 2138 1031 2169 mihi
1074 2138 1194 2170 licebit
1230 2138 1334 2171 hodie
1371 2138 1517 2171 dicere?
1565 2136 1677 2180 (Maii
1713 2158 1715 2160 -

943 2184 1107 2229 Interpr.
1132 2184 1179 2218 ad
1203 2184 1297 2219 Aen.
1324 2187 1356 2227 2,
1383 2184 1480 2226 670.)
1499 2203 1542 2208 -—
1569 2193 1678 2225 quor-

943 2240 1024 2264 sum
1059 2233 1146 2265 haec
1163 2250 1178 2257 -
1196 2251 1211 2257 -
1227 2231 1426 2274 tendantPJ
1467 2230 1678 2274 „Quamdiu

944 2290 1016 2322 me,
1043 2279 1180 2321 scelus,
1205 2281 1282 2312 tam
1307 2279 1436 2323 inepto
1462 2278 1677 2324 (φορτικῷ)

945 2337 1118 2360 sermone
1156 2325 1364 2367 obtundas,
1401 2325 1502 2360 haud
1536 2325 1678 2367 dicens,

946 2374 1038 2418 quid
1063 2373 1134 2406 tibi
1158 2373 1252 2407 velis
1262 2373 1301 2406 Ψ*
1326 2391 1370 2396 —
1395 2372 1578 2415 Furcifer]
1604 2371 1679 2406 Do-

945 2423 1058 2454 natus
1084 2421 1131 2453 ad
1157 2420 1309 2454 Terent.
1350 2419 1468 2453 Andr.
1495 2421 1527 2462 3,
1555 2422 1587 2462 5,
1614 2421 1676 2453 12:

947 2468 1150 2510 „Furciferi
1172 2467 1406 2509 dicebantur,
1433 2467 1499 2511 qui
1525 2467 1572 2501 ob
1596 2466 1678 2501 leve

946 2493 1127 2549 delictum
1175 2515 1408 2559 cogebantur
1449 2525 1472 2548 a
1515 2513 1677 2547 dominis

945 2562 1174 2607 ignominiae
1207 2561 1325 2616 magis
1360 2572 1473 2606 quam
1499 2560 1678 2605 supplicii

916 2642 917 2645 ,
946 2620 1060 2644 causa
1086 2608 1187 2643 cirea
1213 2609 1358 2643 vicinos
1382 2608 1527 2642 furcam
1545 2606 1611 2650 (V)
1636 2607 1677 2641 in

946 2657 1042 2691 collo
1059 2656 1158 2690 ferre
1177 2655 1373 2701 subligatis
1397 2654 1444 2690 ad
1463 2665 1542 2689 eam
1560 2654 1679 2689 mani-

945 2705 1028 2746 bus,
1054 2705 1092 2736 et
1115 2702 1334 2747 praedicare
1351 2704 1548 2747 peccatum
1566 2712 1676 2735 suum

946 2750 1133 2794 simulque
1160 2760 1398 2784 summouere
1430 2752 1595 2790 ceteros,
1629 2759 1677 2782 ne
