<?xml version="1.0" encoding="UTF-8"?>
<!DOCTYPE html PUBLIC "-//W3C//DTD XHTML 1.0 Transitional//EN"
    "http://www.w3.org/TR/xhtml1/DTD/xhtml1-transitional.dtd">
<html xmlns="http://www.w3.org/1999/xhtml" xml:lang="en" lang="en">
 <head>
  <title>
</title>
<meta http-equiv="Content-Type" content="text/html;charset=utf-8" />
  <meta name='ocr-system' content='tesseract 3.04.00' />
  <meta name='ocr-capabilities' content='ocr_page ocr_carea ocr_par ocr_line ocrx_word'/>
</head>
<body>
  <div class='ocr_page' id='page_1' title='image "./qhoratiusflaccus00horauoft_0157.png"; bbox 0 0 1774 2930; ppageno 0'>
   <div class='ocr_carea' id='block_1_1' title="bbox 699 122 868 158">
    <p class='ocr_par' dir='ltr' id='par_1_1' title="bbox 699 122 868 158">
     <span class='ocr_line' id='line_1_1' title="bbox 699 122 868 158; baseline 0.006 -1"><span class='ocrx_word' id='word_1_1' title='bbox 699 122 794 158; x_wconf 78' lang='lat' dir='ltr'><strong>Lm.</strong></span> <span class='ocrx_word' id='word_1_2' title='bbox 818 123 868 158; x_wconf 91' lang='grc' dir='ltr'><strong>Π.</strong></span> 
     </span>
    </p>
   </div>
   <div class='ocr_carea' id='block_1_2' title="bbox 916 121 1647 167">
    <p class='ocr_par' dir='ltr' id='par_1_2' title="bbox 916 121 1647 167">
     <span class='ocr_line' id='line_1_2' title="bbox 916 121 1647 167; baseline 0.015 -10"><span class='ocrx_word' id='word_1_3' title='bbox 916 121 1019 158; x_wconf 76' lang='lat' dir='ltr'><strong>sAT.</strong></span> <span class='ocrx_word' id='word_1_4' title='bbox 1042 122 1092 157; x_wconf 89' lang='lat'><strong>11.</strong></span> <span class='ocrx_word' id='word_1_5' title='bbox 1565 125 1647 167; x_wconf 81' lang='lat'><strong>149</strong></span> 
     </span>
    </p>
   </div>
   <div class='ocr_carea' id='block_1_3' title="bbox 252 221 1463 279">
    <p class='ocr_par' dir='ltr' id='par_1_3' title="bbox 252 221 1463 279">
     <span class='ocr_line' id='line_1_3' title="bbox 252 221 1463 279; baseline -0.001 -12"><span class='ocrx_word' id='word_1_6' title='bbox 252 223 415 268; x_wconf 84' lang='lat' dir='ltr'><strong>Saevus</strong></span> <span class='ocrx_word' id='word_1_7' title='bbox 447 224 544 278; x_wconf 82' lang='lat' dir='ltr'><strong>erit3</strong></span> <span class='ocrx_word' id='word_1_8' title='bbox 577 237 657 267; x_wconf 87' lang='lat' dir='ltr'><strong>nec</strong></span> <span class='ocrx_word' id='word_1_9' title='bbox 687 224 748 265; x_wconf 88' lang='lat' dir='ltr'><strong>sic</strong></span> <span class='ocrx_word' id='word_1_10' title='bbox 778 227 826 265; x_wconf 92' lang='lat' dir='ltr'><strong>ut</strong></span> <span class='ocrx_word' id='word_1_11' title='bbox 857 223 1039 279; x_wconf 82' lang='lat' dir='ltr'><strong>simplex</strong></span> <span class='ocrx_word' id='word_1_12' title='bbox 1068 221 1256 266; x_wconf 82' lang='lat' dir='ltr'><strong>Naevius</strong></span> <span class='ocrx_word' id='word_1_13' title='bbox 1287 227 1463 266; x_wconf 89' lang='lat' dir='ltr'><strong>unctam</strong></span> 
     </span>
    </p>
   </div>
   <div class='ocr_carea' id='block_1_4' title="bbox 248 294 1508 492">
    <p class='ocr_par' dir='ltr' id='par_1_4' title="bbox 248 294 1508 492">
     <span class='ocr_line' id='line_1_4' title="bbox 252 294 892 351; baseline -0.005 -13"><span class='ocrx_word' id='word_1_14' title='bbox 252 295 454 339; x_wconf 82' lang='lat' dir='ltr'><strong>convivis</strong></span> <span class='ocrx_word' id='word_1_15' title='bbox 473 294 696 351; x_wconf 77' lang='lat' dir='ltr'><strong>praebebit</strong></span> <span class='ocrx_word' id='word_1_16' title='bbox 716 307 892 350; x_wconf 82' lang='lat' dir='ltr'><strong>aquam3</strong></span> 
     </span>
     <span class='ocr_line' id='line_1_5' title="bbox 248 364 1508 422; baseline 0.001 -14"><span class='ocrx_word' id='word_1_17' title='bbox 248 364 413 422; x_wconf 85' lang='lat' dir='ltr'><strong>Accipe</strong></span> <span class='ocrx_word' id='word_1_18' title='bbox 441 379 572 419; x_wconf 90' lang='lat' dir='ltr'><strong>nunc,</strong></span> <span class='ocrx_word' id='word_1_19' title='bbox 604 365 741 407; x_wconf 84' lang='lat' dir='ltr'><strong>victus</strong></span> <span class='ocrx_word' id='word_1_20' title='bbox 772 365 914 407; x_wconf 80' lang='lat' dir='ltr'><strong>tenuis</strong></span> <span class='ocrx_word' id='word_1_21' title='bbox 945 378 1055 420; x_wconf 86' lang='lat' dir='ltr'><strong>quae</strong></span> <span class='ocrx_word' id='word_1_22' title='bbox 1085 367 1329 421; x_wconf 86' lang='lat' dir='ltr'><strong>quantaque</strong></span> <span class='ocrx_word' id='word_1_23' title='bbox 1361 379 1508 409; x_wconf 86' lang='lat' dir='ltr'><strong>secum</strong></span> 
     </span>
     <span class='ocr_line' id='line_1_6' title="bbox 489 434 1469 492; baseline 0.001 -14"><span class='ocrx_word' id='word_1_24' title='bbox 489 436 702 492; x_wconf 83' lang='lat' dir='ltr'><strong>Imprimis</strong></span> <span class='ocrx_word' id='word_1_25' title='bbox 734 436 878 478; x_wconf 82' lang='lat' dir='ltr'><strong>valeas</strong></span> <span class='ocrx_word' id='word_1_26' title='bbox 907 435 1040 478; x_wconf 91' lang='lat' dir='ltr'><strong>bene:</strong></span> <span class='ocrx_word' id='word_1_27' title='bbox 1073 434 1192 489; x_wconf 87' lang='lat' dir='ltr'><strong>nam&#39;,</strong></span> <span class='ocrx_word' id='word_1_28' title='bbox 1223 436 1368 479; x_wconf 85' lang='lat' dir='ltr'><strong>variae</strong></span> <span class='ocrx_word' id='word_1_29' title='bbox 1400 450 1469 479; x_wconf 89' lang='lat' dir='ltr'><strong>res</strong></span> 
     </span>
    </p>
   </div>
   <div class='ocr_carea' id='block_1_5' title="bbox 251 435 431 479">
    <p class='ocr_par' dir='ltr' id='par_1_5' title="bbox 251 435 431 479">
     <span class='ocr_line' id='line_1_7' title="bbox 251 435 431 479; baseline -0.011 0"><span class='ocrx_word' id='word_1_30' title='bbox 251 435 431 479; x_wconf 82' lang='lat' dir='ltr'><strong>Afferat.</strong></span> 
     </span>
    </p>
   </div>
   <div class='ocr_carea' id='block_1_6' title="bbox 912 293 1647 409">
    <p class='ocr_par' dir='ltr' id='par_1_6' title="bbox 912 293 1647 409">
     <span class='ocr_line' id='line_1_8' title="bbox 912 293 1587 351; baseline 0.003 -16"><span class='ocrx_word' id='word_1_31' title='bbox 912 293 1066 335; x_wconf 82' lang='lat' dir='ltr'><strong>vitium</strong></span> <span class='ocrx_word' id='word_1_32' title='bbox 1084 293 1166 336; x_wconf 89' lang='lat' dir='ltr'><strong>hoc</strong></span> <span class='ocrx_word' id='word_1_33' title='bbox 1181 293 1350 350; x_wconf 88' lang='lat' dir='ltr'><strong>quoque</strong></span> <span class='ocrx_word' id='word_1_34' title='bbox 1365 308 1587 351; x_wconf 85' lang='lat' dir='ltr'><strong>magnum.</strong></span> 
     </span>
     <span class='ocr_line' id='line_1_9' title="bbox 1592 367 1647 409; baseline 0.018 -1"><span class='ocrx_word' id='word_1_35' title='bbox 1592 367 1647 409; x_wconf 74' lang='lat'><strong>70</strong></span> 
     </span>
    </p>
   </div>
   <div class='ocr_carea' id='block_1_7' title="bbox 251 505 1427 703">
    <p class='ocr_par' dir='ltr' id='par_1_7' title="bbox 251 505 1427 703">
     <span class='ocr_line' id='line_1_10' title="bbox 251 505 1427 561; baseline 0.001 -12"><span class='ocrx_word' id='word_1_36' title='bbox 251 506 311 549; x_wconf 89' lang='lat' dir='ltr'><strong>Ut</strong></span> <span class='ocrx_word' id='word_1_37' title='bbox 340 510 522 549; x_wconf 79' lang='lat' dir='ltr'>noceant</span> <span class='ocrx_word' id='word_1_38' title='bbox 550 507 732 559; x_wconf 80' lang='lat' dir='ltr'><strong>homini,</strong></span> <span class='ocrx_word' id='word_1_39' title='bbox 764 505 910 549; x_wconf 85' lang='lat' dir='ltr'><strong>credas</strong></span> <span class='ocrx_word' id='word_1_40' title='bbox 940 519 1104 549; x_wconf 90' lang='lat' dir='ltr'><strong>memor</strong></span> <span class='ocrx_word' id='word_1_41' title='bbox 1133 506 1250 548; x_wconf 89' lang='lat' dir='ltr'><strong>illius</strong></span> <span class='ocrx_word' id='word_1_42' title='bbox 1282 521 1427 561; x_wconf 87' lang='lat' dir='ltr'><strong>escae,</strong></span> 
     </span>
     <span class='ocr_line' id='line_1_11' title="bbox 253 576 1414 634; baseline 0 -14"><span class='ocrx_word' id='word_1_43' title='bbox 253 576 375 626; x_wconf 84' lang='lat' dir='ltr'><strong>Quae</strong></span> <span class='ocrx_word' id='word_1_44' title='bbox 405 578 589 634; x_wconf 83' lang='lat' dir='ltr'><strong>simplex</strong></span> <span class='ocrx_word' id='word_1_45' title='bbox 619 578 721 619; x_wconf 92' lang='lat' dir='ltr'><strong>olim</strong></span> <span class='ocrx_word' id='word_1_46' title='bbox 750 577 828 619; x_wconf 91' lang='lat' dir='ltr'><strong>tibi</strong></span> <span class='ocrx_word' id='word_1_47' title='bbox 858 576 1039 630; x_wconf 84' lang='lat' dir='ltr'><strong>sederit3</strong></span> <span class='ocrx_word' id='word_1_48' title='bbox 1073 579 1117 619; x_wconf 87' lang='lat' dir='ltr'><strong>at</strong></span> <span class='ocrx_word' id='word_1_49' title='bbox 1147 576 1274 619; x_wconf 91' lang='lat' dir='ltr'><strong>simul</strong></span> <span class='ocrx_word' id='word_1_50' title='bbox 1305 579 1414 621; x_wconf 86' lang='lat' dir='ltr'><strong>assis</strong></span> 
     </span>
     <span class='ocr_line' id='line_1_12' title="bbox 252 646 1234 703; baseline -0.002 -13"><span class='ocrx_word' id='word_1_51' title='bbox 252 647 476 691; x_wconf 69' lang='lat' dir='ltr'><strong>miscueris</strong></span> <span class='ocrx_word' id='word_1_52' title='bbox 507 649 639 701; x_wconf 81' lang='lat' dir='ltr'><strong>elixa,</strong></span> <span class='ocrx_word' id='word_1_53' title='bbox 672 647 798 689; x_wconf 89' lang='lat' dir='ltr'><strong>simul</strong></span> <span class='ocrx_word' id='word_1_54' title='bbox 829 646 1050 703; x_wconf 88' lang='lat' dir='ltr'><strong>conchylia</strong></span> <span class='ocrx_word' id='word_1_55' title='bbox 1078 647 1234 701; x_wconf 85' lang='lat' dir='ltr'><strong>turdis,</strong></span> 
     </span>
    </p>
   </div>
   <div class='ocr_carea' id='block_1_8' title="bbox 252 717 1511 778">
    <p class='ocr_par' dir='ltr' id='par_1_8' title="bbox 252 717 1511 778">
     <span class='ocr_line' id='line_1_13' title="bbox 252 717 1511 778; baseline 0.002 -18"><span class='ocrx_word' id='word_1_56' title='bbox 252 718 409 760; x_wconf 89' lang='lat' dir='ltr'><strong>Dulcia</strong></span> <span class='ocrx_word' id='word_1_57' title='bbox 437 733 484 761; x_wconf 90' lang='lat' dir='ltr'><strong>se</strong></span> <span class='ocrx_word' id='word_1_58' title='bbox 514 719 560 760; x_wconf 92' lang='lat' dir='ltr'><strong>in</strong></span> <span class='ocrx_word' id='word_1_59' title='bbox 588 719 719 761; x_wconf 90' lang='lat' dir='ltr'><strong>bilem</strong></span> <span class='ocrx_word' id='word_1_60' title='bbox 747 721 917 761; x_wconf 78' lang='lat' dir='ltr'><strong>vertent</strong></span> <span class='ocrx_word' id='word_1_61' title='bbox 946 717 1250 778; x_wconf 72' lang='lat' dir='ltr'><strong>stomachoque</strong></span> <span class='ocrx_word' id='word_1_62' title='bbox 1280 719 1511 762; x_wconf 89' lang='lat' dir='ltr'><strong>tumultum</strong></span> 
     </span>
    </p>
   </div>
   <div class='ocr_carea' id='block_1_9' title="bbox 1592 721 1646 762">
    <p class='ocr_par' dir='ltr' id='par_1_9' title="bbox 1592 721 1646 762">
     <span class='ocr_line' id='line_1_14' title="bbox 1592 721 1646 762; baseline 0.019 -1"><span class='ocrx_word' id='word_1_63' title='bbox 1592 721 1646 762; x_wconf 74' lang='lat'><strong>75</strong></span> 
     </span>
    </p>
   </div>
   <div class='ocr_carea' id='block_1_10' title="bbox 251 788 1443 1058">
    <p class='ocr_par' dir='ltr' id='par_1_10' title="bbox 251 788 1443 1058">
     <span class='ocr_line' id='line_1_15' title="bbox 252 788 1402 845; baseline 0.002 -15"><span class='ocrx_word' id='word_1_64' title='bbox 252 788 395 832; x_wconf 89' lang='lat' dir='ltr'><strong>Lenta</strong></span> <span class='ocrx_word' id='word_1_65' title='bbox 423 789 532 832; x_wconf 80' lang='lat' dir='ltr'><strong>feret</strong></span> <span class='ocrx_word' id='word_1_66' title='bbox 559 789 727 845; x_wconf 78' lang='lat' dir='ltr'><strong>pituita.</strong></span> <span class='ocrx_word' id='word_1_67' title='bbox 787 788 940 842; x_wconf 85' lang='lat' dir='ltr'><strong>Vides,</strong></span> <span class='ocrx_word' id='word_1_68' title='bbox 972 792 1021 830; x_wconf 91' lang='lat' dir='ltr'><strong>ut</strong></span> <span class='ocrx_word' id='word_1_69' title='bbox 1049 789 1232 845; x_wconf 86' lang='lat' dir='ltr'><strong>pallidus</strong></span> <span class='ocrx_word' id='word_1_70' title='bbox 1265 790 1402 832; x_wconf 88' lang='lat' dir='ltr'><strong>omnis</strong></span> 
     </span>
     <span class='ocr_line' id='line_1_16' title="bbox 254 858 1369 916; baseline 0.001 -15"><span class='ocrx_word' id='word_1_71' title='bbox 254 859 374 902; x_wconf 79' lang='lat' dir='ltr'><strong>Cena</strong></span> <span class='ocrx_word' id='word_1_72' title='bbox 401 859 603 916; x_wconf 84' lang='lat' dir='ltr'><strong>desurgat</strong></span> <span class='ocrx_word' id='word_1_73' title='bbox 632 859 792 902; x_wconf 81' lang='lat' dir='ltr'><strong>dubia?</strong></span> <span class='ocrx_word' id='word_1_74' title='bbox 837 858 953 908; x_wconf 87' lang='lat' dir='ltr'><strong>Quin</strong></span> <span class='ocrx_word' id='word_1_75' title='bbox 983 873 1134 916; x_wconf 89' lang='lat' dir='ltr'><strong>corpus</strong></span> <span class='ocrx_word' id='word_1_76' title='bbox 1166 863 1369 902; x_wconf 84' lang='lat' dir='ltr'><strong>onustum</strong></span> 
     </span>
     <span class='ocr_line' id='line_1_17' title="bbox 252 929 1443 987; baseline 0.002 -15"><span class='ocrx_word' id='word_1_77' title='bbox 252 929 478 973; x_wconf 83' lang='lat' dir='ltr'><strong>Hesternis</strong></span> <span class='ocrx_word' id='word_1_78' title='bbox 507 931 624 973; x_wconf 84' lang='lat' dir='ltr'><strong>vitiis</strong></span> <span class='ocrx_word' id='word_1_79' title='bbox 655 931 845 972; x_wconf 89' lang='lat' dir='ltr'><strong>animum</strong></span> <span class='ocrx_word' id='word_1_80' title='bbox 875 944 1043 987; x_wconf 92' lang='lat' dir='ltr'><strong>quoque</strong></span> <span class='ocrx_word' id='word_1_81' title='bbox 1074 934 1328 987; x_wconf 86' lang='lat' dir='ltr'><strong>praegravat</strong></span> <span class='ocrx_word' id='word_1_82' title='bbox 1357 945 1443 974; x_wconf 90' lang='lat' dir='ltr'><strong>una</strong></span> 
     </span>
     <span class='ocr_line' id='line_1_18' title="bbox 251 999 1377 1058; baseline 0.002 -16"><span class='ocrx_word' id='word_1_83' title='bbox 251 999 395 1056; x_wconf 81' lang='lat' dir='ltr'><strong>Atque</strong></span> <span class='ocrx_word' id='word_1_84' title='bbox 425 1000 561 1056; x_wconf 88' lang='lat' dir='ltr'><strong>affigit</strong></span> <span class='ocrx_word' id='word_1_85' title='bbox 589 1000 719 1043; x_wconf 88' lang='lat' dir='ltr'><strong>humo</strong></span> <span class='ocrx_word' id='word_1_86' title='bbox 751 1001 920 1044; x_wconf 87' lang='lat' dir='ltr'><strong>divinae</strong></span> <span class='ocrx_word' id='word_1_87' title='bbox 950 1002 1203 1058; x_wconf 78' lang='lat' dir='ltr'><strong>particulam</strong></span> <span class='ocrx_word' id='word_1_88' title='bbox 1234 1016 1377 1046; x_wconf 85' lang='lat' dir='ltr'><strong>aurae.</strong></span> 
     </span>
    </p>
   </div>
   <div class='ocr_carea' id='block_1_11' title="bbox 230 1129 1128 1172">
    <p class='ocr_par' dir='ltr' id='par_1_11' title="bbox 230 1129 1128 1172">
     <span class='ocr_line' id='line_1_19' title="bbox 230 1129 1128 1172; baseline 0.002 -9"><span class='ocrx_word' id='word_1_89' title='bbox 230 1130 287 1163; x_wconf 84' lang='grc'><strong>79.</strong></span> <span class='ocrx_word' id='word_1_90' title='bbox 312 1130 443 1172; x_wconf 59' lang='lat' dir='ltr'><strong>affligit</strong></span> <span class='ocrx_word' id='word_1_91' title='bbox 467 1132 542 1164; x_wconf 87' lang='lat' dir='ltr'><strong>tres</strong></span> <span class='ocrx_word' id='word_1_92' title='bbox 566 1130 749 1172; x_wconf 86' lang='lat' dir='ltr'><strong>Pottierii,</strong></span> <span class='ocrx_word' id='word_1_93' title='bbox 773 1129 836 1164; x_wconf 83' lang='lat' dir='ltr'><strong>Lc</strong></span> <span class='ocrx_word' id='word_1_94' title='bbox 860 1133 899 1164; x_wconf 90' lang='lat' dir='ltr'><strong>et</strong></span> <span class='ocrx_word' id='word_1_95' title='bbox 922 1130 1128 1165; x_wconf 88' lang='lat' dir='ltr'><strong>Bentleius.</strong></span> 
     </span>
    </p>
   </div>
   <div class='ocr_carea' id='block_1_12' title="bbox 134 1230 867 2729">
    <p class='ocr_par' dir='ltr' id='par_1_12' title="bbox 134 1230 867 2729">
     <span class='ocr_line' id='line_1_20' title="bbox 135 1230 864 1274; baseline 0.001 -12"><span class='ocrx_word' id='word_1_96' title='bbox 135 1239 202 1263; x_wconf 80' lang='lat' dir='ltr'><strong>vos</strong></span> <span class='ocrx_word' id='word_1_97' title='bbox 220 1239 328 1263; x_wconf 88' lang='lat' dir='ltr'><strong>suum</strong></span> <span class='ocrx_word' id='word_1_98' title='bbox 342 1240 527 1274; x_wconf 87' lang='lat' dir='ltr'><strong>quemque</strong></span> <span class='ocrx_word' id='word_1_99' title='bbox 540 1240 678 1264; x_wconf 84' lang='lat' dir='ltr'><strong>munus</strong></span> <span class='ocrx_word' id='word_1_100' title='bbox 696 1230 744 1263; x_wconf 88' lang='lat' dir='ltr'><strong>ad</strong></span> <span class='ocrx_word' id='word_1_101' title='bbox 760 1240 864 1264; x_wconf 85' lang='lat' dir='ltr'><strong>men-</strong></span> 
     </span>
     <span class='ocr_line' id='line_1_21' title="bbox 135 1275 865 1321; baseline 0.003 -12"><span class='ocrx_word' id='word_1_102' title='bbox 135 1286 216 1310; x_wconf 81' lang='lat' dir='ltr'><strong>sam</strong></span> <span class='ocrx_word' id='word_1_103' title='bbox 241 1275 345 1310; x_wconf 88' lang='lat' dir='ltr'><strong>obire</strong></span> <span class='ocrx_word' id='word_1_104' title='bbox 378 1276 499 1318; x_wconf 88' lang='lat' dir='ltr'><strong>iubet,</strong></span> <span class='ocrx_word' id='word_1_105' title='bbox 532 1277 622 1321; x_wconf 87' lang='lat' dir='ltr'><strong>quia</strong></span> <span class='ocrx_word' id='word_1_106' title='bbox 652 1277 726 1321; x_wconf 86' lang='lat' dir='ltr'><strong>ipsi</strong></span> <span class='ocrx_word' id='word_1_107' title='bbox 751 1277 865 1311; x_wconf 78' lang='lat' dir='ltr'><strong>nimis</strong></span> 
     </span>
     <span class='ocr_line' id='line_1_22' title="bbox 137 1322 865 1368; baseline 0.001 -12"><span class='ocrx_word' id='word_1_108' title='bbox 137 1322 231 1356; x_wconf 82' lang='lat' dir='ltr'><strong>lenti</strong></span> <span class='ocrx_word' id='word_1_109' title='bbox 240 1322 428 1366; x_wconf 81' lang='lat' dir='ltr'><strong>videntur,</strong></span> <span class='ocrx_word' id='word_1_110' title='bbox 442 1323 607 1357; x_wconf 74' lang='lat' dir='ltr'><strong>desaevit</strong></span> <span class='ocrx_word' id='word_1_111' title='bbox 617 1335 756 1368; x_wconf 89' lang='lat' dir='ltr'><strong>eosque</strong></span> <span class='ocrx_word' id='word_1_112' title='bbox 770 1325 865 1357; x_wconf 82' lang='lat' dir='ltr'><strong>male</strong></span> 
     </span>
     <span class='ocr_line' id='line_1_23' title="bbox 138 1369 867 1413; baseline 0.003 -11"><span class='ocrx_word' id='word_1_113' title='bbox 138 1369 298 1412; x_wconf 81' lang='lat' dir='ltr'><strong>mulcat3</strong></span> <span class='ocrx_word' id='word_1_114' title='bbox 335 1380 410 1413; x_wconf 90' lang='lat' dir='ltr'><strong>qua</strong></span> <span class='ocrx_word' id='word_1_115' title='bbox 441 1370 638 1403; x_wconf 76' lang='lat' dir='ltr'><strong>iracundia</strong></span> <span class='ocrx_word' id='word_1_116' title='bbox 662 1374 699 1404; x_wconf 89' lang='lat' dir='ltr'><strong>et</strong></span> <span class='ocrx_word' id='word_1_117' title='bbox 732 1370 805 1404; x_wconf 86' lang='lat' dir='ltr'><strong>sibi</strong></span> <span class='ocrx_word' id='word_1_118' title='bbox 830 1374 867 1404; x_wconf 90' lang='lat' dir='ltr'><strong>et</strong></span> 
     </span>
     <span class='ocr_line' id='line_1_24' title="bbox 137 1415 863 1461; baseline 0.003 -13"><span class='ocrx_word' id='word_1_119' title='bbox 137 1415 305 1450; x_wconf 85' lang='lat' dir='ltr'><strong>convivis</strong></span> <span class='ocrx_word' id='word_1_120' title='bbox 327 1426 442 1450; x_wconf 87' lang='lat' dir='ltr'><strong>cenae</strong></span> <span class='ocrx_word' id='word_1_121' title='bbox 462 1416 601 1461; x_wconf 85' lang='lat' dir='ltr'><strong>gandia</strong></span> <span class='ocrx_word' id='word_1_122' title='bbox 623 1418 863 1461; x_wconf 87' lang='lat' dir='ltr'><strong>corrumpit.“</strong></span> 
     </span>
     <span class='ocr_line' id='line_1_25' title="bbox 139 1461 867 1505; baseline 0.003 -9"><span class='ocrx_word' id='word_1_123' title='bbox 139 1461 284 1497; x_wconf 84' lang='lat' dir='ltr'><strong>Seneca</strong></span> <span class='ocrx_word' id='word_1_124' title='bbox 307 1462 354 1496; x_wconf 87' lang='lat' dir='ltr'><strong>de</strong></span> <span class='ocrx_word' id='word_1_125' title='bbox 377 1463 487 1497; x_wconf 87' lang='lat' dir='ltr'><strong>Brev.</strong></span> <span class='ocrx_word' id='word_1_126' title='bbox 512 1463 610 1497; x_wconf 83' lang='lat' dir='ltr'><strong>vitae</strong></span> <span class='ocrx_word' id='word_1_127' title='bbox 639 1466 702 1497; x_wconf 81' lang='lat'><strong>12:</strong></span> <span class='ocrx_word' id='word_1_128' title='bbox 727 1467 867 1505; x_wconf 74' lang='lat' dir='ltr'><strong>quanta</strong></span> 
     </span>
     <span class='ocr_line' id='line_1_26' title="bbox 139 1510 867 1552; baseline 0.001 -9"><span class='ocrx_word' id='word_1_129' title='bbox 139 1510 322 1543; x_wconf 77' lang='lat' dir='ltr'><strong>celeritate</strong></span> <span class='ocrx_word' id='word_1_130' title='bbox 345 1511 449 1551; x_wconf 73' lang='lat' dir='ltr'><strong>siano</strong></span> <span class='ocrx_word' id='word_1_131' title='bbox 470 1512 556 1543; x_wconf 84' lang='lat' dir='ltr'><strong>dato</strong></span> <span class='ocrx_word' id='word_1_132' title='bbox 582 1512 703 1552; x_wconf 69' lang='lat' dir='ltr'><strong>qlabri</strong></span> <span class='ocrx_word' id='word_1_133' title='bbox 727 1513 777 1545; x_wconf 82' lang='lat' dir='ltr'><strong>ad</strong></span> <span class='ocrx_word' id='word_1_134' title='bbox 800 1513 867 1544; x_wconf 78' lang='lat' dir='ltr'><strong>mi-</strong></span> 
     </span>
     <span class='ocr_line' id='line_1_27' title="bbox 138 1557 865 1602; baseline 0.004 -13"><span class='ocrx_word' id='word_1_135' title='bbox 138 1557 293 1590; x_wconf 78' lang='lat' dir='ltr'><strong>nisteria</strong></span> <span class='ocrx_word' id='word_1_136' title='bbox 316 1558 536 1591; x_wconf 80' lang='lat' dir='ltr'><strong>discurrant.</strong></span> <span class='ocrx_word' id='word_1_137' title='bbox 554 1577 600 1582; x_wconf 98' lang='lat'><strong>—</strong></span> <span class='ocrx_word' id='word_1_138' title='bbox 615 1566 681 1591; x_wconf 80' lang='lat' dir='ltr'><strong>nee</strong></span> <span class='ocrx_word' id='word_1_139' title='bbox 703 1560 756 1591; x_wconf 84' lang='lat' dir='ltr'><strong>sie</strong></span> <span class='ocrx_word' id='word_1_140' title='bbox 780 1559 865 1602; x_wconf 63' lang='lat' dir='ltr'><strong>cet]</strong></span> 
     </span>
     <span class='ocr_line' id='line_1_28' title="bbox 136 1601 866 1648; baseline 0.006 -12.133"><span class='ocrx_word' id='word_1_141' title='bbox 136 1601 216 1646; x_wconf 76' lang='lat' dir='ltr'><strong>„Ex</strong></span> <span class='ocrx_word' id='word_1_142' title='bbox 238 1603 360 1637; x_wconf 82' lang='lat' dir='ltr'><strong>altera</strong></span> <span class='ocrx_word' id='word_1_143' title='bbox 382 1606 489 1648; x_wconf 83' lang='lat' dir='ltr'><strong>parte</strong></span> <span class='ocrx_word' id='word_1_144' title='bbox 506 1615 583 1638; x_wconf 92' lang='lat' dir='ltr'><strong>non</strong></span> <span class='ocrx_word' id='word_1_145' title='bbox 600 1604 726 1639; x_wconf 87' lang='lat' dir='ltr'><strong>minus</strong></span> <span class='ocrx_word' id='word_1_146' title='bbox 750 1605 866 1640; x_wconf 82' lang='lat' dir='ltr'><strong>offen-</strong></span> 
     </span>
     <span class='ocr_line' id='line_1_29' title="bbox 137 1649 866 1696; baseline 0.004 -13"><span class='ocrx_word' id='word_1_147' title='bbox 137 1649 193 1683; x_wconf 85' lang='lat' dir='ltr'><strong>dit</strong></span> <span class='ocrx_word' id='word_1_148' title='bbox 217 1651 432 1685; x_wconf 78' lang='lat' dir='ltr'><strong>convivator</strong></span> <span class='ocrx_word' id='word_1_149' title='bbox 457 1651 670 1696; x_wconf 81' lang='lat' dir='ltr'><strong>negligens,</strong></span> <span class='ocrx_word' id='word_1_150' title='bbox 703 1654 746 1685; x_wconf 89' lang='lat' dir='ltr'><strong>ut</strong></span> <span class='ocrx_word' id='word_1_151' title='bbox 770 1654 866 1686; x_wconf 82' lang='lat' dir='ltr'><strong>Nae-</strong></span> 
     </span>
     <span class='ocr_line' id='line_1_30' title="bbox 135 1697 864 1743; baseline 0.005 -13"><span class='ocrx_word' id='word_1_152' title='bbox 135 1698 225 1739; x_wconf 76' lang='lat' dir='ltr'><strong>vius,</strong></span> <span class='ocrx_word' id='word_1_153' title='bbox 250 1697 360 1731; x_wconf 82' lang='lat' dir='ltr'><strong>homo</strong></span> <span class='ocrx_word' id='word_1_154' title='bbox 385 1698 556 1742; x_wconf 78' lang='lat' dir='ltr'><strong>ignotus,</strong></span> <span class='ocrx_word' id='word_1_155' title='bbox 581 1709 705 1743; x_wconf 87' lang='lat' dir='ltr'><strong>neque</strong></span> <span class='ocrx_word' id='word_1_156' title='bbox 730 1710 864 1734; x_wconf 84' lang='lat' dir='ltr'><strong>avarus</strong></span> 
     </span>
     <span class='ocr_line' id='line_1_31' title="bbox 136 1744 866 1787; baseline 0.006 -11"><span class='ocrx_word' id='word_1_157' title='bbox 136 1754 207 1777; x_wconf 87' lang='lat' dir='ltr'><strong>nec</strong></span> <span class='ocrx_word' id='word_1_158' title='bbox 232 1744 470 1787; x_wconf 86' lang='lat' dir='ltr'><strong>luxuriosus,</strong></span> <span class='ocrx_word' id='word_1_159' title='bbox 495 1748 538 1779; x_wconf 88' lang='lat' dir='ltr'><strong>ut</strong></span> <span class='ocrx_word' id='word_1_160' title='bbox 561 1745 652 1779; x_wconf 91' lang='lat' dir='ltr'><strong>olim</strong></span> <span class='ocrx_word' id='word_1_161' title='bbox 677 1747 778 1780; x_wconf 80' lang='lat' dir='ltr'><strong>varie</strong></span> <span class='ocrx_word' id='word_1_162' title='bbox 803 1758 866 1780; x_wconf 82' lang='lat' dir='ltr'><strong>ex-</strong></span> 
     </span>
     <span class='ocr_line' id='line_1_32' title="bbox 134 1790 863 1838; baseline 0.004 -14"><span class='ocrx_word' id='word_1_163' title='bbox 134 1790 340 1835; x_wconf 83' lang='lat' dir='ltr'><strong>plicabant,</strong></span> <span class='ocrx_word' id='word_1_164' title='bbox 366 1792 444 1834; x_wconf 87' lang='lat' dir='ltr'><strong>sed,</strong></span> <span class='ocrx_word' id='word_1_165' title='bbox 469 1795 511 1826; x_wconf 90' lang='lat' dir='ltr'><strong>ut</strong></span> <span class='ocrx_word' id='word_1_166' title='bbox 527 1792 589 1834; x_wconf 87' lang='lat' dir='ltr'><strong>ait,</strong></span> <span class='ocrx_word' id='word_1_167' title='bbox 613 1794 780 1835; x_wconf 77' lang='lat' dir='ltr'><strong>simplex,</strong></span> <span class='ocrx_word' id='word_1_168' title='bbox 799 1795 863 1838; x_wconf 74' lang='lat' dir='ltr'><strong>qm·</strong></span> 
     </span>
     <span class='ocr_line' id='line_1_33' title="bbox 134 1839 864 1882; baseline 0.005 -11"><span class='ocrx_word' id='word_1_169' title='bbox 134 1839 290 1882; x_wconf 87' lang='lat' dir='ltr'><strong>propter</strong></span> <span class='ocrx_word' id='word_1_170' title='bbox 321 1839 475 1872; x_wconf 82' lang='lat' dir='ltr'><strong>nimiam</strong></span> <span class='ocrx_word' id='word_1_171' title='bbox 507 1840 623 1873; x_wconf 85' lang='lat' dir='ltr'><strong>animi</strong></span> <span class='ocrx_word' id='word_1_172' title='bbox 660 1840 864 1875; x_wconf 88' lang='lat' dir='ltr'><strong>bonitatem</strong></span> 
     </span>
     <span class='ocr_line' id='line_1_34' title="bbox 136 1886 863 1932; baseline 0.006 -14"><span class='ocrx_word' id='word_1_173' title='bbox 136 1894 263 1919; x_wconf 78' lang='lat' dir='ltr'><strong>servos</strong></span> <span class='ocrx_word' id='word_1_174' title='bbox 279 1886 391 1920; x_wconf 80' lang='lat' dir='ltr'><strong>etiam</strong></span> <span class='ocrx_word' id='word_1_175' title='bbox 409 1886 558 1921; x_wconf 86' lang='lat' dir='ltr'><strong>desides</strong></span> <span class='ocrx_word' id='word_1_176' title='bbox 575 1897 619 1920; x_wconf 86' lang='lat' dir='ltr'><strong>ac</strong></span> <span class='ocrx_word' id='word_1_177' title='bbox 639 1888 770 1932; x_wconf 88' lang='lat' dir='ltr'><strong>pigros</strong></span> <span class='ocrx_word' id='word_1_178' title='bbox 787 1899 863 1922; x_wconf 92' lang='lat' dir='ltr'><strong>non</strong></span> 
     </span>
     <span class='ocr_line' id='line_1_35' title="bbox 136 1922 771 1976; baseline 0.003 -11"><span class='ocrx_word' id='word_1_179' title='bbox 136 1932 326 1976; x_wconf 81' lang='lat' dir='ltr'><strong>castigat.“</strong></span> <span class='ocrx_word' id='word_1_180' title='bbox 354 1952 398 1957; x_wconf 81' lang='lat'><strong>—-</strong></span> <span class='ocrx_word' id='word_1_181' title='bbox 423 1922 585 1976; x_wconf 65' lang='grc' dir='ltr'>αῆοιαηι]</span> <span class='ocrx_word' id='word_1_182' title='bbox 609 1935 771 1976; x_wconf 68' lang='lat' dir='ltr'><strong>selua,-</strong></span> 
     </span>
     <span class='ocr_line' id='line_1_36' title="bbox 135 1978 862 2016; baseline 0.006 -4"><span class='ocrx_word' id='word_1_183' title='bbox 135 1978 263 2012; x_wconf 78' lang='lat' dir='ltr'><strong>unctis</strong></span> <span class='ocrx_word' id='word_1_184' title='bbox 276 1990 305 2013; x_wconf 90' lang='lat' dir='ltr'><strong>s.</strong></span> <span class='ocrx_word' id='word_1_185' title='bbox 313 1980 474 2014; x_wconf 83' lang='lat' dir='ltr'><strong>sordidis</strong></span> <span class='ocrx_word' id='word_1_186' title='bbox 486 1980 678 2015; x_wconf 88' lang='lat' dir='ltr'><strong>calicibus.</strong></span> <span class='ocrx_word' id='word_1_187' title='bbox 683 1982 701 2000; x_wconf 84' lang='lat'>“</span> <span class='ocrx_word' id='word_1_188' title='bbox 721 1981 862 2016; x_wconf 68' lang='lat' dir='ltr'><strong>Senon.</strong></span> 
     </span>
     <span class='ocr_line' id='line_1_37' title="bbox 138 2023 862 2070; baseline 0.006 -12"><span class='ocrx_word' id='word_1_189' title='bbox 138 2023 244 2058; x_wconf 81' lang='lat' dir='ltr'><strong>Conf.</strong></span> <span class='ocrx_word' id='word_1_190' title='bbox 281 2025 355 2060; x_wconf 88' lang='lat' dir='ltr'><strong>Sat.</strong></span> <span class='ocrx_word' id='word_1_191' title='bbox 380 2029 422 2070; x_wconf 91' lang='grc'><strong>2,</strong></span> <span class='ocrx_word' id='word_1_192' title='bbox 454 2030 495 2069; x_wconf 84' lang='grc'><strong>4,</strong></span> <span class='ocrx_word' id='word_1_193' title='bbox 527 2029 583 2061; x_wconf 83' lang='grc'><strong>78.</strong></span> <span class='ocrx_word' id='word_1_194' title='bbox 610 2047 653 2051; x_wconf 89' lang='grc'>-</span> <span class='ocrx_word' id='word_1_195' title='bbox 675 2031 862 2069; x_wconf 73' lang='lat' dir='ltr'><strong>praebebit</strong></span> 
     </span>
     <span class='ocr_line' id='line_1_38' title="bbox 137 2072 769 2117; baseline 0.009 -14"><span class='ocrx_word' id='word_1_196' title='bbox 137 2072 286 2115; x_wconf 78' lang='lat' dir='ltr'><strong>aquam]</strong></span> <span class='ocrx_word' id='word_1_197' title='bbox 314 2073 401 2107; x_wconf 78' lang='lat' dir='ltr'><strong>vid.</strong></span> <span class='ocrx_word' id='word_1_198' title='bbox 425 2074 472 2107; x_wconf 85' lang='lat' dir='ltr'><strong>ad</strong></span> <span class='ocrx_word' id='word_1_199' title='bbox 497 2073 570 2108; x_wconf 82' lang='lat' dir='ltr'><strong>Sat.</strong></span> <span class='ocrx_word' id='word_1_200' title='bbox 597 2077 629 2115; x_wconf 92' lang='lat'><strong>1,</strong></span> <span class='ocrx_word' id='word_1_201' title='bbox 653 2076 687 2117; x_wconf 85' lang='lat'><strong>4,</strong></span> <span class='ocrx_word' id='word_1_202' title='bbox 711 2076 769 2109; x_wconf 89' lang='grc'><strong>88.</strong></span> 
     </span>
     <span class='ocr_line' id='line_1_39' title="bbox 185 2119 864 2165; baseline 0.008 -14"><span class='ocrx_word' id='word_1_203' title='bbox 185 2119 320 2152; x_wconf 80' lang='lat'>72-81.</span> <span class='ocrx_word' id='word_1_204' title='bbox 360 2120 415 2163; x_wconf 85' lang='lat' dir='ltr'><strong>Ut]</strong></span> <span class='ocrx_word' id='word_1_205' title='bbox 445 2121 672 2164; x_wconf 85' lang='lat' dir='ltr'><strong>„quomodo,</strong></span> <span class='ocrx_word' id='word_1_206' title='bbox 707 2126 864 2165; x_wconf 85' lang='lat' dir='ltr'><strong>quanto-</strong></span> 
     </span>
     <span class='ocr_line' id='line_1_40' title="bbox 136 2165 863 2211; baseline 0.007 -13"><span class='ocrx_word' id='word_1_207' title='bbox 136 2165 260 2209; x_wconf 84' lang='lat' dir='ltr'><strong>pere.“</strong></span> <span class='ocrx_word' id='word_1_208' title='bbox 311 2165 418 2200; x_wconf 85' lang='lat' dir='ltr'><strong>Conf.</strong></span> <span class='ocrx_word' id='word_1_209' title='bbox 452 2166 528 2200; x_wconf 89' lang='lat' dir='ltr'><strong>Cic.</strong></span> <span class='ocrx_word' id='word_1_210' title='bbox 554 2179 589 2211; x_wconf 90' lang='lat' dir='ltr'><strong>p.</strong></span> <span class='ocrx_word' id='word_1_211' title='bbox 613 2167 691 2200; x_wconf 83' lang='lat' dir='ltr'><strong>Mil.</strong></span> <span class='ocrx_word' id='word_1_212' title='bbox 717 2170 780 2211; x_wconf 79' lang='lat'><strong>24,</strong></span> <span class='ocrx_word' id='word_1_213' title='bbox 807 2172 863 2203; x_wconf 82' lang='lat'><strong>64.</strong></span> 
     </span>
     <span class='ocr_line' id='line_1_41' title="bbox 138 2213 863 2258; baseline 0.007 -14"><span class='ocrx_word' id='word_1_214' title='bbox 138 2230 183 2235; x_wconf 89' lang='lat'>—</span> <span class='ocrx_word' id='word_1_215' title='bbox 207 2213 358 2256; x_wconf 76' lang='lat' dir='ltr'><strong>sederit]</strong></span> <span class='ocrx_word' id='word_1_216' title='bbox 400 2214 627 2258; x_wconf 82' lang='lat' dir='ltr'><strong>„quieverit,</strong></span> <span class='ocrx_word' id='word_1_217' title='bbox 666 2215 791 2249; x_wconf 90' lang='lat' dir='ltr'><strong>nullos</strong></span> <span class='ocrx_word' id='word_1_218' title='bbox 824 2217 863 2249; x_wconf 91' lang='lat' dir='ltr'><strong>in</strong></span> 
     </span>
     <span class='ocr_line' id='line_1_42' title="bbox 136 2260 863 2296; baseline 0.006 -4"><span class='ocrx_word' id='word_1_219' title='bbox 136 2260 346 2294; x_wconf 81' lang='lat' dir='ltr'><strong>ventriculo</strong></span> <span class='ocrx_word' id='word_1_220' title='bbox 379 2261 564 2295; x_wconf 88' lang='lat' dir='ltr'><strong>tumultus</strong></span> <span class='ocrx_word' id='word_1_221' title='bbox 597 2262 770 2295; x_wconf 82' lang='lat' dir='ltr'><strong>excitarit</strong></span> <span class='ocrx_word' id='word_1_222' title='bbox 794 2273 863 2296; x_wconf 92' lang='lat' dir='ltr'><strong>nec</strong></span> 
     </span>
     <span class='ocr_line' id='line_1_43' title="bbox 136 2307 864 2343; baseline 0.006 -4"><span class='ocrx_word' id='word_1_223' title='bbox 136 2316 315 2340; x_wconf 82' lang='lat' dir='ltr'><strong>nauseam</strong></span> <span class='ocrx_word' id='word_1_224' title='bbox 330 2307 496 2341; x_wconf 85' lang='lat' dir='ltr'><strong>fecerit.“</strong></span> <span class='ocrx_word' id='word_1_225' title='bbox 524 2307 703 2342; x_wconf 86' lang='lat' dir='ltr'><strong>Similiter</strong></span> <span class='ocrx_word' id='word_1_226' title='bbox 721 2309 766 2342; x_wconf 88' lang='lat' dir='ltr'><strong>de</strong></span> <span class='ocrx_word' id='word_1_227' title='bbox 784 2310 864 2343; x_wconf 87' lang='lat' dir='ltr'><strong>ani-</strong></span> 
     </span>
     <span class='ocr_line' id='line_1_44' title="bbox 136 2352 863 2399; baseline 0.007 -14"><span class='ocrx_word' id='word_1_228' title='bbox 136 2362 197 2386; x_wconf 83' lang='lat' dir='ltr'><strong>mo</strong></span> <span class='ocrx_word' id='word_1_229' title='bbox 212 2352 355 2388; x_wconf 83' lang='lat' dir='ltr'><strong>Seneca</strong></span> <span class='ocrx_word' id='word_1_230' title='bbox 372 2354 492 2399; x_wconf 84' lang='lat' dir='ltr'><strong>Epist.</strong></span> <span class='ocrx_word' id='word_1_231' title='bbox 510 2357 549 2388; x_wconf 94' lang='lat'><strong>4.</strong></span> <span class='ocrx_word' id='word_1_232' title='bbox 577 2356 687 2389; x_wconf 85' lang='lat' dir='ltr'><strong>Certis</strong></span> <span class='ocrx_word' id='word_1_233' title='bbox 710 2358 863 2398; x_wconf 63' lang='lat' dir='ltr'><strong>inuentis</strong></span> 
     </span>
     <span class='ocr_line' id='line_1_45' title="bbox 136 2401 865 2458; baseline 0.007 -26"><span class='ocrx_word' id='word_1_234' title='bbox 136 2401 328 2434; x_wconf 78' lang='lat' dir='ltr'><strong>immorari</strong></span> <span class='ocrx_word' id='word_1_235' title='bbox 363 2403 396 2434; x_wconf 86' lang='lat' dir='ltr'><strong>et</strong></span> <span class='ocrx_word' id='word_1_236' title='bbox 431 2403 608 2435; x_wconf 78' lang='lat' dir='ltr'><strong>innutriri</strong></span> <span class='ocrx_word' id='word_1_237' title='bbox 640 2406 796 2458; x_wconf 72' lang='lat' dir='ltr'><strong>oportet,</strong></span> <span class='ocrx_word' id='word_1_238' title='bbox 832 2406 865 2437; x_wconf 80' lang='lat' dir='ltr'><strong>si</strong></span> 
     </span>
     <span class='ocr_line' id='line_1_46' title="bbox 136 2447 862 2491; baseline 0.006 -12"><span class='ocrx_word' id='word_1_239' title='bbox 136 2447 224 2480; x_wconf 78' lang='lat' dir='ltr'><strong>velis</strong></span> <span class='ocrx_word' id='word_1_240' title='bbox 242 2448 385 2488; x_wconf 77' lang='lat' dir='ltr'><strong>aliquid</strong></span> <span class='ocrx_word' id='word_1_241' title='bbox 401 2450 556 2491; x_wconf 78' lang='lat' dir='ltr'><strong>trahere,</strong></span> <span class='ocrx_word' id='word_1_242' title='bbox 573 2451 670 2490; x_wconf 81' lang='lat' dir='ltr'><strong>quod</strong></span> <span class='ocrx_word' id='word_1_243' title='bbox 683 2451 721 2482; x_wconf 83' lang='lat' dir='ltr'><strong>in</strong></span> <span class='ocrx_word' id='word_1_244' title='bbox 740 2452 862 2484; x_wconf 79' lang='lat' dir='ltr'><strong>animo</strong></span> 
     </span>
     <span class='ocr_line' id='line_1_47' title="bbox 136 2494 862 2541; baseline 0.007 -15"><span class='ocrx_word' id='word_1_245' title='bbox 136 2494 292 2534; x_wconf 68' lang='lat' dir='ltr'><strong>fideliter</strong></span> <span class='ocrx_word' id='word_1_246' title='bbox 315 2497 447 2529; x_wconf 85' lang='lat' dir='ltr'><strong>sedeat.</strong></span> <span class='ocrx_word' id='word_1_247' title='bbox 483 2495 570 2530; x_wconf 73' lang='lat' dir='ltr'><strong>Mox</strong></span> <span class='ocrx_word' id='word_1_248' title='bbox 586 2498 789 2541; x_wconf 83' lang='lat' dir='ltr'><strong>opponitur</strong></span> <span class='ocrx_word' id='word_1_249' title='bbox 814 2499 862 2530; x_wconf 86' lang='lat' dir='ltr'><strong>ci-</strong></span> 
     </span>
     <span class='ocr_line' id='line_1_48' title="bbox 139 2541 863 2585; baseline 0.006 -12"><span class='ocrx_word' id='word_1_250' title='bbox 139 2541 220 2581; x_wconf 81' lang='lat' dir='ltr'><strong>bus,</strong></span> <span class='ocrx_word' id='word_1_251' title='bbox 247 2543 312 2582; x_wconf 80' lang='lat' dir='ltr'><strong>qui</strong></span> <span class='ocrx_word' id='word_1_252' title='bbox 333 2544 457 2575; x_wconf 82' lang='lat' dir='ltr'><strong>statim</strong></span> <span class='ocrx_word' id='word_1_253' title='bbox 487 2546 650 2585; x_wconf 80' lang='lat' dir='ltr'><strong>sumptus</strong></span> <span class='ocrx_word' id='word_1_254' title='bbox 675 2546 863 2579; x_wconf 78' lang='lat' dir='ltr'><strong>emittitur.</strong></span> 
     </span>
     <span class='ocr_line' id='line_1_49' title="bbox 140 2589 862 2631; baseline 0.009 -12"><span class='ocrx_word' id='word_1_255' title='bbox 140 2604 184 2610; x_wconf 89' lang='lat'><strong>—-</strong></span> <span class='ocrx_word' id='word_1_256' title='bbox 201 2589 404 2631; x_wconf 75' lang='lat' dir='ltr'><strong>conchylia]</strong></span> <span class='ocrx_word' id='word_1_257' title='bbox 429 2589 567 2624; x_wconf 87' lang='lat' dir='ltr'><strong>Omnes</strong></span> <span class='ocrx_word' id='word_1_258' title='bbox 591 2590 671 2624; x_wconf 87' lang='lat' dir='ltr'><strong>fere</strong></span> <span class='ocrx_word' id='word_1_259' title='bbox 698 2592 862 2625; x_wconf 91' lang='lat' dir='ltr'><strong>conchu-</strong></span> 
     </span>
     <span class='ocr_line' id='line_1_50' title="bbox 138 2632 861 2679; baseline 0.008 -13"><span class='ocrx_word' id='word_1_260' title='bbox 138 2632 209 2675; x_wconf 83' lang='lat' dir='ltr'><strong>lae,</strong></span> <span class='ocrx_word' id='word_1_261' title='bbox 233 2637 327 2669; x_wconf 89' lang='lat' dir='ltr'><strong>teste</strong></span> <span class='ocrx_word' id='word_1_262' title='bbox 349 2635 457 2671; x_wconf 86' lang='lat' dir='ltr'><strong>Celso</strong></span> <span class='ocrx_word' id='word_1_263' title='bbox 484 2639 516 2679; x_wconf 83' lang='lat'><strong>2,</strong></span> <span class='ocrx_word' id='word_1_264' title='bbox 542 2639 587 2670; x_wconf 89' lang='grc'><strong>28</strong></span> <span class='ocrx_word' id='word_1_265' title='bbox 604 2640 641 2672; x_wconf 91' lang='lat' dir='ltr'><strong>et</strong></span> <span class='ocrx_word' id='word_1_266' title='bbox 658 2640 727 2679; x_wconf 64' lang='lat'><strong>29„</strong></span> <span class='ocrx_word' id='word_1_267' title='bbox 751 2639 861 2673; x_wconf 86' lang='lat' dir='ltr'><strong>facile</strong></span> 
     </span>
     <span class='ocr_line' id='line_1_51' title="bbox 138 2679 862 2729; baseline 0.01 -16"><span class='ocrx_word' id='word_1_268' title='bbox 138 2679 240 2714; x_wconf 87' lang='lat' dir='ltr'><strong>intus</strong></span> <span class='ocrx_word' id='word_1_269' title='bbox 258 2686 551 2727; x_wconf 87' lang='lat' dir='ltr'><strong>corrumpuntur</strong></span> <span class='ocrx_word' id='word_1_270' title='bbox 568 2685 769 2729; x_wconf 78' lang='lat' dir='ltr'><strong>alvumque</strong></span> <span class='ocrx_word' id='word_1_271' title='bbox 786 2697 862 2720; x_wconf 93' lang='lat' dir='ltr'><strong>mo-</strong></span> 
     </span>
    </p>
   </div>
   <div class='ocr_carea' id='block_1_13' title="bbox 907 1231 1647 2731">
    <p class='ocr_par' dir='ltr' id='par_1_13' title="bbox 907 1231 1647 2731">
     <span class='ocr_line' id='line_1_52' title="bbox 914 1231 1645 1276; baseline 0 -12"><span class='ocrx_word' id='word_1_272' title='bbox 914 1233 1013 1264; x_wconf 84' lang='lat' dir='ltr'><strong>vent.</strong></span> <span class='ocrx_word' id='word_1_273' title='bbox 1041 1250 1084 1254; x_wconf 97' lang='lat'><strong>—</strong></span> <span class='ocrx_word' id='word_1_274' title='bbox 1110 1232 1322 1274; x_wconf 86' lang='lat' dir='ltr'><strong>tumultum]</strong></span> <span class='ocrx_word' id='word_1_275' title='bbox 1359 1231 1503 1266; x_wconf 80' lang='lat' dir='ltr'><strong>Seneca</strong></span> <span class='ocrx_word' id='word_1_276' title='bbox 1526 1231 1645 1276; x_wconf 87' lang='lat' dir='ltr'><strong>Epist.</strong></span> 
     </span>
     <span class='ocr_line' id='line_1_53' title="bbox 915 1279 1647 1319; baseline 0.003 -9"><span class='ocrx_word' id='word_1_277' title='bbox 915 1279 976 1310; x_wconf 82' lang='lat'><strong>95:</strong></span> <span class='ocrx_word' id='word_1_278' title='bbox 993 1279 1202 1311; x_wconf 75' lang='lat' dir='ltr'><strong>inconstans</strong></span> <span class='ocrx_word' id='word_1_279' title='bbox 1219 1280 1417 1319; x_wconf 80' lang='lat' dir='ltr'><strong>variusque</strong></span> <span class='ocrx_word' id='word_1_280' title='bbox 1432 1288 1478 1313; x_wconf 72' lang='lat' dir='ltr'><strong>eze</strong></span> <span class='ocrx_word' id='word_1_281' title='bbox 1490 1280 1647 1312; x_wconf 81' lang='lat' dir='ltr'><strong>discordi</strong></span> 
     </span>
     <span class='ocr_line' id='line_1_54' title="bbox 915 1326 1644 1369; baseline 0.003 -12"><span class='ocrx_word' id='word_1_282' title='bbox 915 1326 992 1357; x_wconf 84' lang='lat' dir='ltr'><strong>cibo</strong></span> <span class='ocrx_word' id='word_1_283' title='bbox 1016 1327 1161 1358; x_wconf 86' lang='lat' dir='ltr'><strong>morbus</strong></span> <span class='ocrx_word' id='word_1_284' title='bbox 1187 1328 1250 1358; x_wconf 86' lang='lat' dir='ltr'><strong>est.</strong></span> <span class='ocrx_word' id='word_1_285' title='bbox 1275 1345 1323 1349; x_wconf 96' lang='lat'>—</span> <span class='ocrx_word' id='word_1_286' title='bbox 1347 1327 1462 1359; x_wconf 80' lang='lat' dir='ltr'><strong>Lenta</strong></span> <span class='ocrx_word' id='word_1_287' title='bbox 1492 1326 1644 1369; x_wconf 84' lang='lat' dir='ltr'><strong>pituita]</strong></span> 
     </span>
     <span class='ocr_line' id='line_1_55' title="bbox 916 1371 1645 1415; baseline 0.004 -11"><span class='ocrx_word' id='word_1_288' title='bbox 916 1371 1112 1415; x_wconf 78' lang='lat' dir='ltr'><strong>„phlegma</strong></span> <span class='ocrx_word' id='word_1_289' title='bbox 1140 1372 1343 1406; x_wconf 86' lang='lat' dir='ltr'><strong>ventriculi</strong></span> <span class='ocrx_word' id='word_1_290' title='bbox 1376 1376 1413 1406; x_wconf 86' lang='lat' dir='ltr'><strong>et</strong></span> <span class='ocrx_word' id='word_1_291' title='bbox 1445 1373 1645 1407; x_wconf 89' lang='lat' dir='ltr'><strong>intestino-</strong></span> 
     </span>
     <span class='ocr_line' id='line_1_56' title="bbox 912 1418 1646 1462; baseline 0.004 -12"><span class='ocrx_word' id='word_1_292' title='bbox 912 1420 1034 1458; x_wconf 68' lang='lat' dir='ltr'><strong>rum.“</strong></span> <span class='ocrx_word' id='word_1_293' title='bbox 1083 1418 1181 1452; x_wconf 89' lang='lat' dir='ltr'><strong>Plin.</strong></span> <span class='ocrx_word' id='word_1_294' title='bbox 1206 1418 1252 1452; x_wconf 86' lang='lat' dir='ltr'><strong>H.</strong></span> <span class='ocrx_word' id='word_1_295' title='bbox 1277 1419 1320 1453; x_wconf 79' lang='lat' dir='ltr'><strong>N.</strong></span> <span class='ocrx_word' id='word_1_296' title='bbox 1355 1421 1419 1462; x_wconf 87' lang='lat'><strong>20,</strong></span> <span class='ocrx_word' id='word_1_297' title='bbox 1453 1421 1494 1453; x_wconf 79' lang='lat'><strong>7:</strong></span> <span class='ocrx_word' id='word_1_298' title='bbox 1527 1421 1646 1453; x_wconf 76' lang='lat' dir='ltr'><strong>Lenti-</strong></span> 
     </span>
     <span class='ocr_line' id='line_1_57' title="bbox 915 1466 1646 1509; baseline 0.005 -12"><span class='ocrx_word' id='word_1_299' title='bbox 915 1466 1005 1497; x_wconf 83' lang='lat' dir='ltr'><strong>tiam</strong></span> <span class='ocrx_word' id='word_1_300' title='bbox 1037 1466 1193 1506; x_wconf 76' lang='lat' dir='ltr'><strong>pituitae</strong></span> <span class='ocrx_word' id='word_1_301' title='bbox 1226 1467 1396 1507; x_wconf 64' lang='lat' dir='ltr'><strong>diverunt</strong></span> <span class='ocrx_word' id='word_1_302' title='bbox 1430 1467 1646 1509; x_wconf 80' lang='lat' dir='ltr'><strong>(lactucae).</strong></span> 
     </span>
     <span class='ocr_line' id='line_1_58' title="bbox 914 1511 1647 1559; baseline 0.007 -15"><span class='ocrx_word' id='word_1_303' title='bbox 914 1511 996 1546; x_wconf 84' lang='lat' dir='ltr'><strong>Vox</strong></span> <span class='ocrx_word' id='word_1_304' title='bbox 1017 1514 1170 1555; x_wconf 80' lang='lat' dir='ltr'><strong>pituita,</strong></span> <span class='ocrx_word' id='word_1_305' title='bbox 1205 1513 1315 1547; x_wconf 84' lang='lat' dir='ltr'><strong>cuius</strong></span> <span class='ocrx_word' id='word_1_306' title='bbox 1346 1514 1470 1557; x_wconf 86' lang='lat' dir='ltr'><strong>prima</strong></span> <span class='ocrx_word' id='word_1_307' title='bbox 1502 1514 1647 1559; x_wconf 76' lang='lat' dir='ltr'><strong>syllaba</strong></span> 
     </span>
     <span class='ocr_line' id='line_1_59' title="bbox 913 1559 1646 1606; baseline 0.005 -14"><span class='ocrx_word' id='word_1_308' title='bbox 913 1559 1157 1603; x_wconf 87' lang='lat' dir='ltr'><strong>producitur,</strong></span> <span class='ocrx_word' id='word_1_309' title='bbox 1198 1560 1321 1594; x_wconf 89' lang='lat' dir='ltr'><strong>tribus</strong></span> <span class='ocrx_word' id='word_1_310' title='bbox 1362 1561 1518 1606; x_wconf 81' lang='lat' dir='ltr'><strong>syllabis</strong></span> <span class='ocrx_word' id='word_1_311' title='bbox 1559 1562 1646 1596; x_wconf 82' lang='lat' dir='ltr'><strong>effe-</strong></span> 
     </span>
     <span class='ocr_line' id='line_1_60' title="bbox 913 1606 1644 1651; baseline 0.004 -12"><span class='ocrx_word' id='word_1_312' title='bbox 913 1606 1033 1640; x_wconf 84' lang='lat' dir='ltr'><strong>renda</strong></span> <span class='ocrx_word' id='word_1_313' title='bbox 1057 1609 1134 1648; x_wconf 81' lang='lat' dir='ltr'><strong>est,</strong></span> <span class='ocrx_word' id='word_1_314' title='bbox 1159 1610 1202 1640; x_wconf 86' lang='lat' dir='ltr'><strong>ut</strong></span> <span class='ocrx_word' id='word_1_315' title='bbox 1225 1607 1319 1651; x_wconf 81' lang='lat' dir='ltr'><strong>Epp.</strong></span> <span class='ocrx_word' id='word_1_316' title='bbox 1347 1610 1386 1650; x_wconf 92' lang='lat'><strong>1,</strong></span> <span class='ocrx_word' id='word_1_317' title='bbox 1422 1611 1459 1651; x_wconf 93' lang='lat'><strong>1,</strong></span> <span class='ocrx_word' id='word_1_318' title='bbox 1493 1610 1574 1642; x_wconf 87' lang='lat'>108.</span> <span class='ocrx_word' id='word_1_319' title='bbox 1601 1628 1644 1633; x_wconf 85' lang='lat'>-</span> 
     </span>
     <span class='ocr_line' id='line_1_61' title="bbox 913 1654 1643 1699; baseline 0.005 -13"><span class='ocrx_word' id='word_1_320' title='bbox 913 1654 1008 1686; x_wconf 81' lang='lat' dir='ltr'><strong>Cena</strong></span> <span class='ocrx_word' id='word_1_321' title='bbox 1033 1655 1203 1695; x_wconf 71' lang='lat' dir='ltr'><strong>aesurqat</strong></span> <span class='ocrx_word' id='word_1_322' title='bbox 1228 1655 1355 1697; x_wconf 80' lang='lat' dir='ltr'><strong>dubia]</strong></span> <span class='ocrx_word' id='word_1_323' title='bbox 1377 1656 1418 1688; x_wconf 89' lang='lat' dir='ltr'><strong>in</strong></span> <span class='ocrx_word' id='word_1_324' title='bbox 1447 1667 1562 1699; x_wconf 84' lang='lat' dir='ltr'><strong>prosa</strong></span> <span class='ocrx_word' id='word_1_325' title='bbox 1588 1667 1643 1690; x_wconf 91' lang='lat' dir='ltr'><strong>or.</strong></span> 
     </span>
     <span class='ocr_line' id='line_1_62' title="bbox 915 1700 1646 1747; baseline 0.004 -14.097"><span class='ocrx_word' id='word_1_326' title='bbox 915 1703 1067 1745; x_wconf 85' lang='lat' dir='ltr'><strong>„surgat</strong></span> <span class='ocrx_word' id='word_1_327' title='bbox 1098 1700 1144 1734; x_wconf 90' lang='lat' dir='ltr'><strong>de</strong></span> <span class='ocrx_word' id='word_1_328' title='bbox 1179 1711 1272 1735; x_wconf 87' lang='lat' dir='ltr'><strong>cena</strong></span> <span class='ocrx_word' id='word_1_329' title='bbox 1297 1701 1446 1745; x_wconf 85' lang='lat' dir='ltr'><strong>dubia“,</strong></span> <span class='ocrx_word' id='word_1_330' title='bbox 1485 1704 1551 1747; x_wconf 90' lang='lat' dir='ltr'><strong>qui</strong></span> <span class='ocrx_word' id='word_1_331' title='bbox 1576 1703 1646 1737; x_wconf 83' lang='lat' dir='ltr'><strong>Te-</strong></span> 
     </span>
     <span class='ocr_line' id='line_1_63' title="bbox 913 1748 1644 1794; baseline 0.005 -14"><span class='ocrx_word' id='word_1_332' title='bbox 913 1748 1109 1781; x_wconf 84' lang='lat' dir='ltr'><strong>rentianus</strong></span> <span class='ocrx_word' id='word_1_333' title='bbox 1135 1751 1193 1782; x_wconf 85' lang='lat' dir='ltr'><strong>est</strong></span> <span class='ocrx_word' id='word_1_334' title='bbox 1216 1748 1334 1784; x_wconf 88' lang='lat' dir='ltr'><strong>iocus.</strong></span> <span class='ocrx_word' id='word_1_335' title='bbox 1375 1749 1526 1783; x_wconf 88' lang='lat' dir='ltr'><strong>Phorm.</strong></span> <span class='ocrx_word' id='word_1_336' title='bbox 1552 1752 1585 1792; x_wconf 82' lang='lat'><strong>2,</strong></span> <span class='ocrx_word' id='word_1_337' title='bbox 1611 1752 1644 1794; x_wconf 83' lang='lat'><strong>2,</strong></span> 
     </span>
     <span class='ocr_line' id='line_1_64' title="bbox 914 1794 1644 1838; baseline 0.004 -11"><span class='ocrx_word' id='word_1_338' title='bbox 914 1796 976 1827; x_wconf 84' lang='lat'><strong>28:</strong></span> <span class='ocrx_word' id='word_1_339' title='bbox 1014 1794 1055 1828; x_wconf 88' lang='grc' dir='ltr'><strong>Ρ.</strong></span> <span class='ocrx_word' id='word_1_340' title='bbox 1083 1797 1200 1828; x_wconf 81' lang='lat' dir='ltr'><strong>Coena</strong></span> <span class='ocrx_word' id='word_1_341' title='bbox 1224 1796 1337 1829; x_wconf 79' lang='lat' dir='ltr'><strong>dubia</strong></span> <span class='ocrx_word' id='word_1_342' title='bbox 1362 1798 1573 1838; x_wconf 80' lang='lat' dir='ltr'><strong>apponitur.</strong></span> <span class='ocrx_word' id='word_1_343' title='bbox 1600 1796 1644 1831; x_wconf 84' lang='lat' dir='ltr'><strong>G.</strong></span> 
     </span>
     <span class='ocr_line' id='line_1_65' title="bbox 915 1843 1645 1882; baseline 0.004 -8"><span class='ocrx_word' id='word_1_344' title='bbox 915 1843 1009 1882; x_wconf 79' lang='lat' dir='ltr'><strong>Quid</strong></span> <span class='ocrx_word' id='word_1_345' title='bbox 1044 1843 1138 1875; x_wconf 83' lang='lat' dir='ltr'><strong>ist-uc</strong></span> <span class='ocrx_word' id='word_1_346' title='bbox 1173 1844 1273 1876; x_wconf 84' lang='lat' dir='ltr'><strong>verbi</strong></span> <span class='ocrx_word' id='word_1_347' title='bbox 1310 1846 1384 1877; x_wconf 82' lang='lat' dir='ltr'><strong>est?</strong></span> <span class='ocrx_word' id='word_1_348' title='bbox 1424 1843 1464 1877; x_wconf 90' lang='lat' dir='ltr'><strong>P.</strong></span> <span class='ocrx_word' id='word_1_349' title='bbox 1505 1846 1570 1877; x_wconf 84' lang='lat' dir='ltr'><strong>Ubi</strong></span> <span class='ocrx_word' id='word_1_350' title='bbox 1605 1847 1645 1877; x_wconf 89' lang='lat' dir='ltr'><strong>tu</strong></span> 
     </span>
     <span class='ocr_line' id='line_1_66' title="bbox 912 1889 1644 1932; baseline 0.005 -11"><span class='ocrx_word' id='word_1_351' title='bbox 912 1889 1061 1932; x_wconf 80' lang='lat' dir='ltr'><strong>dubites,</strong></span> <span class='ocrx_word' id='word_1_352' title='bbox 1088 1891 1175 1929; x_wconf 78' lang='lat' dir='ltr'><strong>quid</strong></span> <span class='ocrx_word' id='word_1_353' title='bbox 1197 1898 1323 1923; x_wconf 83' lang='lat' dir='ltr'><strong>sumas</strong></span> <span class='ocrx_word' id='word_1_354' title='bbox 1343 1892 1582 1932; x_wconf 81' lang='lat' dir='ltr'><strong>potissimum.</strong></span> <span class='ocrx_word' id='word_1_355' title='bbox 1596 1910 1644 1916; x_wconf 89' lang='lat'>—</span> 
     </span>
     <span class='ocr_line' id='line_1_67' title="bbox 910 1935 1644 1981; baseline 0.005 -13"><span class='ocrx_word' id='word_1_356' title='bbox 910 1935 1021 1978; x_wconf 83' lang='lat' dir='ltr'><strong>vitiis]</strong></span> <span class='ocrx_word' id='word_1_357' title='bbox 1049 1936 1393 1981; x_wconf 85' lang='lat' dir='ltr'><strong>„intemperantia.“</strong></span> <span class='ocrx_word' id='word_1_358' title='bbox 1425 1937 1501 1972; x_wconf 86' lang='lat' dir='ltr'><strong>Cfr.</strong></span> <span class='ocrx_word' id='word_1_359' title='bbox 1526 1949 1559 1971; x_wconf 71' lang='grc' dir='ltr'>ι’.</span> <span class='ocrx_word' id='word_1_360' title='bbox 1586 1940 1644 1973; x_wconf 90' lang='grc'><strong>21.</strong></span> 
     </span>
     <span class='ocr_line' id='line_1_68' title="bbox 913 1984 1643 2030; baseline 0.006 -15"><span class='ocrx_word' id='word_1_361' title='bbox 913 2001 957 2005; x_wconf 89' lang='grc'>-</span> <span class='ocrx_word' id='word_1_362' title='bbox 979 1984 1224 2026; x_wconf 64' lang='lat' dir='ltr'><strong>praegravat]</strong></span> <span class='ocrx_word' id='word_1_363' title='bbox 1261 1995 1398 2027; x_wconf 84' lang='lat' dir='ltr'><strong>„onere</strong></span> <span class='ocrx_word' id='word_1_364' title='bbox 1425 1995 1492 2019; x_wconf 85' lang='lat' dir='ltr'><strong>suo</strong></span> <span class='ocrx_word' id='word_1_365' title='bbox 1519 1985 1643 2030; x_wconf 88' lang='lat' dir='ltr'><strong>depri-</strong></span> 
     </span>
     <span class='ocr_line' id='line_1_69' title="bbox 910 2010 1645 2074; baseline 0.007 -12"><span class='ocrx_word' id='word_1_366' title='bbox 910 2030 1012 2062; x_wconf 61' lang='lat' dir='ltr'><strong>mitf‘</strong></span> <span class='ocrx_word' id='word_1_367' title='bbox 1049 2048 1093 2053; x_wconf 92' lang='lat'><strong>—</strong></span> <span class='ocrx_word' id='word_1_368' title='bbox 1128 2032 1247 2072; x_wconf 75' lang='lat' dir='ltr'><strong>amqit</strong></span> <span class='ocrx_word' id='word_1_369' title='bbox 1261 2010 1469 2074; x_wconf 61' lang='lat' dir='ltr'><strong>’&#39;„humoJ</strong></span> <span class='ocrx_word' id='word_1_370' title='bbox 1481 2033 1574 2066; x_wconf 86' lang='lat' dir='ltr'><strong>adeo</strong></span> <span class='ocrx_word' id='word_1_371' title='bbox 1601 2035 1645 2066; x_wconf 89' lang='lat' dir='ltr'><strong>ut</strong></span> 
     </span>
     <span class='ocr_line' id='line_1_70' title="bbox 910 2077 1643 2124; baseline 0.005 -16"><span class='ocrx_word' id='word_1_372' title='bbox 910 2086 1017 2110; x_wconf 90' lang='lat' dir='ltr'><strong>mens</strong></span> <span class='ocrx_word' id='word_1_373' title='bbox 1053 2077 1227 2110; x_wconf 83' lang='lat' dir='ltr'><strong>hebetata</strong></span> <span class='ocrx_word' id='word_1_374' title='bbox 1263 2089 1330 2112; x_wconf 90' lang='lat' dir='ltr'><strong>suo</strong></span> <span class='ocrx_word' id='word_1_375' title='bbox 1370 2078 1492 2112; x_wconf 86' lang='lat' dir='ltr'><strong>officio</strong></span> <span class='ocrx_word' id='word_1_376' title='bbox 1533 2079 1643 2124; x_wconf 86' lang='lat' dir='ltr'><strong>fungi</strong></span> 
     </span>
     <span class='ocr_line' id='line_1_71' title="bbox 912 2123 1644 2170; baseline 0.007 -15"><span class='ocrx_word' id='word_1_377' title='bbox 912 2126 1095 2167; x_wconf 87' lang='lat' dir='ltr'><strong>nequeat,</strong></span> <span class='ocrx_word' id='word_1_378' title='bbox 1127 2123 1241 2158; x_wconf 81' lang='lat' dir='ltr'><strong>rebus</strong></span> <span class='ocrx_word' id='word_1_379' title='bbox 1274 2125 1413 2159; x_wconf 83' lang='lat' dir='ltr'><strong>vilibus</strong></span> <span class='ocrx_word' id='word_1_380' title='bbox 1446 2126 1554 2170; x_wconf 78' lang='lat' dir='ltr'><strong>quasi</strong></span> <span class='ocrx_word' id='word_1_381' title='bbox 1579 2127 1644 2161; x_wconf 89' lang='lat' dir='ltr'><strong>ad-</strong></span> 
     </span>
     <span class='ocr_line' id='line_1_72' title="bbox 910 2170 1642 2209; baseline 0.008 -7"><span class='ocrx_word' id='word_1_382' title='bbox 910 2170 1083 2204; x_wconf 80' lang='lat' dir='ltr'><strong>haerens.</strong></span> <span class='ocrx_word' id='word_1_383' title='bbox 1089 2170 1106 2188; x_wconf 78' lang='lat'><strong>‘⁴</strong></span> <span class='ocrx_word' id='word_1_384' title='bbox 1157 2170 1298 2205; x_wconf 85' lang='lat' dir='ltr'><strong>Seneca</strong></span> <span class='ocrx_word' id='word_1_385' title='bbox 1329 2172 1376 2206; x_wconf 90' lang='lat' dir='ltr'><strong>de</strong></span> <span class='ocrx_word' id='word_1_386' title='bbox 1401 2172 1511 2206; x_wconf 87' lang='lat' dir='ltr'><strong>Brev.</strong></span> <span class='ocrx_word' id='word_1_387' title='bbox 1543 2174 1642 2209; x_wconf 85' lang='lat' dir='ltr'><strong>vitae</strong></span> 
     </span>
     <span class='ocr_line' id='line_1_73' title="bbox 912 2218 1643 2258; baseline 0.007 -9"><span class='ocrx_word' id='word_1_388' title='bbox 912 2218 953 2250; x_wconf 91' lang='grc'><strong>2·</strong></span> <span class='ocrx_word' id='word_1_389' title='bbox 944 2242 953 2249; x_wconf 92' lang='grc'><strong>.</strong></span> <span class='ocrx_word' id='word_1_390' title='bbox 981 2219 1153 2258; x_wconf 75' lang='lat' dir='ltr'><strong>Urqentia</strong></span> <span class='ocrx_word' id='word_1_391' title='bbox 1170 2219 1406 2252; x_wconf 74' lang='lat' dir='ltr'><strong>circumstant</strong></span> <span class='ocrx_word' id='word_1_392' title='bbox 1421 2221 1511 2253; x_wconf 87' lang='lat' dir='ltr'><strong>vitia</strong></span> <span class='ocrx_word' id='word_1_393' title='bbox 1534 2222 1643 2255; x_wconf 81' lang='lat' dir='ltr'><strong>undi-</strong></span> 
     </span>
     <span class='ocr_line' id='line_1_74' title="bbox 911 2268 1640 2308; baseline 0.008 -13"><span class='ocrx_word' id='word_1_394' title='bbox 911 2272 1000 2304; x_wconf 81' lang='lat' dir='ltr'><strong>que,·</strong></span> <span class='ocrx_word' id='word_1_395' title='bbox 1016 2273 1082 2297; x_wconf 80' lang='lat' dir='ltr'><strong>nee</strong></span> <span class='ocrx_word' id='word_1_396' title='bbox 1096 2273 1286 2306; x_wconf 74' lang='lat' dir='ltr'><strong>resurqere</strong></span> <span class='ocrx_word' id='word_1_397' title='bbox 1303 2268 1368 2299; x_wconf 81' lang='lat' dir='ltr'><strong>aut</strong></span> <span class='ocrx_word' id='word_1_398' title='bbox 1384 2268 1426 2299; x_wconf 80' lang='lat' dir='ltr'><strong>in</strong></span> <span class='ocrx_word' id='word_1_399' title='bbox 1441 2268 1640 2308; x_wconf 77' lang='lat' dir='ltr'><strong>dispectum</strong></span> 
     </span>
     <span class='ocr_line' id='line_1_75' title="bbox 910 2312 1643 2357; baseline 0.01 -15"><span class='ocrx_word' id='word_1_400' title='bbox 910 2312 990 2344; x_wconf 86' lang='lat' dir='ltr'><strong>vert</strong></span> <span class='ocrx_word' id='word_1_401' title='bbox 1029 2312 1194 2344; x_wconf 78' lang='lat' dir='ltr'><strong>attollere</strong></span> <span class='ocrx_word' id='word_1_402' title='bbox 1235 2314 1357 2346; x_wconf 87' lang='lat' dir='ltr'><strong>oeulos</strong></span> <span class='ocrx_word' id='word_1_403' title='bbox 1397 2315 1541 2357; x_wconf 80' lang='lat' dir='ltr'><strong>sinunt,</strong></span> <span class='ocrx_word' id='word_1_404' title='bbox 1578 2317 1643 2350; x_wconf 78' lang='lat' dir='ltr'><strong>sed</strong></span> 
     </span>
     <span class='ocr_line' id='line_1_76' title="bbox 910 2360 1639 2403; baseline 0.008 -13"><span class='ocrx_word' id='word_1_405' title='bbox 910 2366 1045 2391; x_wconf 86' lang='lat' dir='ltr'><strong>mersos</strong></span> <span class='ocrx_word' id='word_1_406' title='bbox 1063 2361 1095 2391; x_wconf 85' lang='lat' dir='ltr'><strong>et</strong></span> <span class='ocrx_word' id='word_1_407' title='bbox 1116 2360 1157 2391; x_wconf 75' lang='lat' dir='ltr'><strong>in</strong></span> <span class='ocrx_word' id='word_1_408' title='bbox 1172 2361 1431 2400; x_wconf 80' lang='lat' dir='ltr'><strong>cupiditatibus</strong></span> <span class='ocrx_word' id='word_1_409' title='bbox 1455 2340 1639 2403; x_wconf 66' lang='lat' dir='ltr'><strong>ins’ioeos</strong></span> 
     </span>
     <span class='ocr_line' id='line_1_77' title="bbox 907 2406 1639 2453; baseline 0.008 -16"><span class='ocrx_word' id='word_1_410' title='bbox 907 2407 1088 2446; x_wconf 79' lang='lat' dir='ltr'><strong>premunt.</strong></span> <span class='ocrx_word' id='word_1_411' title='bbox 1120 2406 1249 2440; x_wconf 87' lang='lat' dir='ltr'><strong>Lectio</strong></span> <span class='ocrx_word' id='word_1_412' title='bbox 1276 2409 1408 2449; x_wconf 71' lang='lat' dir='ltr'><strong>asfliqit</strong></span> <span class='ocrx_word' id='word_1_413' title='bbox 1434 2408 1639 2453; x_wconf 84' lang='lat' dir='ltr'><strong>significat:</strong></span> 
     </span>
     <span class='ocr_line' id='line_1_78' title="bbox 912 2452 1639 2499; baseline 0.006 -14.131"><span class='ocrx_word' id='word_1_414' title='bbox 912 2462 1018 2493; x_wconf 87' lang='lat' dir='ltr'><strong>„cum</strong></span> <span class='ocrx_word' id='word_1_415' title='bbox 1043 2452 1081 2485; x_wconf 84' lang='lat' dir='ltr'><strong>vi</strong></span> <span class='ocrx_word' id='word_1_416' title='bbox 1105 2455 1219 2498; x_wconf 88' lang='lat' dir='ltr'><strong>atque</strong></span> <span class='ocrx_word' id='word_1_417' title='bbox 1247 2454 1390 2499; x_wconf 83' lang='lat' dir='ltr'><strong>impetu</strong></span> <span class='ocrx_word' id='word_1_418' title='bbox 1422 2455 1574 2498; x_wconf 87' lang='lat' dir='ltr'><strong>illidit,</strong></span> <span class='ocrx_word' id='word_1_419' title='bbox 1600 2456 1639 2490; x_wconf 89' lang='lat' dir='ltr'><strong>id</strong></span> 
     </span>
     <span class='ocr_line' id='line_1_79' title="bbox 910 2499 1641 2553; baseline 0.007 -22"><span class='ocrx_word' id='word_1_420' title='bbox 910 2499 1011 2553; x_wconf 78' lang='lat' dir='ltr'><strong>quod</strong></span> <span class='ocrx_word' id='word_1_421' title='bbox 1041 2500 1078 2532; x_wconf 86' lang='lat' dir='ltr'><strong>h.</strong></span> <span class='ocrx_word' id='word_1_422' title='bbox 1103 2499 1128 2533; x_wconf 91' lang='lat' dir='ltr'><strong>l.</strong></span> <span class='ocrx_word' id='word_1_423' title='bbox 1153 2503 1281 2544; x_wconf 82' lang='lat' dir='ltr'><strong>aptum</strong></span> <span class='ocrx_word' id='word_1_424' title='bbox 1314 2512 1390 2535; x_wconf 91' lang='lat' dir='ltr'><strong>non</strong></span> <span class='ocrx_word' id='word_1_425' title='bbox 1423 2505 1489 2536; x_wconf 87' lang='lat' dir='ltr'><strong>est.</strong></span> <span class='ocrx_word' id='word_1_426' title='bbox 1517 2521 1559 2525; x_wconf 88' lang='lat'><strong>—-</strong></span> <span class='ocrx_word' id='word_1_427' title='bbox 1586 2504 1641 2535; x_wconf 79' lang='lat' dir='ltr'><strong>di-</strong></span> 
     </span>
     <span class='ocr_line' id='line_1_80' title="bbox 909 2547 1641 2593; baseline 0.005 -15"><span class='ocrx_word' id='word_1_428' title='bbox 909 2547 1018 2578; x_wconf 81' lang='lat' dir='ltr'><strong>vinae</strong></span> <span class='ocrx_word' id='word_1_429' title='bbox 1041 2555 1077 2587; x_wconf 90' lang='lat' dir='ltr'><strong>p.</strong></span> <span class='ocrx_word' id='word_1_430' title='bbox 1103 2548 1233 2590; x_wconf 86' lang='lat' dir='ltr'><strong>aurae]</strong></span> <span class='ocrx_word' id='word_1_431' title='bbox 1258 2548 1578 2593; x_wconf 78' lang='lat' dir='ltr'><strong>Pythagoreorum</strong></span> <span class='ocrx_word' id='word_1_432' title='bbox 1603 2551 1641 2583; x_wconf 90' lang='lat' dir='ltr'><strong>et</strong></span> 
     </span>
     <span class='ocr_line' id='line_1_81' title="bbox 910 2592 1641 2638; baseline 0.004 -12"><span class='ocrx_word' id='word_1_433' title='bbox 910 2592 1122 2627; x_wconf 86' lang='lat' dir='ltr'><strong>Stoicorum</strong></span> <span class='ocrx_word' id='word_1_434' title='bbox 1157 2594 1229 2628; x_wconf 81' lang='lat' dir='ltr'><strong>fuit</strong></span> <span class='ocrx_word' id='word_1_435' title='bbox 1266 2594 1455 2638; x_wconf 85' lang='lat' dir='ltr'><strong>doctrina,</strong></span> <span class='ocrx_word' id='word_1_436' title='bbox 1492 2606 1561 2629; x_wconf 88' lang='lat' dir='ltr'><strong>nos</strong></span> <span class='ocrx_word' id='word_1_437' title='bbox 1595 2605 1641 2630; x_wconf 73' lang='lat' dir='ltr'><strong>ex</strong></span> 
     </span>
     <span class='ocr_line' id='line_1_82' title="bbox 909 2641 1639 2676; baseline 0.005 -4"><span class='ocrx_word' id='word_1_438' title='bbox 909 2641 1081 2674; x_wconf 74' lang='lat' dir='ltr'><strong>universa</strong></span> <span class='ocrx_word' id='word_1_439' title='bbox 1128 2644 1244 2675; x_wconf 81' lang='lat' dir='ltr'><strong>mente</strong></span> <span class='ocrx_word' id='word_1_440' title='bbox 1292 2643 1414 2675; x_wconf 78' lang='lat' dir='ltr'><strong>divina</strong></span> <span class='ocrx_word' id='word_1_441' title='bbox 1464 2643 1639 2676; x_wconf 78' lang='lat' dir='ltr'><strong>delibatos</strong></span> 
     </span>
     <span class='ocr_line' id='line_1_83' title="bbox 910 2688 1638 2731; baseline 0.005 -12"><span class='ocrx_word' id='word_1_442' title='bbox 910 2688 1050 2720; x_wconf 78' lang='lat' dir='ltr'><strong>animos</strong></span> <span class='ocrx_word' id='word_1_443' title='bbox 1090 2689 1238 2731; x_wconf 78' lang='lat' dir='ltr'><strong>habere,</strong></span> <span class='ocrx_word' id='word_1_444' title='bbox 1281 2691 1323 2722; x_wconf 90' lang='lat' dir='ltr'><strong>ut</strong></span> <span class='ocrx_word' id='word_1_445' title='bbox 1359 2689 1410 2721; x_wconf 85' lang='lat' dir='ltr'><strong>ait</strong></span> <span class='ocrx_word' id='word_1_446' title='bbox 1444 2688 1521 2723; x_wconf 82' lang='lat' dir='ltr'><strong>Cic.</strong></span> <span class='ocrx_word' id='word_1_447' title='bbox 1559 2689 1638 2723; x_wconf 84' lang='lat' dir='ltr'><strong>Cat.</strong></span> 
     </span>
    </p>
   </div>
  </div>
 </body>
</html>
