1774 2930
141 164 227 205 348

610 163 819 199 HORATII
842 164 1191 200 EPISTOLARUM

257 265 355 307 Non
384 266 484 307 istic
514 265 688 322 obliquo
720 266 843 308 oculo
872 280 971 308 mea
1001 267 1223 310 commoda
1252 268 1479 324 quisquam

255 335 421 391 Limat,
450 350 538 379 non
569 336 666 378 odio
698 337 879 379 obscuro
909 351 1140 394 morsuque
1170 342 1372 393 venenat3
1465 342 1471 348 '

256 407 416 450 Rident
446 408 577 450 vieini
609 407 756 463 glebas
790 411 833 451 et
863 422 970 450 saxa
998 413 1256 453 moventem.

258 478 367 520 Cum
399 479 534 521 servis
565 479 731 521 urbana
759 479 895 522 diaria
923 479 1075 522 rodere
1105 481 1263 536 mavis3

255 549 422 591 Horum
452 553 501 591 tu
530 550 576 591 in
606 564 832 592 numerum
863 554 962 593 voto
993 552 1097 593 ruis.

1598 482 1656 523 40

1158 551 1328 595 Invidet
1356 565 1482 593 usum

254 620 493 676 Lignorum
524 624 567 663 et
597 622 764 677 pecoris
796 621 875 663 tibi
907 622 999 664 calo
1031 626 1207 678 argutus
1237 626 1282 665 et
1310 622 1439 665 horti.

257 691 389 748 Optat
419 692 625 749 ephippia
653 692 746 746 bos,
778 693 902 748 piger
932 697 1052 749 optat
1081 708 1203 736 arare
1234 693 1446 748 caballu83

256 762 395 811 Quam
425 764 507 806 scit
536 768 730 820 uterque,
762 764 915 817 libem,
948 765 1146 817 censebo,
1180 769 1379 808 exerceat
1410 769 1559 808 artem.

231 895 288 926 43.
314 894 385 935 bos,
407 894 514 935 piaer
540 896 640 935 optat
665 893 862 928 Bentleius
888 897 925 928 et
949 894 1008 928 M:
1036 897 1096 928 bos
1119 896 1236 938 piaer,
1263 898 1364 937 optat
1387 893 1540 930 LctFo.

133 996 300 1030 amores,
344 988 638 1032 compotationes
682 991 793 1032 atque
831 988 871 1022 id

132 1045 255 1080 genus
297 1035 381 1068 alia
383 1033 412 1080 Ψ*
464 1035 870 1080 Virg.Ecl.9‚14.·

133 1090 247 1115 novas
271 1083 431 1116 incidere
459 1084 549 1116 lites.

181 1131 243 1164 37-
245 1131 300 1164 39.
326 1130 487 1173 obliquo]
510 1129 702 1187 „maligno
721 1133 758 1164 et
774 1131 870 1164 invi-

132 1175 230 1220 do;“
271 1177 327 1211 sie
352 1176 480 1220 λοξοΐς
503 1174 691 1221 ὄμμασι
680 1177 871 1224 προσβλέ-

132 1234 229 1265 πειν,
263 1226 356 1258 limis
382 1226 515 1268 oculis,
547 1226 714 1258 scheel.
764 1224 869 1270 Virg.

130 1271 227 1305 Aen.
255 1274 317 1315 11,
344 1274 430 1306 337.
465 1274 622 1314 obliqua
647 1273 797 1306 invidia.
825 1291 867 1296 -

131 1319 266 1362 Limal]
303 1320 441 1364 „quasi
475 1321 564 1354 lima
596 1319 743 1361 atterit,
777 1322 871 1354 atte-

131 1377 251 1401 nuare
278 1368 468 1401 oonatur.“
497 1387 540 1391 —
566 1367 706 1410 morsu]
740 1365 808 1400 Od.
835 1370 868 1410 4,

132 1416 165 1456 3,
194 1418 265 1448 16:
301 1417 348 1448 Et
380 1417 457 1448 iam
488 1417 594 1449 dente
626 1416 746 1448 minus
770 1423 868 1448 mor-

130 1463 220 1495 deor
243 1463 379 1496 invido.
428 1462 501 1496 Hie
534 1471 673 1496 morsus
704 1462 868 1496 refertur

131 1510 290 1543 maxime
308 1509 355 1543 ad
376 1510 525 1544 occulta
547 1511 767 1554 iniquorum
791 1513 868 1543 stu-

129 1556 194 1590 dia
210 1557 409 1591 Horatium
427 1557 728 1602 reprehendendi
755 1559 868 1602 atque

131 1604 371 1638 criminandi.
398 1624 442 1628 —
467 1604 644 1647 venenat]
685 1607 757 1646 „ut
790 1615 868 1638 ser-

129 1662 225 1696 pens
238 1653 271 1686 “.
314 1651 418 1686 Nove
452 1652 593 1686 dictum
628 1662 715 1686 esse
742 1655 869 1686 monet

131 1698 270 1732 Oomm.
298 1699 424 1744 Cruq.,
451 1700 553 1745 quod
577 1699 867 1743 intelligendum

130 1757 216 1780 reor
242 1746 288 1780 de
315 1758 387 1781 usu
411 1747 576 1792 tropi003
602 1748 742 1793 κυρίως
758 1757 868 1780 usur-

128 1796 194 1837 pat
218 1794 292 1828 iam
318 1793 470 1828 Lueret.
497 1797 529 1836 6,
556 1796 636 1827 820.
662 1812 710 1817 —-—
732 1795 866 1826 Rident

129 1840 216 1883 oet]
264 1841 388 1882 „Ruri
425 1852 535 1875 nemo
571 1841 664 1874 mihi
698 1841 865 1883 invidet3

128 1889 385 1922 tantummodo
411 1889 543 1930 vieini,
575 1888 607 1922 si
635 1887 785 1932 quando
812 1887 867 1920 di-

129 1935 183 1969 eis
210 1938 247 1969 et
271 1936 346 1969 ioci
372 1946 487 1970 causa
512 1936 675 1980 ligonem
693 1935 753 1968 vel
770 1946 867 1968 mar-

129 1993 208 2016 ram
232 1985 363 2025 tracto,
389 1984 560 2028 quamvis
579 1982 716 2026 optimo
742 1982 780 2015 in
807 1993 865 2016 me

128 2030 254 2064 animo
275 2031 362 2072 sint,
388 2034 512 2064 tamen
540 2029 750 2072 subrident,
777 2030 867 2074 quia

128 2087 206 2111 non
250 2078 332 2112 sine
375 2089 491 2112 causa
532 2079 667 2111 horum
709 2088 865 2122 operum

129 2125 254 2159 minus
279 2126 425 2170 peritus
451 2126 498 2159 iis
523 2124 688 2158 videor.“

176 2175 298 2206 40-44.
325 2175 412 2207 Cum
434 2175 548 2206 servis
574 2172 659 2215 eet]
693 2171 776 2214 „Sic
802 2171 864 2205 fir-

127 2231 229 2253 mum
255 2231 323 2266 ego
353 2220 591 2265 propositum
622 2222 757 2253 teneo:
798 2229 865 2253 vos

128 2268 246 2309 servi,
272 2268 443 2302 homines
468 2269 569 2302 leves
595 2270 708 2311 atque
733 2266 866 2300 incon-

129 2317 290 2357 stantes,
324 2315 420 2349 illud
453 2325 598 2359 semper
630 2313 864 2354 desideratis,

128 2361 231 2405 quod
256 2363 390 2406 procul
415 2374 436 2396 a
454 2363 559 2396 vobis
582 2365 657 2404 est3
682 2364 723 2395 tu
748 2362 864 2394 mavis

127 2408 268 2442 Romae
294 2409 430 2454 degere
456 2413 493 2443 et
518 2420 603 2443 cum
629 2411 757 2443 cetera
781 2418 865 2442 mea

127 2455 271 2489 familia
308 2457 455 2491 urbana
491 2467 574 2490 esse
616 2457 757 2496 diaria,
799 2455 864 2489 de-

128 2504 308 2546 mensa“‚
342 2504 464 2546 cibos,
500 2515 595 2548 quos
627 2504 862 2547 dispensator

127 2561 196 2595 per
214 2551 385 2596 singulos
403 2551 483 2585 dies
508 2551 626 2584 servis
651 2551 863 2591 admetitur,

127 2598 265 2633 additis
282 2599 517 2643 plerumque,
538 2602 580 2631 ut
597 2599 742 2642 opinor,
761 2608 863 2631 men-

128 2655 191 2679 sae
217 2646 349 2680 herilis
374 2646 559 2690 reliquiis.
599 2644 780 2687 (Martial.
807 2647 863 2686 11,

131 2694 217 2726 108:
241 2695 378 2735 pueri·
391 2694 517 2726 diaria
540 2694 717 2735 poscunt.)
736 2711 783 2716 —-
802 2701 863 2725 ro-

126 2740 228 2782 dere]
256 2741 302 2775 de
320 2741 427 2782 duro,
452 2741 570 2782 tenui,
594 2750 709 2784 parco
736 2750 863 2774 servo-

920 999 1004 1022 rum
1039 989 1271 1023 urbanorum
1304 990 1418 1024 victu.
1468 989 1545 1024 Gfr.
1580 989 1654 1023 Sat.

923 1038 953 1078 1,
972 1039 1004 1078 5,
1024 1038 1080 1070 68.
1097 1055 1139 1060 —-·
1151 1039 1234 1070 volo
1256 1037 1350 1080 mis]
1378 1036 1480 1080 „Hoc
1497 1040 1539 1071 tu
1557 1047 1656 1071 sum-

918 1094 1071 1127 mopere
1098 1087 1220 1128 optas,
1254 1087 1297 1117 nt
1321 1095 1455 1118 rursus
1488 1084 1654 1119 familiae

919 1131 1086 1165 urbanae
1123 1131 1362 1176 aggregeris:
1404 1134 1536 1166 contra
1571 1131 1653 1166 calo

919 1178 1068 1220 (servus
1086 1188 1133 1212 ex
1157 1179 1300 1213 familia
1323 1178 1483 1221 urbana,
1508 1178 1652 1212 viliori-

919 1226 991 1259 bus
1005 1225 1300 1270 durioribusque
1315 1226 1538 1260 ministeriis
1555 1236 1579 1260 a
1594 1236 1652 1260 me

919 1271 1160 1315 destinatus),
1184 1273 1294 1308 homo
1314 1283 1406 1308 sane
1423 1272 1585 1307 callidus
1609 1283 1654 1307 ao

919 1319 1020 1354 vafer
1058 1320 1123 1362 (ut
1147 1319 1222 1354 sibi
1247 1322 1349 1354 certe
1374 1319 1536 1363 videtur,
1568 1330 1653 1354 oum

917 1378 977 1401 me
1002 1368 1136 1401 herum
1161 1367 1353 1401 interdum
1378 1367 1519 1412 decipit
1533 1370 1572 1402 et
1587 1367 1652 1401 de-

917 1414 1094 1457 fraudat),
1120 1414 1281 1449 liberum
1306 1415 1374 1449 tibi
1396 1426 1507 1449 usum
1524 1425 1651 1449 rerum

918 1462 964 1496 ad
985 1462 1123 1496 vietum
1148 1462 1449 1497 necessariarum
1474 1462 1650 1496 invidet.“

918 1528 961 1533 —
991 1511 1133 1543 Invidet
1158 1510 1244 1553 eet.]
1271 1509 1376 1552 Nam,
1401 1513 1443 1544 ut
1466 1510 1520 1543 ait
1542 1509 1651 1543 Pom-

916 1557 1053 1601 ponius
1079 1557 1119 1590 in
1145 1557 1345 1603 Ergastulo
1370 1557 1471 1602 apud
1494 1556 1590 1591 Non.
1614 1568 1651 1602 p.

919 1607 1011 1637 164:
1045 1606 1163 1646 Lonqe
1195 1606 1242 1638 ab
1271 1606 1362 1638 urbe
1385 1605 1545 1646 vilicari,
1580 1612 1652 1645 quo

918 1661 1000 1685 erus
1032 1654 1203 1685 rarenter
1231 1653 1351 1694 venit,
1384 1653 1467 1686 Non
1495 1652 1650 1693 vitiem-i,

916 1701 980 1733 sed
996 1701 1182 1732 dominari
1198 1702 1248 1732 esc
1265 1707 1348 1732 mea
1363 1699 1554 1732 sementia.
1582 1697 1650 1732 Ca-

915 1746 994 1779 loni
1013 1757 1100 1780 vero
1124 1747 1249 1780 omnia
1271 1745 1473 1779 admetitur
1494 1745 1650 1790 dispen-

916 1797 1016 1827 sator
1035 1796 1072 1827 et
1089 1803 1211 1837 usque
1229 1793 1275 1826 ad
1289 1792 1439 1827 unciam
1454 1792 1650 1837 ponderat.

917 1859 959 1864 —
983 1841 1140 1882 pecoris]
1182 1840 1290 1882 „lac,
1327 1850 1499 1882 caseum,
1537 1840 1650 1875 etiam

915 1897 1065 1921 carnem
1089 1887 1267 1932 agninam
1291 1890 1330 1921 et
1354 1887 1552 1921 haedinam
1579 1890 1648 1921 oet.

915 1934 983 1968 tibi
1010 1935 1275 1979 praebentis;“
1302 1934 1349 1968 ad
1374 1945 1574 1976 summam,
1608 1938 1650 1968 ut

915 1985 972 2015 est
1008 1982 1048 2015 in
1092 1982 1313 2026 proverbio,
1355 1983 1466 2024 Optat
1507 1984 1577 2016 oet.
1604 2000 1647 2006 -—

915 2030 1099 2073 ephippia]
1122 2029 1309 2070 ἐφίππιον
1325 2029 1494 2076 στρῶμα,
1515 2029 1648 2063 Scha-

915 2078 1095 2119 bracke;
1123 2077 1313 2122 „tegimen
1331 2077 1419 2121 equi
1436 2076 1483 2111 ad
1499 2076 1649 2110 mollem

913 2128 1105 2158 vecturam
1152 2125 1364 2169 paratum.“
1415 2124 1577 2157 Nomos.
1602 2142 1648 2148 —

913 2171 1138 2217 Ambigunt,
1176 2174 1304 2205 utrum
1338 2170 1648 2216 distinguendum

915 2220 964 2252 sit
989 2230 1072 2253 eum
1097 2219 1289 2260 Bentleio,
1322 2229 1435 2263 quem
1460 2228 1530 2252 nos
1554 2229 1648 2262 quo-

915 2277 987 2310 que
1013 2266 1134 2300 secuti
1160 2277 1308 2307 sumus,
1341 2277 1388 2300 an
1421 2266 1502 2300 sio:
1538 2266 1648 2307 Optat

915 2315 1083 2356 ephippia
1109 2315 1169 2346 bos
1191 2315 1308 2356 piqer,
1333 2315 1435 2355 optat
1459 2321 1571 2347 arare
1587 2321 1648 2346 ca-

914 2362 1052 2403 ballus,
1090 2361 1137 2394 ad
1171 2360 1272 2405 quod
1306 2360 1507 2394 conferunt
1539 2359 1647 2394 Ovid.

912 2408 994 2441 Am.
1014 2411 1051 2450 1,
1071 2410 1208 2449 13,16:
1233 2409 1363 2441 Prima
1386 2416 1496 2441 vocas
1521 2408 1646 2440 cardos

908 2457 977 2489 sub
1016 2457 1106 2496 iuaa
1143 2456 1271 2497 panda
1312 2457 1427 2489 boves.
1454 2473 1498 2478 —
1525 2455 1644 2496 Quam

911 2504 977 2536 scit
1000 2502 1084 2545 oet]
1109 2502 1152 2535 In
1178 2502 1421 2546 proverbium
1447 2501 1647 2535 transierat

911 2549 1175 2606 Aristophanis
1214 2549 1328 2594 Vesp.
1372 2551 1484 2582 1431:
1516 2544 1645 2602 Ερδυι

912 2607 968 2639 τις
994 2594 1040 2640 ἣν
1062 2592 1227 2638 ἕκαστος
1250 2596 1366 2639 εἰδείη
1391 2598 1537 2650 n'xvryy.
1567 2594 1645 2629 Cio.

913 2644 1091 2687 Tusc.1,
1125 2646 1186 2684 18,
1217 2646 1285 2677 41:
1323 2645 1420 2677 Bene
1453 2644 1547 2676 enim
1578 2643 1645 2675 illo

908 2693 1102 2733 proverbio
1136 2691 1361 2725 Graecorum
1394 2691 1646 2732 praecipitur:

914 2741 1033 2781 Quam
1057 2740 1206 2779 quisque
1229 2739 1328 2772 norit
1354 2740 1489 2779 artem,
1513 2738 1553 2770 in
1576 2737 1646 2770 'tao
