1774 2930
675 161 771 197 Ans
793 160 1016 197 POE‘HOA.

1519 157 1606 198 495

212 267 460 311 Parturiunt
489 260 688 318 montes,
709 266 908 306 nascetur
937 259 1142 303 ridiculus
1173 272 1283 301 mus.

215 337 384 387 Quanto
414 336 572 380 rectius
602 335 692 388 hic,
724 333 799 390 qui
828 332 889 375 nil
918 332 1092 374 molitur
1121 330 1289 386 inepte:

1525 328 1606 369 140

214 408 319 462 „Dic
348 407 473 460 mihi,
503 407 646 459 Musa,
677 405 830 456 virum,
861 406 1011 459 captae
1040 405 1139 458 post
1168 404 1362 456 tempora
1393 398 1548 441 Troiae

215 479 323 533 „Qui
353 492 493 520 mores
525 477 743 519 hominum
774 474 1002 516 multorum
1032 472 1140 514 vidit
1171 475 1213 514 et
1243 470 1410 512 urbes.“

212 549 311 592 Non
340 548 506 590 fumum
537 562 593 590 ex
622 546 807 601 fulgore,
840 543 916 587 sed
947 558 1002 586 ex
1032 542 1149 585 fumo
1181 541 1283 585 dare
1313 541 1452 583 lucem

215 619 406 676 Cogitat,
438 623 486 660 ut
517 618 711 674 speciosa
740 615 895 658 dehinc
925 614 1129 656 miracula
1158 615 1342 669 promat,

215 689 482 747 Antiphaten
512 688 782 745 Scyllamque
814 690 856 728 et
889 699 985 727 cum
1007 684 1194 741 Cyclope
1221 680 1490 739 Charybdin,
1527 682 1609 722 145

123 832 125 835 ’
196 827 275 860 139.
323 826 536 859 Ραηιιτὶεπε
576 821 767 863 BbSTEc,
812 819 958 854 120th.
1008 819 1080 862 (Ut
1124 829 1213 860 nos,
1259 817 1402 863 Regius
1443 816 1563 851 Paris.

146 884 264 915 unus,
296 871 583 916 Bambergensis
609 880 708 903 unus
734 868 814 902 Sec.
839 867 903 908 X.‚
928 866 1025 901 Feae
1052 866 1154 908 duo.)
1182 884 1225 889 -
1253 867 1332 899 141.
1364 867 1445 906 post
1468 872 1564 897 moe-

146 922 212 954 nia
244 930 329 954 cum
355 919 493 953 Codice
525 919 719 962 pervetere
744 916 835 949 Ach.
863 914 990 956 Statii,
1023 912 1286 958 vigorniensi,
1319 911 1448 957 Regiis
1473 911 1566 945 duo·

147 967 236 1009 bus,
268 967 366 1001 Feae
400 976 475 999 uno
509 968 547 998 et
569 963 728 998 Ausonii
753 962 936 996 Periocha
959 960 989 994 Ι.
1014 960 1120 994 Libri
1145 959 1332 1005 Odysseae
1357 958 1565 1000 Bentleius,

145 1017 226 1056 post
248 1015 382 1056 sunem
406 1011 573 1047 eiusdem
598 1011 712 1044 dubia
737 1008 915 1054 suspicio.

99 1125 196 1159 tinet

99 1171 204 1206 aliud
243 1172 306 1206 dat
347 1181 460 1216 quam
496 1169 657 1204 informe
698 1170 831 1213 poema

100 1218 308 1264 cyclicum.-
334 1238 377 1242 -—
412 1216 635 1260 promissor]
678 1219 720 1250 ut
762 1226 830 1249 nos

104 1265 380 1307 Ver-heusen
423 1265 510 1309 „qui
547 1274 683 1309 magna
722 1262 832 1306 polli-

99 1314 228 1354 cetur,
252 1311 349 1346 nihil
372 1311 569 1356 praestat.“
623 1309 729 1344 Conf.
756 1308 831 1343 Sat.

103 1360 146 1400 2,
171 1359 204 1392 3.
229 1360 271 1392 6:
304 1359 372 1392 Dic
396 1359 539 1399 aliquid
570 1359 722 1398 dionum
743 1364 831 1397 pro·

101 1406 239 1438 missis.-
253 1406 383 1446 incipe.
400 1405 465 1439 Nil
477 1407 539 1438 est.
554 1423 598 1427 —
612 1403 731 1446 hiatu]
747 1413 832 1445 „ore

102 1452 307 1486 ridiculum
331 1453 374 1485 in
390 1450 542 1486 modum
558 1451 632 1485 late
658 1450 830 1494 aperto;“

101 1499 186 1534 sine
211 1499 394 1544 imagine:
422 1509 528 1540 „cum
544 1497 645 1532 fastu
671 1496 832 1541 quodam

100 1549 142 1580 et
165 1546 375 1580 iactantia-‘⁶
405 1564 446 1569 —
474 1544 712 1587 Par-tanum]
745 1554 833 1588 pro-

102 1593 274 1627 verbium
295 1592 493 1635 Graecum,
520 1592 620 1636 quod
645 1592 833 1636 integrum

102 1640 266 1674 servavit
288 1640 506 1673 Athenaeus
535 1642 589 1681 14,
616 1641 656 1672 6:
684 1634 834 1671 ’Ώδινεν

99 1682 205 1734 ὅρος,
230 1684 324 1729 Ζεὺς
339 1685 371 1718 δ’
388 1686 582 1727 ἐφοβεῖτο,
600 1683 643 1719 τὸ
660 1684 691 1717 δ’
709 1681 834 1718 ἔτεκεν

101 1733 190 1777 μῦν.
240 1733 347 1768 Oonf.
382 1733 542 1768 Phaedr.
579 1732 667 1766 Fab.
705 1734 739 1774 4,
777 1734 833 1767 22.

102 1782 320 1815 Parlun'unt
351 1790 474 1823 nunc3
511 1791 615 1822 mox,
652 1779 835 1824 inquiunt

102 1827 286 1871 homines,
310 1830 492 1861 nascetur.
532 1826 718 1860 Futurum
743 1827 833 1859 Par-

101 1876 259 1917 turient,
307 1874 408 1919 quod
457 1874 630 1919 plerique
679 1875 834 1907 tuentur

105 1920 241 1964 Codd.‚
278 1925 401 1955 ortum
438 1921 586 1955 videtur
623 1931 670 1954 ex
700 1931 735 1953 v.
768 1928 835 1953 na-

102 1969 237 2000 scetur.
262 1967 372 2009 („I]ia
389 1968 513 2000 omnia
538 1978 634 2012 quae
658 1967 699 2000 in
719 1968 835 2000 URIO

106 2011 306 2055 desinunt,
328 2015 517 2056 partu—rio,
551 2015 742 2055 nupturw,
768 2017 835 2046 mi-

71 2084 74 2086 ·
106 2060 243 2102 clario,
290 2061 428 2102 esurio,

226 1135 362 1170 magno
395 1134 460 1158 ore
492 1122 695 1167 promittit,
733 1120 830 1154 nihil

477 2070 573 2104 quae
619 2059 835 2094 meditativa

108 2109 211 2140 recte
228 2109 362 2140 vocant
380 2105 634 2148 Grammatici,
658 2106 769 2139 etiam
794 2106 835 2139 in

106 2153 226 2197 primo
251 2155 419 2197 tempore
444 2153 563 2186 futuri
585 2153 661 2186 vim
684 2153 835 2186 habent.

107 2202 279 2234 Par-turio
311 2199 470 2245 perinde
496 2203 572 2242 est,
605 2210 648 2234 ac
674 2199 706 2233 si
732 2199 835 2234 dicas

110 2247 293 2290 „meditor
316 2257 468 2292 parere,
493 2247 588 2280 inibi
614 2249 681 2289 est,
705 2248 747 2279 ut
770 2257 835 2290 pa·

106 2294 236 2328 riam.“
290 2294 348 2328 Ita
388 2304 484 2338 quae
526 2293 661 2328 Graeci
702 2293 836 2326 ἐπιθυ-

106 2337 271 2384 μητικά,
312 2342 578 2382 desiderativa,
619 2342 755 2374 vocant
794 2341 834 2374 in

109 2387 199 2421 Elsz
236 2388 432 2431 exeuntia,
469 2388 594 2432 qualia
626 2389 835 2431 γαμησείω,

106 2433 295 2481 βρωσείω,
321 2434 572 2490 πολεμῃσεὶω,
599 2436 747 2474 χεσείω,
772 2435 836 2468 ha-

106 2480 197 2515 bere
228 2481 407 2516 dicuntur
438 2492 610 2524 εμφασιν
643 2481 711 2515 τοῦ
744 2481 836 2524 με’λ-

108 2527 243 2570 λοντος
257 2554 266 2568 ,
324 2530 623 2571 siqniflcalionem
683 2529 833 2570 suturi.“

109 2574 272 2618 Bmvrn.)
314 2575 387 2616 Qui
411 2576 580 2610 futurum
606 2576 835 2620 praeferunt,

107 2621 208 2656 haud
232 2623 327 2656 male
353 2622 558 2668 explicant:
586 2623 709 2666 „Fiet,
735 2622 835 2667 quod

109 2667 151 2700 in
195 2669 394 2713 proverbio
442 2670 530 2704 est.“
575 2689 618 2694 -—
659 2670 835 2703 ridiculus

109 2715 211 2758 mus]
250 2716 306 2750 De
355 2727 484 2751 versus
525 2716 696 2751 clausula
736 2717 833 2751 conf.

877 1119 972 1153 Aen.
1006 1121 1047 1161 3,
1083 1120 1170 1152 390:
1208 1119 1361 1152 Litoret‘s
1396 1119 1524 1159 invem
1556 1118 1613 1150 ι’ἠ-

877 1169 988 1200 venta
1011 1167 1077 1199 sub
1102 1167 1244 1199 ilicibus
1268 1174 1340 1199 sus.
1391 1163 1497 1198 Ovid.
1524 1163 1612 1198 Met.

880 1215 921 1255 8,
947 1215 1035 1247 359:
1076 1215 1122 1246 In
1154 1214 1297 1246 iuvenes
1332 1214 1428 1246 cerlo
1461 1213 1512 1244 sic
1546 1213 1614 1244 im-

876 1263 958 1302 pete
982 1261 1172 1301 volnificus
1195 1268 1256 1293 sus
1280 1260 1424 1293 Fertur.

898 1339 901 1342 ,
931 1309 1096 1341 141-145.
1127 1307 1197 1340 Dic
1220 1307 1309 1339 mihi
1333 1306 1420 1349 cet]
1447 1305 1492 1339 In
1518 1304 1613 1339 duos

880 1365 1013 1388 versus
1039 1353 1227 1388 contraxit
1252 1352 1440 1398 Odysseae
1466 1352 1614 1386 exordi-

880 1412 963 1434 um:
1001 1397 1134 1445 ’Ἀνδρα
1169 1412 1239 1443 μοι
1275 1396 1425 1440 ἔννεπε,
1462 1399 1614 1439 Μοῦσα,

882 1445 1136 1495 πολεΐεροπον,
1161 1444 1206 1490 ὃς
1221 1444 1327 1490 μάλα
1344 1444 1467 1480 πολλὰ
1484 1443 1614 1491 Πλάγ-

882 1495 980 1538 χθη,
1021 1496 1101 1528 ἐπεὶ
1140 1496 1280 1542 Τροίης
1321 1492 1424 1542 ἱερὸν
1467 1493 1616 1527 πτολίε-

882 1543 978 1590 θρον
1011 1539 1165 1589 ἔπερσε,
1202 1541 1361 1575 Πολλῶν
1394 1540 1426 1574 δ’
1462 1538 1616 1588 ἀνθρώ-

883 1601 962 1622 ,των
1004 1588 1080 1622 ἴδεν
1117 1585 1237 1622 ἄστεα
1274 1590 1339 1622 καὶ
1376 1585 1470 1622 νόον
1506 1584 1614 1632 ἔγνω.

883 1636 958 1670 Cfr.
990 1637 1086 1681 Epp.
1122 1640 1160 1678 1,
1186 1638 1227 1678 2,
1256 1638 1310 1670 19.
1337 1655 1380 1659 -
1406 1638 1548 1678 sumum
1567 1653 1615 1660 --

882 1684 1004 1727 sumo]
1035 1684 1191 1717 Lucian.
1229 1683 1324 1717 Tim.
1363 1685 1404 1716 1:
1446 1678 1615 1716 ’Άπαντα

882 1729 955 1778 γὰρ
988 1731 1106 1772 ταῦτα
1138 1730 1254 1778 λῆρος
1285 1726 1358 1773 ἤδη
1390 1728 1616 1772 ἀναπέφηνε

882 1780 948 1811 καὶ
989 1776 1174 1820 καπνὸς
1220 1775 1482 1820 ποιητικὸς
1528 1774 1616 1810 ἀτε-

882 1825 983 1868 χνῶς
1007 1821 1079 1868 ἔξω
1113 1825 1179 1858 τοῦ
1213 1821 1385 1868 πατάγου
1420 1824 1493 1857 τῶν
1525 1821 1616 1857 ὀνο-

882 1868 1026 1915 μάτων.
1054 1891 1096 1896 -
1127 1873 1272 1914 sulqore
1289 1892 1304 1898 -
1320 1890 1336 1896 -
1356 1871 1492 1914 lucem]
1529 1872 1615 1904 Ful-

884 1928 950 1961 qor
975 1923 1032 1954 est
1064 1919 1192 1953 lumen
1226 1919 1392 1953 subitum
1425 1921 1462 1953 et
1487 1919 1616 1953 oculos

883 1967 1185 2012 praestringens,
1218 1977 1304 2001 mox
1338 1969 1463 2000 tamen
1493 1966 1532 1999 in
1558 1965 1616 1999 fu-

884 2024 986 2046 mum
1022 2013 1214 2058 ingratum
1250 2013 1449 2055 desinens;
1487 2015 1618 2047 contra

886 2061 951 2093 lua·
988 2060 1108 2093 oculis
1145 2062 1267 2104 grata3
1309 2060 1391 2093 sine
1430 2060 1616 2104 imagine:

885 2107 1058 2148 „initium
1084 2106 1323 2150 splendidum
1347 2117 1389 2140 ac
1413 2116 1533 2150 prope
1558 2116 1617 2140 ar-

883 2163 1032 2198 rogans,
1059 2152 1160 2197 quod
1186 2153 1325 2198 excipit
1349 2153 1514 2186 narratio
1540 2155 1617 2187 tae-

883 2199 937 2233 dii
962 2201 1095 2244 plena;
1128 2202 1259 2234 contra
1283 2199 1435 2233 initium
1459 2199 1617 2244 simplex

885 2249 922 2280 et
953 2257 1071 2291 prope
1104 2247 1267 2289 humile,
1304 2247 1406 2291 quod
1444 2247 1616 2292 egregiae

884 2294 1122 2328 narrationes
1165 2294 1412 2338 sequuntur.“
1452 2313 1494 2317 —
1536 2303 1617 2336 spe-

884 2342 984 2374 ciosa
1002 2359 1016 2365 -
1033 2341 1238 2384 miracula]
1268 2337 1488 2384 ,θαύματω
1517 2352 1618 2382 φαν-

884 2389 1037 2430 τασίας,
1070 2389 1110 2421 in
1145 2388 1302 2433 quibus,
1336 2388 1407 2422 etsi
1441 2391 1529 2422 sunt
1555 2399 1616 2422 res

882 2435 1144 2477 miraculosae,
1170 2437 1213 2468 ut
1232 2446 1328 2479 quae
1346 2437 1550 2469 narrantur
1568 2435 1614 2469 de

882 2481 1106 2526 Antiphate,
1162 2482 1461 2528 Laestrygonum
1516 2492 1617 2527 rege,

884 2528 1015 2574 odyss.
1041 2541 1084 2569 κ,
1120 2531 1188 2563 100
1222 2540 1323 2574 sqq.,
1355 2529 1400 2563 de
1428 2528 1552 2573 Scylla
1579 2531 1616 2562 et

884 2575 1071 2621 Charybdi
1097 2575 1166 2610 Od.
1190 2588 1239 2619 μ,
1274 2578 1318 2610 85
1345 2586 1448 2620 sqq.,
1474 2576 1519 2609 de
1546 2574 1616 2620 Cy-

884 2623 991 2668 clope
1017 2623 1085 2657 od.
1104 2635 1128 2662 ι,
1156 2625 1220 2657 187
1249 2634 1341 2667 sqq.,
1367 2623 1466 2656 inest
1491 2625 1617 2656 tamen

882 2671 960 2704 veri
986 2669 1192 2704 similitudo
1218 2671 1377 2714 poetica.
1415 2668 1526 2703 Tales
1552 2680 1618 2703 au-

883 2719 958 2750 tem
974 2717 1210 2751 narrationes
1228 2727 1314 2751 vere
1332 2715 1499 2760 poeticas
1517 2716 1615 2761 apud
