1774 2930
264 0 295 13 Ἦ

0 0 261 34 12·erss

0 31 11 39 7
40 28 43 29 ’
67 39 70 41 v
141 25 179 40 -⁷,'Z
199 35 201 37 .

875 103 900 114 κ

648 153 742 188 Lm.
765 155 796 189 1.
836 152 990 188 EPIST.
1013 152 1115 188 XVI.

1555 153 1644 194 363

245 254 326 297 Vir
345 255 498 309 bonus,
520 268 647 297 omne
666 254 807 296 forum
828 268 956 310 quem
976 257 1142 310 spectat
1164 257 1209 295 et
1229 266 1354 295 omne
1375 253 1581 306 tribunal,

248 325 595 382 Quandocunque
626 325 729 367 deos
759 325 830 367 vel
859 338 987 380 porco
1018 324 1088 366 vel
1118 323 1228 366 bove
1259 323 1418 379 placat,

246 395 349 440 Iane
378 400 515 453 pater,
547 396 679 449 clare,
712 396 824 438 clare
855 409 951 437 cum
982 394 1112 447 dixit,
1143 394 1320 450 Apollo,

245 466 391 510 Labra
418 470 562 510 movet
591 470 786 508 metuens
819 465 974 508 audiri:
997 465 1193 507 Pulchra
1220 464 1438 518 Laverna,

1586 463 1644 504 60

246 536 316 579 Da
345 537 451 580 mihi
481 537 644 590 fallere,
677 536 732 579 da
760 537 874 578 iusto
905 540 1136 592 sanctoque
1165 535 1320 588 videri,

246 607 427 651 Noctem
457 608 643 664 peccatis
676 611 725 650 et-
748 606 969 649 fraudibus
1001 606 1138 649 obiice
1169 606 1350 648 nubem!

249 678 332 726 Qui
363 679 511 722 melior
543 693 680 731 servo,
713 679 784 733 qui
815 677 989 719 liberior
1020 678 1077 718 sit
1108 691 1276 730 avaruS,

246 749 297 791 In
326 749 463 791 triviis
494 749 627 790 fixum
658 762 755 791 cnm
786 762 833 790 se
865 747 1051 790 demittit
1083 747 1136 789 ob
1169 761 1330 799 assem,

246 819 343 862 Non
372 819 523 873 video3
551 833 651 861 nam
681 819 754 874 qui
785 819 946 874 cupiet,
977 822 1140 860 metuet
1171 831 1362 873 quoque3
1395 830 1536 873 porro,
1586 816 1645 858 65

248 889 333 939 Qui
362 895 558 933 metuens
590 890 723 942 vivet,
754 889 863 931 liber
893 889 997 930 mihi
1030 902 1114 930 non
1147 888 1226 930 erit
1257 902 1458 943 unquam.

223 1020 280 1052 61.
303 1021 440 1052 iustum
461 1021 700 1059 sanctumque
725 1017 854 1062 bSEcp
881 1022 919 1051 et
943 1017 1155 1052 Bentleiani
1183 1027 1325 1051 omnes.
1355 1035 1395 1040 —
1425 1018 1482 1050 66.
1506 1017 1594 1050 vim‘t

178 1065 232 1108 s‚t
255 1067 294 1100 et
316 1065 527 1100 Bentleius.

129 1159 262 1194 dicim*
284 1179 325 1183 —
341 1159 572 1202 pacto-islo]
606 1170 677 1201 „ea
701 1159 860 1201 ratione,

129 1217 242 1251 quam
266 1207 328 1240 lu‘
355 1208 446 1249 (non
468 1206 658 1249 Quintius,
683 1206 749 1240 sed
774 1206 861 1240 ficta

128 1263 306 1298 persona,
331 1265 442 1298 quam
468 1254 691 1298 alloquitur)
725 1254 860 1298 „sequi

131 1299 264 1334 soles.“
293 1319 335 1324 —
363 1301 500 1344 lenius]
535 1300 688 1334 Dictum
727 1304 783 1334 est
820 1304 862 1334 ut

131 1345 200 1380 od.
238 1348 279 1389 2,
318 1349 382 1390 19,
419 1351 467 1382 5:
511 1355 582 1380 non
622 1349 693 1381 teni
730 1349 860 1389 ruina3

133 1393 358 1436 „damnum
396 1395 514 1439 quod,
557 1394 647 1439 quia
684 1395 859 1439 exiguum

131 1444 200 1482 est,
222 1441 349 1475 lenius
373 1441 506 1476 feras.“

178 1489 329 1522 57—62.
360 1489 420 1521 Vir
445 1487 571 1530 bonus]
591 1498 711 1532 quem
736 1487 861 1531 plebe·

131 1534 218 1568 cula
251 1535 306 1569 sic
336 1536 518 1580 appellatg
556 1534 753 1569 manifesto
779 1537 861 1567 κατ’

131 1582 338 1628 εἰρωνείαν.
364 1602 408 1606 -
433 1585 525 1616 Iane
547 1582 667 1624 paler]
693 1581 790 1616 Vide
815 1583 861 1616 ad

132 1627 205 1662 Sat.
232 1630 266 1671 2,
291 1631 325 1671 6,
350 1631 406 1663 20.
425 1649 469 1653 -
487 1630 610 1663 Labra
634 1632 751 1662 movet
778 1630 861 1672 cet]

130 1674 267 1709 Totum
291 1676 416 1710 locum
440 1677 606 1710 imitatus
632 1679 688 1710 est
707 1675 861 1710 Persius

130 1722 172 1764 2,
202 1723 224 1756 5
256 1733 338 1768 sqq.
386 1723 458 1757 Illa
493 1724 617 1756 Labra
652 1726 770 1756 movet
808 1724 861 1757 sic

129 1770 336 1813 expressit:
378 1771 455 1804 Illa
489 1772 559 1803 sibi
592 1771 791 1803 introrsum
829 1774 860 1803 ee

128 1818 195 1849 sub
221 1818 349 1858 linqua
369 1819 627 1851 immurmurat
650 1820 720 1851 cet.
734 1836 778 1840 —
792 1819 861 1850 La-

127 1863 257 1906 uerna]
284 1864 476 1906 „Laverna
500 1865 540 1898 in
557 1866 617 1898 via
635 1864 779 1898 Salaria
804 1865 861 1898 lu-

129 1919 215 1943 cum
241 1911 370 1954 habet3
405 1914 461 1945 est
485 1915 610 1946 autem
635 1911 705 1945 dea
734 1912 861 1945 furum

131 1956 236 1998 (sive.
261 1960 306 1991 ut
328 1959 381 1992 ait
403 1958 594 1992 Arnobius
620 1961 661 2000 4,
687 1961 754 1992 24:
780 1967 861 1991 cum

131 2004 316 2037 Mercurio
351 2007 459 2038 simul
495 2007 687 2046 fraudibus
722 2007 862 2046 praesi-

131 2051 190 2082 det
213 2051 405 2093 furtivis),
443 2054 479 2085 et
510 2052 754 2085 simulacrum
779 2053 861 2086 eius

77 2097 81 2099 ’
131 2095 235 2129 fures
268 2098 398 2131 colunt
431 2101 467 2131 et
499 2099 566 2142 qui
600 2098 757 2132 consilia
794 2109 862 2132 sua

132 2142 266 2176 volunt
282 2144 411 2187 tacita3
429 2155 515 2178 nam
531 2155 663 2188 preces
677 2145 759 2178 eius
777 2156 861 2178 cum

131 2188 283 2224 silentio
309 2194 550 2224 exercentur:
583 2192 638 2225 sic
664 2192 763 2225 dicta
787 2192 863 2225 for-

133 2237 231 2270 tasse
262 2247 285 2270 a
319 2239 482 2279 ιαιεηάος
519 2249 605 2271 nam
638 2238 740 2272 fures
774 2239 861 2272 olim

134 2283 353 2318 lacerniones
378 2288 415 2318 et
441 2286 666 2318 laverniones
689 2285 862 2319 diceban-

132 2331 226 2363 tur.“
278 2330 405 2365 Coma.
443 2332 563 2370 CRUQ.
613 2332 704 2374 (Cfr.
728 2333 862 2367 Festus

133 2387 162 2410 s.
185 2387 218 2410 V.
241 2379 511 2421 Laverniones.)
539 2379 671 2420 „Dicta
696 2381 862 2413 Lauerna

131 2433 155 2457 a
193 2425 370 2467 lavando,
409 2437 493 2459 nam
534 2427 637 2460 fures
681 2427 862 2460 lavatores

132 2468 343 2506 dicuntur.“
382 2472 475 2506 Aca.
515 2472 657 2507 Novius
682 2473 800 2507 Bothe
826 2485 862 2518 p.

132 2519 196 2551 56:
234 2521 306 2554 Per
330 2521 434 2553 deam
457 2523 622 2554 sanctam
646 2522 862 2561 Lauernam,

132 2573 227 2605 quae
256 2568 302 2600 sil
332 2568 469 2601 cultrix
493 2570 697 2608 quamuis!
722 2587 765 2591 —
791 2569 863 2608 sal-

134 2611 221 2654 lere]
245 2624 321 2648 nen
347 2617 420 2648 tam
448 2614 641 2658 „decipere
666 2614 860 2648 homines“

134 2668 247 2702 quam
273 2662 452 2703 „latere.“
474 2680 515 2686 -—
534 2663 627 2695 iusto
651 2662 861 2704 saucioque]

133 2703 383 2750 Frequentem
415 2709 511 2742 hanc
542 2709 860 2742 constructionem

910 1158 1066 1201 (Heins.
1105 1158 1150 1192 ad
1197 1157 1303 1191 Ovid.
1350 1157 1437 1191 Her.
1485 1159 1548 1199 14,
1585 1160 1646 1192 64.

910 1205 1016 1239 Ovid.
1042 1205 1128 1239 Met.
1155 1208 1187 1241 8.
1214 1207 1300 1238 69οε
1342 1206 1443 1238 Vobis
1475 1206 1647 1238 immam>-

910 1254 974 1286 ὕας
997 1254 1104 1286 huius
1128 1254 1215 1285 Esse
1246 1253 1337 1284 mali
1367 1253 1523 1285 dabitur.
1567 1251 1644 1285 Cfr.

910 1298 984 1333 Sat.
1005 1303 1036 1342 1,
1057 1303 1087 1339 l,
1107 1300 1177 1341 19.)
1204 1309 1289 1332 cum
1308 1299 1540 1344 ignorarent,
1564 1299 1647 1343 ple·

909 1347 1017 1390 rique
1044 1347 1083 1379 in
1109 1347 1362 1380 accusativum
1392 1348 1646 1380 mutaverunt.

911 1413 954 1416 —
968 1395 1081 1426 obiice
1097 1393 1242 1436 nubem]
1261 1392 1573 1438 quemadmodum
1589 1393 1644 1427 dii

910 1441 1009 1484 apud
1022 1440 1226 1474 Homerum
1241 1440 1432 1482 heroibus,
1448 1450 1543 1485 quos
1558 1451 1643 1474 cum

908 1488 1067 1521 maxime
1092 1490 1275 1521 tutantur.

958 1537 1077 1568 63-68.
1115 1535 1187 1576 Qut⁴
1209 1535 1341 1568 melior
1366 1533 1451 1577 cet.]
1479 1534 1643 1576 „Verum

910 1592 955 1615 ex
987 1581 1197 1619 Stoicorum
1231 1581 1402 1615 doctrina
1434 1582 1487 1615 ita
1517 1582 1646 1626 potius

910 1631 968 1662 est
1004 1628 1265 1667 iudicandum,
1302 1628 1486 1662 eiusmodi
1524 1630 1645 1662 cirum

910 1677 1042 1708 bonum
1065 1675 1357 1720 haudquaquam
1374 1675 1568 1709 meliorem
1586 1687 1647 1710 es·

910 1733 950 1756 se
988 1734 1095 1757 servo
1133 1723 1338 1767 nequam.“
1368 1742 1411 1746 —-
1437 1724 1482 1755 ob
1513 1724 1644 1767 assem]

909 1770 1032 1804 Locus
1059 1770 1268 1804 communis
1297 1770 1397 1803 haud
1422 1770 1645 1814 infrequens

909 1817 1009 1861 apud
1036 1817 1241 1861 Sophistas.
1277 1817 1450 1851 Imitatus
1476 1820 1533 1851 est
1556 1817 1645 1851 Per-

909 1865 988 1898 sIus
1015 1867 1047 1907 5,
1067 1867 1152 1898 111:
1179 1867 1295 1905 Inque
1323 1866 1398 1897 luto
1423 1865 1539 1906 fixum
1561 1873 1646 1906 pos-

907 1913 953 1944 sit
967 1913 1223 1945 transcendere
1237 1920 1435 1953 nummum,
1450 1911 1516 1944 ubi
1529 1911 1646 1945 Pseu·

909 1959 1165 1992 docornutus:
1194 1958 1352 1999 „Solent
1375 1959 1502 2002 pueri,
1528 1962 1570 1992 ut
1594 1959 1646 1992 ri-

910 2005 1023 2039 dendi
1058 2016 1207 2039 causam
1238 2006 1419 2044 habeant,
1457 2016 1578 2040 assem
1603 2007 1644 2039 in

910 2053 1014 2086 silice
1040 2052 1275 2096 plumbatum
1300 2053 1465 2097 affigere,
1492 2056 1551 2094 ut,
1577 2053 1643 2096 qui

910 2099 1089 2140 viderint,
1116 2110 1154 2133 se
1180 2099 1226 2132 ad
1253 2099 1509 2143 colligendum
1535 2099 1649 2133 incli-

912 2148 1003 2179 nent
1035 2156 1105 2178 nec
1137 2149 1261 2179 tamen
1292 2146 1440 2189 possint
1470 2146 1646 2188 evellere,

911 2203 984 2236 quo
1010 2192 1108 2226 facto
1142 2193 1248 2236 pueri
1286 2192 1475 2234 „etiam.'“
1516 2193 1644 2226 clami-

911 2242 992 2272 tare
1027 2239 1168 2280 solent,
1207 2240 1396 2279 „eliam!“
1426 2259 1468 2263 —-
1495 2242 1558 2280 qui
1583 2249 1646 2273 cu-

907 2287 1000 2327 piet,
1026 2288 1158 2319 metuet
1183 2287 1344 2329 quoque]
1376 2286 1555 2320 Horatius
1580 2287 1644 2321 hic

912 2336 948 2366 et
971 2333 1064 2377 Epp.
1095 2336 1132 2375 1,
1158 2335 1200 2375 2,
1226 2335 1282 2367 51.
1334 2334 1428 2376 (Qui
1453 2336 1549 2375 cupit
1577 2337 1645 2367 aut

910 2382 1036 2413 meluit
1049 2382 1134 2422 cet.)
1152 2379 1359 2424 Epicurum
1378 2381 1502 2426 (Diog.
1520 2380 1644 2415 Laert.

914 2429 968 2468 10,
984 2427 1095 2469 ,142.)
1130 2427 1319 2471 respicere
1351 2428 1499 2462 videtur
1524 2428 1649 2462 Lach-

910 2484 1046 2508 manno
1072 2473 1119 2508 ad
1144 2474 1295 2508 Lucret.
1322 2478 1355 2517 6,
1372 2477 1439 2508 25:
1465 2477 1511 2508 El
1535 2476 1645 2517 finem

908 2523 1035 2554 statuit
1061 2520 1276 2565 (Epicurus)
1302 2524 1512 2564 cuppedinis
1533 2525 1645 2562 atque

910 2569 1059 2601 timoris.
1111 2568 1185 2602 cfr.
1218 2569 1312 2613 Epp.
1347 2571 1387 2610 2,
1420 2572 1459 2610 2,
1492 2571 1571 2602 156.
1599 2587 1642 2591 —

907 2615 1034 2657 porro]
1064 2615 1268 2649 Continuat
1290 2617 1508 2656 orationem,
1534 2615 1643 2660 quasi

910 2661 1028 2695 dicat:
1064 2662 1191 2703 „Huic
1217 2663 1427 2696 sententiae
1453 2667 1641 2707 tamquam

911 2709 1149 2743 corollarium
1176 2709 1297 2753 (quod
1314 2709 1446 2743 dicunt
1462 2709 1649 2754 posterio-
