1774 2930
762 155 855 189 Lm.
880 155 910 190 ι.
957 154 1110 189 sPIs'r.
1132 154 1164 189 ι.
1569 154 1652 196 251

261 256 510 314 Spectatum
539 257 646 299 satis
678 259 722 299 et
752 256 955 298 donatum
984 256 1069 297 iam
1100 254 1206 297 rude
1238 255 1428 310 quaeris,

260 327 507 381 Maecenas,
537 328 692 370 iterum
723 328 898 382 antiquo
926 340 996 369 me
1025 325 1243 368 includere
1272 325 1398 367 ludo:

259 397 356 441 Non
386 397 534 441 eadem
567 403 635 440 est
665 402 805 450 aetas,
837 411 923 439 non
952 410 1088 439 mens.
1135 396 1343 439 Veianius
1374 397 1504 438 armis

259 469 459 512 Herculis
489 468 544 511 ad
573 473 741 525 postem
769 468 867 509 fixis
898 468 1002 510 latet
1033 467 1202 509 abditus
1233 481 1357 522 agro,
1626 467 1654 508 5

237 591 310 626 ΕΡ.
334 592 364 627 1.
389 595 422 627 3.
450 594 559 626 ludo?
584 591 863 634 FO(bbarius).

144 694 295 745 πρῶτόν
319 709 359 731 τε
390 699 456 730 καὶ
490 693 655 732 ὕστατον
687 697 768 730 αἰὲν
792 695 875 730 ἀεί-

142 743 209 778 δει.
246 744 403 779 Tbeoer.
430 747 486 787 17,
511 747 551 779 3:
568 743 743 799 Ἀνδρῶν
766 743 798 776 δ’
823 743 873 777 αὐ

142 791 382 834 Πτολεμαῖος
413 792 470 825 ἐνὶ
495 789 679 838 πρώτοισι
703 791 872 835 λεγέσθω

142 838 219 872 Καὶ
243 837 417 882 τύματος
440 840 506 872 καὶ
528 840 685 882 μέσσος.
706 858 748 862 -
766 839 872 882 dicte]

142 885 871 929 A.P.141:Diomm‚uusa,virum.

145 951 189 956 —
204 933 362 976 summa]
389 934 564 976 „ultima“
568 958 578 975 ,
604 936 647 967 ut
662 932 732 967 Od.
755 934 789 974 3,
815 934 871 975 28,

147 981 209 1014 13:
244 981 390 1014 Samo
414 982 586 1014 caraune.
627 979 734 1014 Ovid.
761 979 871 1014 Trist.

145 1028 176 1068 1,
197 1028 230 1069 3,
248 1029 313 1061 58:
336 1029 385 1060 El
408 1029 518 1068 quasi
539 1029 721 1061 discedens
745 1028 872 1061 oscula

141 1082 283 1108 summa
298 1076 394 1109 aedi.
407 1093 451 1098 —-
464 1074 686 1117 Spectatum]
704 1074 871 1108 Verbum

142 1120 215 1154 hoc
239 1122 512 1166 est-proprium
538 1121 585 1156 de
601 1121 871 1166 gladiatoribus

142 1168 870 1260 ἓέῗὲξηὲἓξοξιῄἓΒδῗςέιξριῖεὲιιοιξυέιῗ

141 1262 308 1304 tesseris,
325 1274 419 1307 quae
431 1263 572 1296 talibus
586 1263 739 1296 honoris
758 1273 872 1297 causa

144 1307 341 1342 dabantur.
366 1310 411 1343 V.
432 1309 623 1353 Inscriptt.
648 1321 696 1343 m.
722 1309 801 1343 Lat.
827 1309 871 1344 N.

144 1356 234 1388 2561
273 1366 377 1400 seqq.
412 1375 455 1380 —
486 1357 599 1398 rude]
635 1356 870 1391 Gladiatores

143 1402 359 1445 postulante
374 1404 514 1447 populo
539 1404 579 1436 in
597 1403 868 1447 amphitheatro

143 1459 168 1483 a
189 1448 364 1483 ludorum
389 1450 531 1484 editore
556 1450 791 1494 accipiebant
808 1460 870 1484 ru-

144 1497 225 1529 dem
256 1497 479 1539 (Freislab
503 1497 627 1539 Voss.)
654 1498 693 1530 in
720 1497 869 1542 signum

145 1544 472 1586 exauctorationis,
498 1545 530 1578 si
556 1544 666 1578 liberi
692 1547 811 1585 erant,
837 1545 869 1578 si

145 1590 263 1632 servi,
285 1591 474 1625 missionis
498 1592 589 1624 artis
614 1592 870 1636 gladiatoriae,

143 1637 449 1682 vocabanturque
465 1637 638 1683 rudiarii.
680 1638 757 1672 Cic.
782 1638 870 1672 Phi-

142 1683 234 1728 lipp.
252 1686 286 1727 2,
310 1686 367 1727 29,
386 1687 447 1719 74;
474 1687 563 1718 Tam
588 1687 700 1719 bonus
725 1686 869 1726 aladia-

144 1733 204 1764 ωι·
218 1733 347 1766 rudem
361 1735 438 1765 tam
454 1734 524 1765 cilo
543 1734 738 1774 accepisti?
763 1732 869 1766 Ovid.

142 1777 226 1813 Am.
259 1780 300 1821 2,
333 1782 374 1821 9,
407 1781 474 1813 22:
514 1781 680 1820 Tutaque
711 1781 870 1821 deposito

141 1804 304 1866 posciaem’·
340 1835 422 1860 ense
456 1828 571 1860 rudis.
622 1827 779 1861 Collatio
817 1828 869 1860 le-

145 1883 233 1917 gum
265 1872 418 1907 Mosaic.
451 1878 488 1907 et
520 1874 625 1907 Rom.
662 1877 724 1915 11,
760 1877 799 1916 7,
824 1877 869 1907 4:

147 1920 220 1960 Qui
233 1921 274 1952 in
291 1921 416 1953 ludum
440 1922 675 1962 damnamur,
701 1930 776 1954 non
802 1922 871 1954 uti-

146 1975 215 2006 que
239 1971 511 2008 consumuntur,
535 1970 599 2001 sed
615 1969 726 2000 eliam
748 1970 870 2008 pilear-

147 2015 179 2045 σι
203 2015 331 2046 rudem
355 2016 517 2055 accipere
539 2018 688 2055 possunt
712 2018 792 2055 post
814 2016 871 2046 in-

148 2060 326 2100 tervawn
358 2062 535 2101 siquidem
563 2064 645 2101 post
670 2063 871 2101 quinquen-

147 2107 250 2139 nium
269 2107 422 2148 pacari,
454 2111 532 2148 post
556 2109 726 2140 menium
751 2111 874 2140 autem

147 2154 240 2186 rade
282 2154 429 2186 batuere
470 2155 519 2186 eis
554 2156 788 2195 permittitur.
828 2173 870 2177 —

149 2200 545 2242 quaeris--includere]
559 2201 688 2233 eadem
703 2204 872 2234 constru-

149 2247 284 2288 ctione,
308 2258 382 2290 qua
406 2246 474 2280 od.
502 2250 534 2288 1,
561 2249 615 2289 16,
641 2249 704 2280 25:
729 2249 873 2280 milibus

148 2295 298 2328 Mutare
330 2303 468 2334 quaero
500 2296 631 2327 tristia.
682 2293 754 2328 Sat.
784 2297 814 2335 1,
839 2297 872 2335 9,

149 2341 193 2373 8:
233 2342 413 2374 discedere
453 2350 643 2381 quaeram.
683 2360 725 2364 ——
766 2341 872 2383 ludo]

151 2387 416 2432 „gladiatorio‚
455 2389 519 2422 ubi
557 2388 665 2433 quasi
702 2388 872 2422 inclusus

148 2434 189 2467 in
215 2435 311 2468 cella
335 2435 403 2468 sub
429 2435 566 2469 lanista
598 2436 717 2468 vivam
742 2435 873 2468 huius-

150 2491 222 2526 que
248 2481 430 2516 arbitratu
461 2483 502 2515 in
535 2493 686 2516 arenam
718 2481 873 2515 descen-

149 2527 268 2562 dam-⁸
319 2527 407 2562 Sine
444 2529 627 2574 imagine:
656 2528 801 2571 „Miror
837 2532 873 2563 te

149 2574 309 2609 aliumve
333 2575 456 2609 denno
491 2576 657 2610 carmina
681 2587 702 2609 a
726 2587 784 2609 me
809 2586 874 2619 po-

150 2622 309 2664 stulare,
334 2632 418 2656 cum
442 2623 515 2657 iam
541 2626 577 2656 et
602 2623 728 2656 senior
752 2623 873 2657 factus

152 2667 220 2701 sim
246 2671 283 2702 et
306 2672 392 2703 ante
410 2670 535 2704 omnia
552 2671 666 2703 otium
685 2680 874 2714 quaeram,

150 2714 192 2747 in
229 2726 301 2759 quo
338 2717 447 2750 unice
485 2717 687 2760 sapientiae
725 2727 874 2759 vacem3

920 699 1118 740 praeterea
1155 695 1362 740 poeinatis,
1404 705 1502 739 quae
1540 694 1654 738 edidi,

919 743 1030 777 iustis
1061 742 1302 787 popularium
1332 752 1503 776 meorum
1525 745 1654 786 postu-

920 790 1008 824 latis
1034 790 1106 823 iam
1132 789 1359 824 satisfecisse
1376 789 1467 823 mihi
1485 789 1651 823 videor!

968 886 1042 918 4-6.
1066 885 1151 923 lyon
1168 885 1294 917 eadem
1319 886 1369 916 esi
1386 883 1503 925 aetas]
1529 882 1599 917 Od.
1618 886 1653 924 4,

923 934 953 972 1,
979 933 1019 964 3·
1051 932 1135 964 Non
1157 939 1238 963 sum
1262 931 1383 971 qualis
1409 939 1511 963 eram
1536 931 1652 965 bonae

918 979 992 1012 Sub
1017 987 1128 1032 reque
1155 979 1322 1012 Cinarae.
1347 997 1389 1001 —
1416 977 1527 1020 mens]
1554 988 1651 1012 nou:

921 1023 1086 1070 „ingenii
1112 1025 1187 1067 vis;
1192 1025 1321 1059 “sedz
1347 1025 1547 1070 „voluntas
1572 1028 1652 1058 stu-

919 1072 1117 1116 diumque,
1159 1068 1312 1115 γνώμη
1354 1073 1504 1113 oei-stiae
1544 1073 1652 1106 Stim-

921 1120 1065 1161 munast‘
1115 1118 1243 1161 Od.4,
1271 1122 1326 1161 10,
1352 1121 1397 1153 7;
1424 1120 1526 1160 Quae
1553 1128 1651 1152 mem

920 1170 970 1200 est
1002 1168 1131 1207 hodie,
1166 1175 1233 1200 cur
1270 1168 1397 1200 eadem
1430 1174 1504 1199 non
1533 1175 1650 1207 puero

918 1215 1014 1254 suit?
1040 1233 1082 1237 —
1114 1214 1305 1256 Veianius]
1332 1212 1559 1255 „Veianius,
1584 1224 1651 1247 no-

920 1261 1007 1294 bilis
1025 1260 1219 1305 gladiator,
1245 1263 1330 1304 post
1352 1260 1489 1294 multas
1506 1261 1650 1304 palmas

919 1308 1148 1341 consecratis
1160 1307 1315 1341 Herculi
1328 1306 1511 1340 Fundano
1534 1307 1651 1351 (apud

919 1355 1071 1388 Fundos
1096 1355 1137 1387 in
1162 1354 1268 1388 Latio
1294 1355 1419 1387 culto:
1456 1353 1576 1387 Inscr.
1601 1365 1649 1388 m.

916 1401 997 1435 Lat.
1033 1401 1078 1435 N.
1119 1401 1238 1443 1539.)
1276 1401 1391 1434 armis
1424 1401 1574 1434 tandem
1607 1401 1649 1434 in

917 1449 1082 1492 agellum
1120 1459 1159 1482 se
1202 1448 1395 1481 contulit.“
1446 1447 1648 1482 POBPHYR.

918 1496 1062 1529 VitruV.
1090 1497 1129 1537 1,
1162 1497 1205 1528 7:
1246 1495 1422 1536 Herculi,
1455 1496 1494 1527 in
1518 1497 1650 1536 quibus

918 1543 1123 1576 civitatibus
1148 1551 1222 1575 non
1252 1544 1336 1575 sunl
1368 1544 1561 1583 aymnasia
1586 1551 1648 1576 ne-

918 1598 988 1630 que
1013 1590 1299 1631 amphitheatra,
1333 1590 1383 1621 ad
1406 1591 1542 1622 circum
1567 1590 1650 1631 (ae-
1672 1587 1680 1597 “

918 1637 986 1670 des
1010 1637 1283 1678 exstruantur).
1321 1636 1491 1677 Herculi,
1516 1639 1559 1669 ut
1582 1647 1652 1670 no·

916 1684 1082 1717 minatur
1116 1683 1155 1716 in
1181 1683 1371 1727 Inscriptt.
1423 1683 1650 1717 CONSERVA-

918 1739 1022 1764 rom.
1038 1730 1279 1764 Dssnssom.
1296 1729 1566 1772 SALVTIFERO„
1583 1731 1649 1765 de-

919 1778 1063 1811 dicasse
1089 1777 1238 1811 videtur
1264 1778 1429 1822 gladium
1453 1777 1649 1812 Veianius.

921 1825 1096 1859 Ceterum
1130 1825 1348 1869 saepissime
1382 1825 1423 1857 in
1457 1825 1651 1869 Epigram-

918 1872 1027 1906 matis
1063 1872 1201 1905 artium
1237 1882 1353 1916 prope
1393 1872 1558 1905 omnium
1592 1872 1651 1906 in-

919 1922 1128 1953 strumenta
1160 1919 1218 1952 dis
1255 1919 1476 1952 dedicantur
1508 1919 1555 1953 ab
1589 1919 1649 1960 iis,

920 1967 988 2010 qui
1005 1969 1125 2000 artem
1148 1965 1346 2000 desinendi
1372 1966 1573 1999 consilium
1590 1977 1651 2000 ce-

918 2016 1067 2056 perunt.
1105 2012 1165 2046 Sic
1190 2013 1342 2046 Anthol.
1368 2013 1485 2046 Palat.
1510 2013 1539 2046 I.
1564 2025 1649 2058 pag.

920 2061 1006 2093 241:
1048 2059 1162 2102 Δέξαι
1194 2061 1244 2101 α’,
1280 2057 1492 2115 Ηράκὶεις,
1528 2057 1651 2106 ’Λοχε-

921 2103 1085 2152 οτοάτοι
1111 2104 1214 2152 ἱεοόν
1238 2102 1378 2145 ὅπὶηον
1412 2102 1539 2153 ὛΟᾳοα
1564 2108 1651 2139 :rotz

919 2138 1056 2195 ξεστὰν
1082 2138 1258 2185 παστάδα
1282 2153 1501 2196 κεκλιιιένα,
1527 2154 1558 2185 Γ
1556 2165 1653 2200 ηρα-

920 2200 988 2232 >ea
1025 2199 1236 2242 τελέθοιιιι,
1274 2202 1378 2247 χορῶ
1410 2198 1553 2233 ἀὶοισα
1585 2203 1652 2234 καὶ

922 2243 1059 2288 ἵμνων·
1123 2225 1293 2292 'Ad-,cette
1342 2257 1506 2293 στυγεοα
1544 2247 1652 2302 δῆρις

920 2292 1128 2327 Ἐνυαλίου.
1168 2293 1262 2338 ·Ipse
1300 2294 1477 2328 Horatius
1518 2295 1652 2329 militia

920 2341 1042 2375 fessus
1068 2340 1136 2374 Od.
1162 2342 1203 2381 3,
1229 2342 1294 2382 26,
1320 2343 1351 2374 3.
1384 2350 1491 2375 arma
1521 2343 1651 2383 desun-

921 2391 1087 2429 clamque
1120 2389 1214 2421 bello
1238 2390 1417 2421 Barbiton
1448 2388 1495 2422 ad
1528 2389 1652 2423 Vene-

921 2436 973 2468 ris
1006 2435 1189 2479 parietem
1222 2435 1366 2469 fixurus
1398 2438 1465 2469 est.
1491 2455 1535 2460 -—
1564 2437 1651 2469 latet

921 2482 1087 2524 abditus]
1120 2481 1306 2516 Summam
1333 2482 1576 2516 solitudinem
1603 2483 1654 2516 si·

921 2529 1086 2574 gnificat,
1111 2529 1153 2561 in
1171 2539 1281 2573 quam
1299 2530 1363 2563 ille
1390 2532 1565 2563 causatus
1583 2530 1653 2563 ali·-

922 2576 1012 2620 quid
1037 2576 1141 2610 velut
1171 2576 1260 2622 fuga
1293 2579 1400 2620 capta
1433 2588 1473 2610 se
1499 2576 1651 2609 abdide-

921 2623 982 2656 rit.
1044 2622 1221 2656 Similiter
1263 2623 1393 2657 Cieero
1441 2624 1575 2655 Aecus.
1617 2624 1651 2664 2,

923 2671 986 2711 73,
1012 2672 1103 2703 181;
1137 2671 1259 2703 omnia
1285 2672 1338 2703 ιία
1370 2671 1514 2702 condita
1538 2671 1651 2711 fuisse

922 2719 1031 2757 atque
1068 2718 1119 2750 ila
1157 2718 1315 2750 abdite
1355 2717 1571 2750 latuisse.
1606 2736 1649 2740 —
