1786 2912
629 163 726 198 nm.
747 163 777 196 1.
826 161 930 196 ΕΔΤ.
954 159 1019 194 vl.

184 269 330 326 Atque
350 267 457 310 alios
476 266 624 322 legere
646 264 700 307 ad
719 263 878 306 fastum
898 273 1172 318 quoscunque
1199 261 1400 315 parentes

1521 155 1577 196 83

1521 256 1579 297 95

187 339 369 396 Optaret
399 337 483 379 sibi
513 337 714 393 quisque,
745 333 853 376 meis
885 335 1111 374 contentus
1140 329 1344 372 honestos

186 410 395 453 Fascibus
428 411 472 451 et
502 407 620 450 sellis
651 405 810 447 nollem
838 403 944 445 mihi
974 415 1156 453 sumere,
1187 399 1362 442 demens

188 480 349 523 Iudicio
376 478 507 534 volgi,
540 491 668 520 sanus
700 475 882 518 fortasse
909 478 999 526 tuo,
1031 470 1145 528 quod

188 551 357 595 Nollem
377 563 484 592 onus
505 547 620 590 haud
639 559 828 602 unquam
849 544 997 586 solitus
1019 547 1191 599 portare
1206 540 1448 583 molestum.

185 621 297 664 Nam
325 621 430 662 mihi
462 619 662 662 continuo
692 617 828 659 maior
858 613 1102 671 quaerenda
1131 613 1242 655 foret
1274 625 1343 654 res

1498 609 1582 651 100

188 692 331 748 Atque
363 689 574 733 salutandi
604 689 765 745 plures,
796 685 1012 728 ducendus
1044 688 1088 726 et
1116 697 1227 725 unus

188 763 248 804 Et
277 776 420 804 comes
452 761 572 813 alter,
604 759 667 800 uti
697 772 751 800 ne
783 757 898 799 solus
929 770 1056 798 rusve
1088 767 1321 810 peregreve

189 833 390 885 Exirem3
421 831 566 888 plures
598 829 768 871 calones
800 830 928 883 atque
959 825 1112 868 caballi

191 902 415 956 Pascendi,
446 900 641 943 ducenda
670 899 888 956 petorrita.
930 897 1053 939 Nunc
1083 895 1190 937 mihi
1222 898 1341 936 curto

170 1022 249 1054 102.
271 1027 423 1062 penore
448 1009 602 1061 (omisso
626 1018 682 1058 υι)
708 1016 743 1058 d,
766 1020 918 1058 percari*
935 1016 1000 1048 aul
1024 1014 1123 1058 bScp
1147 1016 1184 1047 et
1210 1023 1340 1047 omnes
1357 1010 1539 1045 Pottierii.

74 1129 150 1161 tam
173 1126 298 1160 denuo
322 1125 510 1170 incipere,
542 1123 631 1158 inde
657 1135 678 1157 a
703 1125 806 1156 certo

75 1173 208 1208 aetatis
232 1183 344 1214 anno,
369 1171 653 1226 quadragesimo
679 1171 804 1214 puta.“

74 1220 217 1274 Eurip.
233 1219 284 1253 Su
285 1198 362 1264 ppl.
382 1221 495 1253 1080:
520 1219 557 1251 τί
580 1215 627 1261 δη
652 1216 808 1297 βὲιοιοῖ-

76 1278 139 1300 σιν
170 1264 243 1300 οῦκ
274 1277 377 1300 εστιν
410 1262 495 1300 τόδε
520 1266 643 1307 Νέοις
696 1266 732 1306 >g
754 1275 808 1296 ει-

75 1325 140 1347 ναι
163 1315 231 1346 καὶ
252 1316 434 1360 γέροντας
463 1306 512 1345 αὖ
543 1309 680 1350 :milam-
698 1330 740 1335 -——
760 1312 808 1344 ad

76 1361 226 1404 [aslum]
267 1360 507 1402 „secundum
542 1359 701 1399 fastum,
738 1368 807 1401 pro

78 1407 178 1441 fastu
195 1418 276 1448 suo,
300 1409 489 1450 parentes,
516 1406 654 1449 quibus
672 1405 808 1450 gloria-

80 1453 217 1488 retur-‘⁴
243 1453 355 1487 Hand
379 1453 488 1487 Turs.
513 1452 544 1485 1.
569 1463 606 1496 p
635 1455 719 1485 114·
747 1454 811 1493 „ut

80 1500 280 1535 satisfieret
302 1500 450 1534 fastui!
466 1519 509 1523 —-
525 1499 569 1532 V.
595 1502 719 1533 autem
741 1507 810 1539 pa-

80 1549 198 1581 rentes
220 1557 341 1592 aeque
365 1547 531 1590 pertinet
563 1546 610 1580 ad
636 1556 689 1578 vv.
716 1546 809 1578 alios

82 1595 202 1636 leuen
225 1596 264 1627 et
286 1593 335 1628 ad
357 1604 415 1626 vv.
440 1601 670 1647 quoscunque
697 1593 809 1633 opta-

77 1643 135 1674 ret
143 1642 215 1674 eibi
225 1642 392 1683 ᾳιιὲιιιιιις
409 1641 586 1695 quocirca
601 1639 810 1673 distinctio-

17 1702 26 1727 ,·
79 1698 166 1722 nem
189 1690 275 1732 post
295 1698 331 1721 v.
358 1680 493 1729 leaere'
504 1686 652 1721 sustuli.
678 1706 723 1710 —
747 1687 810 1719 ho-

12 1750 18 1767 r
79 1737 197 1768 nestas
220 1736 392 1768 Fascibus
416 1737 448 1767 et
472 1734 586 1776 sellis]
622 1735 809 1775 „honora-

10 1788 23 1829 ᾗ
80 1784 139 1816 tos
164 1781 359 1816 curulibus
383 1781 681 1826 magistratibus,
720 1790 810 1813 con-

81 1829 228 1863 sulares
241 1830 280 1863 et
286 1829 529 1873 praetorios.“
550 1828 678 1861 Coun.
689 1827 810 1865 CRUQ.

37 1878 44 1899 ἱ
81 1875 204 1910 Plaut.
229 1875 335 1920 Oapt.
360 1877 393 1917 2,
419 1878 452 1918 3,
477 1877 547 1909 32:
575 1876 646 1916 Qui
669 1883 725 1907 me
749 1875 810 1907 1ιο-

10 1919 38 1967 g
82 1931 173 1956 nore
208 1923 445 1956 honestiorem
480 1931 621 1963 semper
657 1923 741 1963 fecit
779 1924 812 1954 et

35 1993 38 1995 Δ
80 1971 182 2011 tacit.
199 1988 243 1993 ——
260 1971 415 2011 sortasse
436 1969 512 2012 luo]
539 1971 605 2011 „nt
628 1968 811 2002 iudicium

80 2016 163 2050 fore
187 2019 293 2050 tuum
323 2027 392 2061 par
425 2019 504 2050 est:
538 2017 620 2050 sine
653 2015 768 2050 dubio
781 2015 812 2057 “,

29 2088 34 2098 Γ
83 2063 196 2097 sicuti
212 2063 348 2097 Graeci
363 2066 549 2107 usurpant
567 2061 669 2104 ἴσως.
701 2062 813 2096 Hand

84 2110 193 2143 Turs.
223 2109 272 2144 H.
308 2122 344 2154 p.
378 2111 459 2144 722.
516 2109 705 2154 „Egregie
742 2110 814 2142 hoc

85 2156 198 2198 dixit,
240 2157 330 2200 quia
359 2155 558 2190 Maecenas
592 2167 708 2200 eques
739 2155 813 2189 Ro-

85 2214 218 2237 manus
233 2204 451 2247 permansit,
476 2205 687 2246 contempto
707 2213 815 2236 sena·

85 2250 183 2284 torio
224 2250 396 2284 ordine.“
438 2249 532 2283 Aen.
559 2269 602 2273 —
627 2250 816 2282 salutandi

82 2296 224 2339 phares]
248 2296 420 2341 Explicat
442 2296 701 2331 Heindorfius:
731 2306 816 2337 „sa-

84 2345 267 2378 lutatores
283 2344 413 2388 plures
432 2343 676 2388 accipiendi.“
703 2343 815 2376 Prae-

86 2394 144 2424 ter
177 2391 254 2424 Cic.
279 2391 326 2424 ad
357 2391 457 2424 Fam.
484 2393 519 2433 7,
543 2392 600 2424 28.
626 2393 663 2424 et
695 2393 734 2431 9,
760 2391 816 2423 20.

86 2439 234 2482 poterat
248 2437 382 2472 afferre
406 2438 517 2471 etiam
534 2437 698 2471 Senecae
722 2437 818 2470 illud

87 2484 135 2518 de
165 2484 273 2518 Brev.
298 2485 342 2518 V.
368 2486 412 2518 2:
439 2487 557 2527 Quam
580 2486 704 2517 multis
728 2485 820 2516 nihil

90 2532 194 2564 liberi
228 2532 400 2572 relinquit
437 2533 676 2573 circumfusus
712 2532 820 2564 clien-

89 2579 179 2612 tium
200 2579 378 2619 populus!
399 2578 483 2612 Non
509 2581 633 2612 tamen
656 2578 737 2611 eius
762 2578 820 2610 in·

90 2625 395 2668 ter-pretationem
443 2625 668 2669 comprobo:
733 2635 819 2658 nam

90 2672 330 2705 memoranda
355 2683 444 2706 sane
470 2675 551 2706 erat
576 2672 687 2717 longe
704 2672 820 2705 maior

90 2718 262 2752 molestia
296 2719 390 2752 alios
428 2718 637 2761 salutandi;
679 2721 716 2752 et
753 2718 819 2762 qni

853 1122 1014 1156 maiores
1031 1121 1192 1154 honores
1214 1118 1451 1163 appetebant,
1475 1116 1585 1151 etiam

855 1179 939 1202 cum
964 1170 1176 1207 senatores,
1209 1165 1370 1207 aediles,
1394 1167 1588 1210 praetores

855 1218 999 1257 essent,
1025 1192 1286 1259 suffragiorum
1312 1215 1349 1246 et
1373 1211 1588 1245 ambitionis

856 1273 969 1296 causa
1005 1263 1189 1306 primores
1227 1259 1388 1294 civitatis
1427 1259 1588 1293 salutare

856 1320 1010 1343 necesse
1039 1308 1238 1342 habebant.
1270 1307 1328 1340 Ita
1354 1306 1397 1339 L.
1415 1305 1589 1350 Vargun-

856 1357 954 1390 teius
973 1358 1123 1390 senator
1140 1357 1178 1388 et
1195 1354 1236 1387 C.
1254 1354 1453 1387 Cornelius
1472 1362 1589 1397 eques

856 1403 924 1437 Ro.
961 1402 1071 1436 sicuti
1110 1402 1311 1435 salutatum
1348 1400 1506 1433 introire
1544 1399 1591 1432 ad

859 1450 1076 1484 Ciceronem
1095 1448 1286 1490 volebant,
1312 1449 1355 1481 ut
1379 1458 1464 1481 eum
1490 1446 1590 1480 occi·

858 1498 1000 1531 dei-ent]
1050 1495 1187 1529 Salust.
1213 1495 1321 1528 Catil.
1348 1495 1405 1527 28.
1453 1493 1589 1528 Hiero-

858 1554 992 1588 nymus
1013 1542 1130 1587 Epist.
1148 1544 1212 1575 43:
1237 1543 1353 1575 Pudet
1374 1542 1495 1574 dicere
1518 1542 1591 1582 sre-

857 1592 1044 1632 quentiam
1073 1590 1280 1631 salutandi,
1318 1597 1394 1629 qua
1426 1590 1491 1621 aut
1522 1589 1593 1629 ipsi

857 1639 1016 1678 quotidie
1047 1638 1097 1670 ad
1127 1638 1220 1670 alios
1243 1637 1428 1677 pet-aimus
1454 1642 1519 1668 aut
1544 1636 1593 1668 ad

856 1694 921 1718 nos
954 1686 1133 1718 venientes
1163 1686 1298 1717 ceteros
1331 1685 1591 1724 exspectamus.

860 1752 901 1755 —
928 1733 1113 1765 ducendus
1148 1733 1181 1764 ιι
1206 1740 1301 1763 unus
1325 1732 1372 1763 El
1397 1738 1513 1763 comes
1538 1730 1593 1762 al-

859 1779 926 1821 ter]
963 1779 1282 1823 „Ambiguitatem
1315 1778 1355 1810 in
1385 1778 1443 1810 his
1477 1777 1594 1810 offen·

859 1826 1023 1860 dimus.“
1073 1825 1182 1858 Hand
1217 1825 1327 1858 Turs.
1360 1824 1407 1857 H.
1444 1834 1481 1868 p.
1511 1825 1592 1857 538.

859 1873 1037 1907 Lectores
1071 1875 1196 1906 tamen
1221 1872 1377 1906 Latinos
1410 1871 1450 1904 in
1476 1870 1592 1904 ambi·

860 1921 1002 1965 gnitate
1043 1920 1115 1953 ista
1155 1919 1323 1953 haesisse
1373 1918 1592 1962 neutiquam

859 1972 975 2012 puto,
1036 1977 1119 2000 cum
1180 1966 1283 2000 illico
1341 1965 1594 1999 inversionem

860 2017 1131 2059 agnoscerent:
1181 2017 1214 2046 ιι
1255 2014 1438 2047 ducendus
1479 2021 1594 2045 comes

860 2070 955 2095 unus
981 2064 1014 2094 et
1040 2063 1146 2094 alter.

911 2110 994 2142 102-
999 2110 1076 2141 109.
1098 2106 1310 2149 pereqreve]
1337 2106 1427 2150 Syll.
1452 2115 1494 2139 ve
1519 2106 1596 2139 col-

863 2155 1042 2209 liquescit
1066 2165 1150 2188 cum
1179 2164 1287 2187 uersu
1314 2164 1391 2197 seq.
1416 2153 1595 2196 Plerique

862 2213 903 2234 m
928 2202 999 2235 hoc
1017 2212 1102 2235 cum
1122 2201 1367 2242 offenderent,
1392 2200 1595 2243 interpola-

863 2252 953 2282 runt
982 2258 1135 2290 μενων-ι
1166 2250 1244 2281 aul.
1294 2247 1368 2280 Gfr.
1395 2245 1470 2280 Sat.
1497 2250 1537 2287 1,
1562 2249 1596 2288 4,

865 2298 921 2329 96.
955 2315 998 2318 —
1036 2295 1202 2338 calones]
1246 2294 1427 2335 „viliores
1453 2294 1594 2327 servi.“

866 2342 1005 2376 GLOSS.
1043 2343 1079 2375 h.
1107 2343 1131 2375 l.
1169 2343 1381 2386 equisones.
1408 2359 1451 2364 -—
1474 2343 1597 2382 petor-

864 2390 952 2433 rita]
988 2400 1060 2423 vox
1085 2388 1249 2430 Gallica,
1286 2392 1328 2421 ut
1362 2389 1471 2430 reda,
1506 2396 1597 2420 esse-

866 2437 970 2478 dum,
1007 2437 1143 2469 cisium.
1194 2435 1290 2469 Gell.
1318 2436 1381 2477 15,
1414 2437 1472 2468 30.
1519 2434 1596 2467 Dn—

868 2486 959 2516 cunt
991 2494 1013 2516 a
1038 2486 1181 2524 petoar,
1215 2484 1369 2524 peditur,
1407 2484 1597 2526 quattuor,

868 2533 905 2564 et
927 2532 988 2571 rit,
1013 2533 1106 2564 rota.
1157 2530 1261 2563 Conf.
1279 2529 1373 2573 Epp.
1399 2531 1432 2571 2,
1460 2531 1490 2569 1,
1519 2529 1597 2561 192.

868 2577 1087 2619 —curlo]„
1093 2580 1239 2610 curtata
1263 2576 1391 2610 cauda.
1398 2578 1415 2594 ‘⁶
1442 2575 1598 2614 Senon„

869 2624 978 2658 cuius
995 2627 1118 2657 tamen
1135 2624 1250 2658 moris
1267 2622 1477 2656 Britannici
1495 2620 1599 2655 aliud

869 2671 1066 2715 vestigium
1092 2670 1193 2715 apud
1217 2669 1407 2703 Romanos
1434 2679 1509 2701 non
1535 2678 1599 2701 su-

869 2722 1019 2762 perest3
1058 2717 1277 2760 „castrato“
1316 2715 1476 2759 explicat
1508 2714 1600 2748 For-
