1786 2912
161 142 243 184 118

663 141 871 176 HORATII
897 141 1182 177 SATIRARUM

275 241 410 285 Facta
441 243 555 285 canit
586 242 697 299 pede
727 246 794 285 ter
824 257 1052 299 percuss03
1085 243 1195 287 forte
1227 258 1331 300 epos
1363 258 1461 287 acer

274 313 332 354 Ut
362 327 488 356 nemo
519 313 677 355 Varius
710 313 848 368 ducit3
881 314 1010 356 molle
1041 318 1170 370 atque
1201 314 1387 358 facetum

274 383 459 440 Virgilio
492 388 734 427 annuerunt
765 384 999 440 gaudentes
1030 400 1129 428 rure
1161 385 1391 429 Camenae.

1620 387 1678 428 45

273 455 368 497 Hoc
399 459 509 509 erat,
544 459 722 511 experto
754 455 915 498 frustra
943 456 1138 499 Varrone
1169 457 1351 500 Atacino

274 525 417 581 Atque
450 525 706 582 quibusdam
738 527 852 580 aliis,
884 527 1039 569 melius
1063 528 1176 583 quod
1207 529 1394 571 scribere
1424 542 1615 584 possem,

271 596 500 639 inventore
531 597 691 652 minor;
723 611 863 653 neque
895 612 976 653 ego
1007 598 1070 639 illi
1101 598 1325 642 detrahere
1356 599 1493 641 ausim

248 728 305 759 45.
333 729 542 760 annuerant
569 726 604 770 S,
631 728 828 760 annuerint
855 738 882 761 s.
909 729 1107 761 adnuerint
1133 728 1240 773 bcdp.

151 826 378 870 praecipuae
399 829 526 871 partes
545 830 653 861 erant
670 827 889 861 callidarum

152 874 477 908 meretricularum
500 878 787 919 astutorumque
814 886 890 909 ser-

151 930 283 954 vorum
301 931 410 955 senes
429 922 724 966 emungentium.
745 941 786 946 -——
807 924 890 955 Pol-

154 967 222 1010 lio]
250 967 289 1001 C.
314 968 470 1002 Asinius
495 969 636 1011 Pollio,
664 971 808 1012 orator,
833 970 890 1003 hi-

151 1016 335 1058 storicus,
369 1018 480 1060 poeta
505 1017 681 1061 tragicus.
731 1017 814 1050 Vid.
842 1018 889 1050 ad

151 1061 219 1095 Od.
247 1065 279 1104 2,
309 1065 338 1105 1,
365 1066 397 1096 9.
417 1082 460 1087 —
483 1072 612 1105 requm
636 1065 749 1097 Facta
775 1065 887 1107 canit]

150 1110 240 1153 quia
265 1090 458 1155 tragoedia
474 1121 604 1156 regum
630 1112 772 1145 heroici
796 1114 887 1145 tem-

149 1157 251 1200 poris
277 1157 448 1191 facinora
473 1161 588 1203 atque
606 1159 886 1193 vicissitudines

150 1214 338 1248 exponere
376 1206 480 1239 solet.
517 1225 559 1229 —
589 1207 679 1247 pede
717 1209 771 1239 ter
804 1216 887 1248 per-

149 1251 271 1294 cusso]
301 1252 534 1297 „Tragoedia
566 1253 745 1287 trimetris
772 1255 887 1287 versi-

149 1298 221 1332 bus
241 1299 432 1342 (senariis)
451 1299 542 1333 fere
556 1301 729 1334 texitur.“
759 1300 886 1335 COMM.

150 1345 270 1384 ORUQ.
322 1346 478 1393 Tibicen
505 1350 629 1381 autem
654 1348 694 1381 in
728 1348 887 1393 singulis

149 1393 312 1437 dipodiis
354 1394 450 1438 pede
492 1406 670 1439 percusso
709 1406 887 1430 numeros

149 1439 254 1482 (den
280 1442 339 1473 Ta
351 1442 414 1485 kt)
442 1442 651 1486 indicabat3
676 1443 779 1476 unde
803 1453 887 1484 per-

148 1489 265 1520 cussio
290 1488 390 1521 idem
416 1492 528 1533 atque
564 1491 681 1532 ictus,
715 1490 885 1536 κροῦσις.

148 1533 328 1568 Claudius
362 1535 546 1570 Sacerdos
581 1537 663 1570 Lib.
693 1539 722 1570 1.
748 1549 783 1581 p.
819 1540 883 1571 26:

146 1590 271 1614 versus
306 1584 570 1625 percutientes,
607 1586 645 1617 id
675 1587 742 1625 est,
779 1594 883 1618 scan-

148 1631 280 1662 dentes.
309 1649 351 1653 —-
379 1631 483 1673 acer]
525 1631 720 1672 „fervidus
734 1632 764 1673 “,
789 1633 883 1672 seu-

146 1677 230 1717 riq.
259 1696 302 1700 ——
333 1678 486 1720 Varius]
512 1677 597 1711 Vid.
624 1678 670 1712 ad
697 1678 764 1712 Od.
794 1681 823 1720 1,
851 1682 883 1721 6,

148 1725 179 1757 1.
219 1723 293 1757 Sat.
323 1727 360 1767 1,
387 1726 429 1767 5,
455 1728 512 1759 40.
549 1744 590 1748 —
626 1726 736 1768 ducit]
776 1727 882 1770 quasi

146 1781 168 1804 a
193 1771 330 1805 nendo.
381 1771 486 1805 Ovid.
531 1772 641 1806 Trist.
671 1776 709 1815 1,
738 1776 792 1814 11,
822 1775 882 1806 17:

146 1820 269 1851 tamen
291 1820 369 1860 ipse
394 1821 565 1853 tremente
585 1821 761 1853 Carmina
777 1821 883 1854 ducc-

146 1866 230 1898 bam
247 1867 519 1907 qualiacunque
543 1876 673 1900 manu.·
704 1866 883 1901 Similiter

145 1914 331 1946 deducere.
384 1913 490 1948 Conf.
530 1913 604 1948 Sat.
631 1917 670 1956 2,
708 1918 746 1957 1,
778 1917 810 1947 4.
839 1935 881 1938 —-

144 1960 275 2003 molle]
315 1958 358 1994 τὸ
397 1959 620 2004 ιμαλθακόν,
664 1963 721 1995 die
762 1964 882 2003 sanstc

148 2008 297 2047 Grazic‚·
336 2009 389 2042 sic
431 2009 652 2043 laudaturus
686 2009 880 2051 Haemum,

146 2055 326 2098 optimum
369 2056 541 2096 mimum,
591 2058 736 2089 mollem
776 2061 882 2090 vocat

143 2101 333 2136 Iuvenalis
360 2105 393 2146 3,
419 2106 474 2137 99.
503 2103 577 2137 cfr.
605 2103 679 2137 Sat.
707 2106 738 2146 1,
765 2106 797 2146 9,
825 2106 881 2139 25.

193 2151 311 2184 45-49.
344 2151 513 2194 Virqilio]
549 2152 612 2196 qui
641 2155 730 2185 tunc
757 2151 880 2186 edide-

144 2200 202 2230 rat
226 2197 405 2232 Bucolica
430 2201 467 2232 et
495 2198 688 2243 Georgica,
714 2199 882 2233 Aeneida

146 2244 183 2276 in
212 2245 385 2279 manibus
429 2245 600 2280 habebat.
649 2246 709 2280 Illi
750 2246 881 2280 tribuit

145 2291 293 2324 dicendi
319 2303 439 2336 genus
462 2295 571 2327 molle
598 2294 801 2336 (tenerum)
828 2297 881 2328 at-

145 2348 219 2381 que
260 2340 418 2379 facetum
453 2341 684 2382 (venustum,
725 2342 881 2374 voller

142 2386 366 2427 Anmuth).
411 2387 569 2426 Quintil.
597 2391 629 2429 6,
657 2390 688 2430 3,
717 2391 778 2422 19;
804 2390 880 2421 Fa-

143 2435 291 2465 cetum
323 2442 466 2474 quoque
499 2444 574 2467 non
607 2438 749 2468 tantum
782 2436 880 2469 circa

142 2481 303 2513 ridicula
336 2483 466 2521 opinor
504 2483 705 2515 consistere.
756 2485 879 2523 Neque

145 2528 239 2559 enim
279 2528 411 2561 diceret
454 2531 633 2562 Horatius
674 2533 880 2571 facetum

144 2575 318 2608 carminis
355 2583 466 2616 oenus
504 2578 642 2609 natura
675 2586 879 2611 concessum

144 2630 217 2654 esse
247 2623 407 2664 Virqilio.
457 2625 605 2656 Decoris
639 2625 731 2656 hanc
764 2626 879 2666 maqis

145 2671 176 2701 et
195 2671 365 2702 eoecultae
383 2671 572 2703 cuiusdam
590 2672 794 2712 eleyantiae
812 2681 877 2713 ap-

140 2716 376 2756 pellationem
406 2720 508 2759 puto.
557 2719 715 2758 Ideoque
740 2720 780 2751 in
806 2720 878 2760 epi-

938 829 1041 861 stolis
1093 829 1215 862 Cicero
1270 830 1358 862 haec
1406 829 1516 862 Bruti
1563 829 1675 870 refert

938 877 1071 908 verba:
1109 877 1170 909 Ne
1196 877 1278 908 illi
1302 878 1410 909 sunt
1441 877 1576 917 pedes
1601 877 1675 917 sa-

939 924 1027 955 ceti
1066 932 1117 956 ac
1154 924 1344 956 deliciis
1381 924 1676 964 inaredieuti

939 970 979 1013 (l.
996 971 1325 1012 inarediendi)
1351 971 1526 1003 molles.
1546 988 1588 994 --
1609 979 1675 1003 an-

937 1018 1111 1060 nuerunt!
1131 1018 1342 1062 penultima
1358 1017 1475 1060 brevi,
1500 1020 1543 1051 ut
1554 1017 1674 1062 Epod.

938 1066 971 1106 9,
999 1064 1054 1098 17.
1081 1064 1284 1107 verterunt,
1317 1065 1410 1109 Epp.
1439 1067 1470 1107 1,
1496 1067 1530 1107 4,
1557 1066 1588 1098 7.
1614 1066 1674 1098 de-

936 1113 1080 1145 derunt.
1106 1132 1148 1136 —
1177 1114 1258 1146 Hoc
1283 1114 1362 1146 erat
1388 1112 1472 1155 cet.]
1497 1111 1566 1146 His
1592 1122 1675 1146 ver-

936 1159 995 1192 bis
1021 1159 1202 1193 Horatius
1227 1160 1365 1203 repetit
1398 1160 1598 1203 superiora
1623 1160 1671 1202 (v.

937 1206 1010 1248 37.)
1036 1208 1124 1239 haec
1150 1215 1214 1248 eqo
1243 1208 1329 1240 ludo
1355 1210 1424 1240 cet.
1453 1206 1556 1249 „Hoc
1583 1206 1672 1241 sati-

937 1253 1057 1287 ricum
1083 1254 1291 1288 carminum
1316 1264 1436 1299 genus
1463 1253 1554 1297 (Sat.
1581 1256 1613 1295 1,
1639 1256 1673 1297 4,

937 1301 1008 1343 24.)
1036 1304 1131 1344 erat,
1158 1302 1196 1335 in
1224 1312 1298 1346 quo
1323 1301 1475 1335 felicius
1500 1300 1672 1335 Varrone

935 1348 1107 1391 Atacino,
1132 1349 1274 1382 frustra
1291 1348 1331 1381 id
1349 1351 1515 1393 experto,
1532 1351 1570 1381 et
1588 1348 1672 1392 qui-

936 1396 1095 1429 busdam
1120 1396 1204 1430 aliis
1223 1395 1489 1430 elaborarem.“
1510 1414 1554 1419 —
1582 1396 1672 1428 Var-

935 1443 1039 1486 rone]
1065 1442 1106 1476 P.
1121 1442 1324 1477 Terentius
1342 1442 1463 1477 Varro
1489 1441 1673 1477 Atacinus

937 1490 999 1532 (ab
1017 1490 1146 1532 Atace,
1173 1490 1318 1525 Galliae
1335 1489 1593 1524 Narbonensis
1618 1489 1672 1532 fl.)

934 1548 965 1571 a.
1000 1549 1036 1571 u.
1074 1548 1104 1571 c.
1139 1539 1355 1572 672—717.
1404 1537 1672 1582 Argonautica,

934 1585 1178 1619 laudabiliter
1212 1585 1456 1629 Apollonium
1491 1584 1670 1626 imitatus,

934 1641 1084 1665 carmen
1111 1632 1156 1665 de
1184 1631 1355 1665 Caesaris
1389 1631 1490 1665 bello
1515 1630 1672 1677 Aquita·

933 1679 1019 1712 nico
1036 1705 1044 1721 ,
1070 1678 1319 1721 Leucadiam,
1345 1678 1384 1711 id
1410 1681 1486 1719 est,
1513 1678 1671 1724 elegiam

933 1725 972 1758 in
990 1726 1168 1769 puellam,
1188 1737 1299 1770 quam
1317 1725 1529 1767 adamabat,
1546 1724 1671 1769 Ephe-

931 1773 1075 1806 merida
1093 1784 1138 1807 ex
1155 1772 1269 1807 Arato
1297 1783 1530 1814 conversam,
1556 1772 1669 1806 etiam

933 1820 1066 1854 satiras
1086 1821 1375 1864 conscripserat.
1409 1820 1483 1854 cfr.
1509 1819 1669 1859 Quintil.

934 1869 997 1909 10,
1039 1870 1077 1908 1,
1116 1870 1172 1901 87.
1211 1887 1254 1891 -
1297 1868 1416 1908 Atque
1455 1868 1670 1908 quibusdam

932 1915 1039 1957 aliis]
1075 1915 1176 1954 Quos
1203 1914 1405 1960 significet,
1439 1914 1669 1960 ignoramus,

933 1965 1035 1995 certe
1049 1973 1125 1996 non
1136 1962 1302 1996 Ennium
1314 1972 1439 2006 neque
1449 1961 1667 2002 Pacuvium,

933 2013 973 2042 ut
990 2010 1124 2043 volunt
1142 2010 1387 2049 Scholiastae,
1417 2008 1483 2043 sed
1507 2008 1668 2043 fortasse

932 2056 1105 2090 Saevium
1122 2057 1358 2098 Nicanorem,
1378 2056 1504 2090 Sullae
1529 2066 1668 2100 aequa·
1722 2094 1725 2095 ⁷

931 2104 1016 2146 lem,
1045 2106 1129 2147 „qui
1153 2106 1309 2138 satiram
1333 2104 1493 2145 scripsit,
1527 2105 1568 2136 in
1593 2112 1668 2144 qua

933 2152 1103 2185 libertum
1142 2162 1180 2185 sc
1220 2151 1439 2185 indicabat.“
1492 2150 1666 2192 (Sueten.

932 2198 1094 2232 Gramm.
1122 2199 1190 2242 5.),
1229 2202 1266 2233 et
1291 2198 1332 2232 T.
1359 2197 1577 2238 Quinctium
1601 2198 1667 2231 At-

930 2249 1004 2279 tam
1032 2247 1115 2288 (cfr.
1134 2246 1180 2280 ad
1199 2245 1332 2290 Epistt.
1351 2248 1390 2287 2,
1410 2248 1446 2287 1,
1466 2245 1550 2287 79.)‚
1576 2245 1666 2278 item

929 2292 976 2325 M.
993 2293 1212 2327 Terentium
1229 2293 1437 2327 Varronem
1451 2292 1666 2334 Reatinum,

931 2351 1041 2384 quem
1060 2343 1209 2385 praeter
1222 2339 1441 2384 Menippeas
1460 2339 1572 2373 etiam
1590 2339 1665 2372 Lu-

930 2388 1058 2421 ciliani
1100 2387 1249 2433 generis
1289 2387 1496 2421 Satirarum
1547 2386 1665 2420 libros

930 2438 1107 2479 quattuor
1144 2434 1343 2478 scripsisse
1377 2444 1479 2467 nunc
1505 2444 1550 2467 ex
1575 2433 1665 2467 Hie-

929 2484 1075 2527 ronymi
1109 2481 1232 2515 indice
1267 2491 1423 2526 operum
1458 2480 1663 2514 Varronia-

929 2540 1062 2563 norum
1082 2531 1236 2563 constat.
1257 2548 1299 2552 —
1320 2531 1512 2562 Inventore
1529 2527 1663 2570 minor]

929 2576 1049 2619 „Sane
1089 2587 1155 2622 ego
1194 2587 1251 2609 me
1289 2579 1472 2619 postpono
1514 2574 1663 2608 Lucilio

927 2624 986 2657 vel
1019 2627 1172 2668 propter
1198 2623 1268 2657 hoc
1293 2625 1434 2667 ipsum,
1462 2622 1562 2666 quod
1592 2623 1663 2656 hoc

927 2682 1047 2716 genus
1075 2682 1119 2705 ea
1144 2671 1274 2712 forma,
1310 2681 1384 2714 qua
1409 2679 1510 2703 nunc
1537 2669 1576 2702 in
1602 2669 1663 2702 lit·

927 2718 1020 2752 teris
1046 2718 1191 2752 Latinis
1219 2717 1462 2751 constitutum
1489 2719 1562 2758 est,
1587 2716 1664 2760 pri-
