1774 2930
184 151 273 193 458

684 149 892 185 HORATII
915 148 1264 184 EPISTOLARUM

304 251 484 295 Viveret
515 252 559 293 in
589 252 717 294 terris
749 255 793 294 te
825 251 862 292 si
891 251 989 307 ‚quis
1022 251 1189 293 avarior
1220 265 1320 294 uno.

305 322 352 365 Si
382 323 604 379 proprium
635 326 721 376 est,
756 322 870 378 quod
901 322 996 378 quis
1026 321 1379 365 libra·mercatur
1409 316 1458 366 et*
1484 337 1603 378 aere,

305 393 546 448 Quaedam,
580 394 616 435 si
649 393 786 436 credis
819 393 1044 447 consultis,
1076 394 1295 450 mancipat
1324 395 1451 436 usus!

305 464 388 513 Qui
420 469 464 507 te
494 464 633 521 pascit
664 478 780 520 ager,
811 468 910 506 tuus
944 468 1028 518 est,
1061 467 1104 507 et
1135 465 1286 507 vilicus
1318 464 1445 519 Orbi,

1622 465 1706 507 160

304 535 414 578 Cum
445 540 615 591 segetes
649 539 768 578 occat
798 536 878 577 tibi
909 549 1010 578 mox
1042 535 1255 578 frumenta
1285 535 1478 590 daturas,

304 606 368 649 Te
399 606 618 648 dominum
650 607 794 649 sentit.

853 606 944 649 Das
976 621 1187 661 nummos,
1221 607 1378 664 accipis
1409 621 1557 661 uvam,

301 677 464 731 Pullos,
499 691 592 732 ova,
626 677 778 719 cadum
807 678 979 720 temeti:
1011 692 1167 734 nempe
1197 677 1325 720 modo
1355 678 1440 721 isto

301 748 517 790 Paulatim
548 749 752 791 mercaris
785 763 935 804 agrum
967 748 1150 792 fortasse
1181 750 1385 792 trecentis

280 915 357 949 158.

390 917 574 947 mercatus
601 916 634 947 et
660 923 746 947 aere
772 917 822 947 est
849 914 885 957 S,
910 925 1010 948 unus
1037 914 1108 958 (8.)
1135 915 1329 958 Pottierii,
1355 915 1430 950 duo
1459 915 1660 959 Sohmidii,

229 961 290 995 LO
318 964 355 995 et
380 961 596 1003 BentIeius,
628 963 811 994 mercatus
838 964 870 994 et
897 970 983 996 aere
1009 965 1034 996 t.
1062 982 1104 986 —
1134 965 1214 997 161.
1241 964 1398 997 daturus
1422 962 1541 1006 bScd,
1573 962 1661 998 Pot-

227 1009 329 1043 tierii
354 1009 547 1053 plerique,
572 1012 650 1042 tres
676 1007 876 1051 Schmidii‚
902 1008 989 1043 LtF.

177 1163 320 1206 nempe]
356 1163 468 1205 „sine
494 1162 622 1205 dubio,
655 1166 697 1196 ut
720 1162 832 1196 facile
858 1162 916 1195 in-

178 1210 335 1245 tellectu
363 1213 438 1253 est,
464 1210 684 1244 naturlich.“
714 1229 757 1234 ——
779 1211 918 1244 Viveret

176 1258 216 1290 in
241 1258 367 1301 terris]
393 1257 486 1302 Epp.
513 1260 545 1300 2,
574 1260 604 1299 1,
634 1259 723 1292 194:
759 1258 798 1291 Si
815 1258 918 1299 ‘soret

176 1306 216 1337 in
240 1305 378 1348 terris]
407 1325 450 1329 —
478 1305 600 1347 libra]
636 1304 755 1339 Gaius
784 1308 821 1347 1,
850 1307 917 1339 19:

175 1353 239 1386 Est
259 1354 483 1395 mancipatio
497 1371 512 1377 -
526 1371 540 1377 -
554 1354 780 1393 imaqinaria
807 1361 918 1393 quae—

176 1401 263 1433 dam
287 1401 447 1434 venditio
456 1410 467 1442 3
492 1409 655 1441 --eaque
672 1409 732 1434 res
757 1401 811 1433 ita
837 1401 917 1440 aqi-

175 1449 258 1490 tur,
308 1449 479 1482 adhibitis
526 1456 600 1481 non
645 1449 765 1480 minus
807 1455 918 1488 quam

176 1496 336 1536 quinque
370 1497 537 1537 testibus,
572 1496 709 1528 civibus
739 1496 917 1528 Romanis

170 1543 389 1585 puberibus,
424 1546 456 1576 et
486 1545 682 1584 praeterea
715 1543 790 1576 alio
825 1543 918 1575 eius-

175 1591 255 1622 dem
273 1591 508 1633 condicionis‚
534 1592 597 1631 qui
616 1591 748 1623 libram
765 1598 916 1623 aeneam

176 1639 314 1680 teneat,
362 1639 426 1679 qui
468 1639 682 1680 appellatur
718 1638 915 1681 libripens.
910 1647 918 1655 ·

174 1685 224 1726 is,
259 1663 323 1726 qu'i
352 1686 536 1727 mancipio
568 1686 720 1727 accipit,
754 1693 832 1718 rem
865 1687 916 1718 te-

174 1740 263 1765 nens
289 1734 344 1766 ita
369 1734 474 1766 dicit:
506 1735 640 1766 Hunc
666 1741 745 1774 eqo
773 1733 917 1765 homi-

174 1787 268 1812 nem
294 1789 346 1814 ee:
375 1782 474 1813 iure
502 1781 749 1822 Quiritium
779 1787 918 1812 meum

175 1834 275 1860 esse
311 1829 406 1867 aio,
439 1828 571 1868 isque
603 1828 714 1859 mihi
740 1828 916 1867 emptus

175 1875 241 1906 est
267 1875 348 1908 hoc
366 1883 474 1908 aere
501 1882 740 1914 aeneaque
769 1874 916 1906 libra.-

173 1921 302 1954 deinde
328 1930 413 1955 aere
444 1922 600 1964 percutit
637 1921 826 1962 libram,
859 1921 914 1953 id-

174 1976 242 2008 que
277 1977 362 2002 aes
395 1969 459 2002 dat
494 1969 545 2011 ei,
584 1977 609 2001 a
635 1977 705 2009 quo
730 1968 914 2009 mancipio

173 2017 323 2059 accipit,
361 2018 468 2057 quasi
498 2017 611 2057 pretii
646 2016 732 2048 loco.
762 2034 805 2038 —
833 2023 916 2048 con-

172 2063 299 2106 sultis]
334 2063 419 2097 Vid.
455 2063 503 2098 ad
537 2062 611 2097 Sat.
650 2065 688 2105 1,
721 2065 759 2104 1,
789 2064 843 2096 17.
871 2081 914 2085 -
965 2079 1012 2086 --

172 2111 280 2154 usus]
318 2110 357 2145 id
384 2113 459 2153 est,
493 2110 698 2154 usucapio,
725 2120 821 2154 quae
848 2120 914 2142 au-

174 2160 276 2192 ctore
310 2158 475 2203 Ulpiano
509 2158 570 2199 Fr.
607 2159 671 2200 19,
704 2159 736 2191 8.
764 2159 822 2191 est
854 2158 915 2190 do·

172 2206 277 2238 minii
314 2207 459 2247 adeptio
498 2214 566 2247 per
604 2206 915 2238 continuationem

169 2254 405 2294 possessionis
443 2254 533 2286 anni
568 2254 626 2286 vel
664 2253 815 2293 biennii,
857 2260 913 2284 re-

172 2309 257 2332 rum
293 2301 483 2334 mobilium
523 2301 631 2342 anni,
673 2299 914 2332 immobilium

173 2348 326 2390 biennii3
363 2348 502 2391 quibus
535 2347 630 2381 adde
665 2346 750 2380 Gaii
776 2348 817 2387 2,
845 2348 912 2379 44:

174 2395 280 2436 Quod
322 2396 403 2428 ideo
443 2397 629 2436 receptum
665 2395 821 2436 videtur,
866 2402 913 2427 ne

171 2449 298 2475 rerum
331 2443 493 2475 dominia
526 2443 663 2475 diutius
700 2442 739 2473 in
775 2443 913 2474 incerto

174 2491 307 2529 essent‚·
345 2498 427 2522 cum
462 2490 645 2531 sufficeret
682 2489 827 2521 domino
865 2489 914 2521 ad

172 2537 432 2577 inquirendam
465 2545 541 2570 rem
577 2545 684 2569 suam
721 2536 811 2568 anni
848 2538 913 2568 aut

173 2585 309 2617 biennii
343 2585 514 2625 spatium,
554 2585 650 2624 quod
688 2585 825 2624 tempus
864 2584 911 2615 ad

171 2631 433 2672 usucapionem
478 2631 678 2672 possessori
734 2631 911 2663 tributum

173 2680 235 2712 est.

223 2727 421 2760 160-169,
450 2726 577 2759 vilicus
605 2724 707 2768 Orbi]
735 2722 911 2767 „Orbius‚

966 1162 1119 1207 ignotus
1169 1162 1456 1197 latifundiorum
1497 1173 1705 1218 possessor.

965 1209 1022 1244 De
1047 1221 1088 1244 re
1115 1209 1255 1244 Comm.
1282 1210 1463 1255 Cruquii:
1490 1211 1615 1253 „Aaer
1638 1210 1705 1255 qui

966 1259 1004 1291 te
1019 1257 1152 1302 pascit,
1179 1258 1347 1302 quamvis
1364 1257 1523 1292 alterius
1547 1257 1596 1292 sit
1603 1268 1706 1312 'pro-

966 1305 1127 1349 prietas,
1166 1308 1290 1339 tamen
1321 1307 1410 1339 tuus
1437 1307 1513 1348 est,
1546 1305 1638 1350 quia
1662 1316 1707 1340 ea

967 1352 1086 1386 uteris
1114 1355 1151 1386 et
1182 1352 1329 1387 fructus
1362 1352 1561 1407 percipisst‘
1611 1351 1706 1386 Nam

966 1402 1121 1444 accepto
1159 1410 1182 1434 a
1225 1402 1261 1434 te
1298 1400 1420 1445 pretio
1457 1397 1594 1434 vilicus
1635 1399 1705 1434 tibi

965 1447 1095 1492 fruges
1122 1446 1268 1490 vendit3
1302 1449 1343 1481 tu
1377 1446 1493 1493 igitur
1517 1457 1605 1481 vere
1640 1446 1706 1481 do-

965 1494 1092 1529 minus
1119 1505 1171 1537 es,
1195 1495 1260 1529 ille
1281 1494 1432 1529 videtur
1458 1504 1553 1537 esse,
1579 1504 1622 1528 eo
1648 1494 1707 1527 in-

967 1553 1081 1586 super
1099 1541 1330 1585 discrimine,
1356 1544 1399 1575 ut
1424 1544 1466 1575 tu
1487 1540 1602 1575 hodie
1620 1552 1706 1575 cum

966 1600 1070 1632 uvas,
1098 1599 1180 1624 cras
1197 1590 1335 1634 pullos,
1361 1588 1499 1623 deinde
1516 1588 1707 1623 frumenta

966 1639 1005 1670 et
1034 1637 1124 1671 vina
1157 1648 1278 1680 emas,
1311 1636 1494 1681 paulatim
1526 1636 1705 1670 merceris

966 1686 1087 1718 totum
1112 1695 1245 1729 agrum
1278 1684 1338 1727 (id
1365 1686 1438 1726 est,
1466 1693 1595 1717 omnes
1622 1683 1704 1716 eius

964 1732 1216 1776 proventus),
1254 1742 1367 1776 quem
1399 1740 1596 1774 possessor
1630 1731 1704 1763 tre-

966 1779 1086 1812 centis
1121 1778 1273 1811 milibus
1307 1777 1420 1811 simul
1461 1777 1595 1811 solutis
1630 1776 1704 1810 sibi

966 1826 1087 1858 emit.“
1122 1825 1310 1858 Dumium.
1335 1843 1383 1848 -
1408 1823 1525 1866 occat]
1558 1822 1703 1858 Colum.

966 1874 1030 1913 11,
1056 1874 1097 1914 2,
1124 1874 1188 1905 82:
1225 1873 1381 1906 sementi
1407 1872 1510 1913 sacta
1534 1872 1704 1905 inoccare

965 1922 1126 1961 oportet,
1173 1921 1270 1960 quod
1307 1919 1498 1960 sparseris.
1526 1936 1569 1942 —
1596 1919 1704 1952 datu-

963 1967 1042 2010 ras]
1081 1966 1157 2000 Cfr.
1184 1966 1290 2011 Virg.
1317 1966 1383 2000 Ge.
1409 1967 1451 2008 2,
1476 1966 1569 1999 440:
1595 1967 1704 2007 Ipsae

966 2015 1142 2048 Caucasio
1175 2014 1317 2047 steriles
1350 2014 1390 2046 in
1420 2013 1554 2046 vertice
1587 2013 1705 2046 silvae

1030 2063 1155 2095 Dant
1188 2062 1283 2094 alios
1309 2061 1410 2094 aliae
1440 2061 1554 2102 setus,
1589 2061 1703 2098 dant

963 2110 1054 2142 utile
1082 2110 1219 2150 lionam
1236 2109 1404 2149 Naviqiis
1425 2107 1542 2149 pinos.
1562 2107 1596 2149 2,
1613 2107 1703 2140 52οε

964 2158 1070 2189 dant
1084 2157 1218 2189 arbuta
1230 2157 1357 2189 silvae.
1376 2154 1438 2189 Sic
1451 2156 1576 2188 autem
1587 2153 1703 2187 Oodd.

962 2203 1139 2236 Blandin.
1166 2206 1203 2237 et
1226 2202 1400 2236 Pottierii
1426 2203 1603 2246 quattuor
1627 2211 1704 2235 ma-

963 2251 1019 2296 gis
1044 2250 1194 2295 poetica
1226 2249 1373 2284 ratione
1409 2259 1521 2294 quam
1547 2249 1703 2282 vilicus-

963 2299 1151 2339 -daturus‚
1180 2297 1281 2342 quod
1307 2308 1392 2331 cum
1417 2296 1558 2330 nostris
1585 2294 1702 2329 Oodd.

962 2345 1104 2379 habent
1143 2323 1311 2379 'Menace
1354 2354 1483 2378 omnes
1532 2344 1570 2376 et
1614 2341 1702 2376 Pot-

962 2393 1065 2427 tierii
1102 2392 1252 2436 reliqui.
1280 2411 1323 2415 —
1349 2390 1477 2434 sentit]
1521 2391 1701 2434 „accepto

962 2451 984 2474 a
1009 2443 1045 2474 te
1070 2439 1252 2473 frumenti
1284 2438 1408 2483 pretio
1442 2438 1482 2471 in
1508 2440 1544 2471 te
1571 2446 1701 2470 verum

962 2486 1156 2521 {lominum
1189 2486 1270 2530 agri
1305 2485 1461 2519 Orbiani
1571 2482 1699 2518 oscit.“

963 2553 1006 2559 —
1031 2533 1164 2576 temeti]
1190 2532 1286 2566 Plin.
1306 2533 1352 2566 Η.
1369 2531 1413 2566 N.
1442 2534 1497 2574 14,
1523 2533 1584 2565 13:
1613 2532 1700 2564 Cato

959 2583 1039 2615 ideo
1081 2581 1308 2622 propinq-uos
1349 2580 1494 2621 seminis
1535 2578 1702 2611 osculum

960 2630 1051 2662 dare
1078 2627 1280 2671 (scripsit),
1305 2630 1345 2659 uc
1369 2627 1522 2668 scirent,
1549 2633 1599 2658 an
1624 2626 1701 2658 te-

960 2685 995 2709 m
1004 2685 1021 2709 e
1029 2679 1041 2709 t
1049 2684 1118 2709 um
1130 2675 1280 2708 olerent.
1299 2675 1379 2707 Hoc
1389 2676 1465 2706 tum
1473 2674 1558 2705 vino
1568 2679 1701 2705 nomen

962 2725 1053 2765 erat,
1086 2723 1181 2755 unde
1207 2723 1239 2754 et
1265 2720 1549 2754 temulentia
1574 2719 1702 2760 appel-
