1786 2912
190 147 274 188 142

307 247 542 303 Corruptus
569 248 714 291 iudex,

694 146 905 182 HORATII
930 146 1215 182 SATOEARUM

775 247 993 303 Leporem
1024 252 1212 291 sectatus
1246 263 1411 306 equove

304 318 467 360 Lassus
499 318 552 360 ab
586 318 793 360 indomito
825 319 915 372 vel,
948 319 986 360 si
1015 318 1212 362 Romana
1241 319 1394 376 fatigat

1657 322 1710 362 10

306 389 462 431 Militia
493 393 710 431 assuetum
744 390 954 444 graecari,
988 403 1065 432 seu
1094 391 1184 446 pila
1211 391 1340 433 velox

305 459 493 502 Molliter
525 463 744 502 austerum
775 459 916 502 studio
949 459 1123 503 fallente
1152 461 1362 515 laborem,

307 530 394 573 Seu
425 534 468 573 te
501 531 644 572 discus
677 531 786 586 agit,
819 535 920 587 pete
953 531 1176 574 cedentem
1207 536 1308 575 aera
1339 532 1480 587 disco;

307 601 415 643 Cum
446 601 566 643 labor
598 601 814 644 extuderit
846 602 1038 655 fastidia,
1072 602 1231 657 siccus,
1263 604 1404 645 inanis

308 672 472 728 Sperne
505 672 647 715 cibum
677 673 828 727 vilem,
862 674 946 714 nisi
978 673 1203 730 Hymettia
1233 674 1363 716 mella
1392 673 1577 717 Falerno

1658 674 1710 715 15

286 810 339 840 14.
367 809 549 849 expulerit
577 818 662 842 cum
686 808 884 853 Excerptis
910 809 1016 842 Bodl.
1043 808 1251 843 Bentleius.

187 925 238 959 tis
256 925 374 960 aciem
400 926 660 960 hebetarunt.“
678 945 721 950 —
736 926 926 969 Leporem]

190 972 304 1007 Grata
338 974 566 1018 negligentia
602 974 837 1018 aliquantum
869 974 927 1006 in-

975 929 1061 970 post
1098 927 1199 961 hunc
1232 938 1383 961 versum
1419 929 1583 962 Molliter
1617 930 1712 962 aust.

974 976 1017 1007 st.
1059 975 1086 1015 s.
1130 975 1152 1008 l.
1201 974 1566 1020 subintelligendum
1616 976 1713 1008 Lude

187 1021 342 1054 tricatae
377 1024 467 1054 sunt
501 1022 709 1055 sententiae
747 1032 816 1065 pro
850 1022 927 1055 vol—
972 1022 1072 1064 pila,
1108 1024 1149 1055 ut
1181 1021 1410 1066 respondeat
1435 1022 1489 1064 ei,
1523 1022 1624 1066 quod
1656 1033 1712 1056 se-

185 1068 342 1112 garibus
375 1068 455 1101 his:
496 1068 730 1110 „Venatione
757 1071 795 1102 et
819 1068 926 1113 equi-

186 1115 342 1157 tatione,
368 1118 443 1157 aut,
469 1116 500 1149 si
525 1115 794 1160 haecorporis
821 1126 925 1149 exer-

187 1162 386 1196 citationes
399 1173 488 1196 vere
502 1162 692 1197 Romanae
711 1163 781 1196 tibi
800 1163 926 1196 minus

186 1210 358 1254 placent,
391 1210 491 1254 pilae
517 1211 576 1243 vel
602 1210 697 1244 disci
726 1210 815 1243 ludo
842 1210 927 1244 fati-

188 1259 298 1301 gatus
313 1257 378 1290 ubi
393 1257 480 1299 eris,
498 1259 587 1291 tunc
602 1257 774 1291 esuriens
789 1268 927 1301 sperne

187 1304 237 1346 (si
262 1306 388 1348 potes„
421 1304 486 1338 sed
512 1315 588 1338 non
614 1304 774 1349 poteris)
801 1304 926 1338 cibum

187 1361 231 1384 ac
256 1352 448 1395 potionem
474 1352 620 1385 vilem.“
641 1371 684 1375 ——
702 1353 734 1384 si
756 1353 927 1385 Romana

186 1399 324 1439 fatigat
350 1398 435 1440 cet.]
476 1398 656 1433 Similiter
683 1402 927 1443 opponuntur

187 1445 445 1480 Romanorum
486 1447 740 1491 ingenuorum
782 1447 927 1490 equita-

186 1493 283 1526 tioni
309 1495 346 1526 et
371 1494 562 1527 venationi
596 1494 751 1528 trochus
778 1497 815 1527 et
846 1495 928 1528 alea

187 1538 419 1574 Graecorum
447 1540 515 1574 Od.
543 1542 583 1582 3,
610 1542 675 1582 24,
702 1543 758 1574 54.
786 1560 829 1564 —
856 1542 926 1575 Mi-

189 1586 285 1629 litia]
311 1587 470 1621 Venatio
498 1588 543 1621 ab
567 1587 736 1621 Aristide
763 1587 866 1622 Orat.
895 1590 927 1621 2.

186 1644 222 1678 p.
258 1636 314 1668 25.
355 1631 495 1681 μόριον
538 1634 751 1678 πολεμικῆς
792 1636 928 1678 τέχνης

188 1684 357 1715 vocatur.
407 1682 503 1726 Epp.
531 1684 563 1724 1,
590 1684 623 1724 2,
651 1684 715 1716 65:
741 1684 928 1715 venaticus

186 1730 384 1763 --Militat
422 1730 461 1762 in
500 1730 602 1762 silvis
644 1730 799 1762 catulus.
851 1728 926 1762 Cio.

187 1775 234 1809 de
267 1775 311 1809 N.
344 1776 389 1809 D.
417 1778 457 1818 2,
491 1778 555 1819 64,
597 1779 681 1810 161:
724 1778 807 1809 Iam
842 1785 927 1809 vero

186 1823 364 1856 immanes
391 1826 424 1856 et
448 1825 549 1864 seras
582 1824 723 1856 belluas
748 1824 928 1856 nancisci-

187 1878 272 1903 mur
305 1872 490 1913 venarum,
524 1873 565 1904 ut
599 1873 631 1907 et
663 1879 850 1904 vescamur
884 1872 927 1903 iis

187 1920 222 1950 et
249 1926 486 1951 excerceamur
511 1919 552 1950 in
577 1919 745 1951 venando
764 1919 813 1950 ad
828 1919 927 1950 simi-

190 1965 382 1998 titudinem
408 1966 559 1998 bellicae
576 1966 803 2006 disciplinae.
829 1964 927 1998 Plin.

187 2011 327 2056 Paneg.
362 2014 425 2045 81:
466 2013 562 2045 Olim
586 2014 675 2045 haec
701 2013 928 2053 experientia

185 2060 404 2101 iuventutis,
437 2060 525 2092 haec
549 2060 720 2100 voluptas
747 2061 845 2101 erat,
874 2061 927 2092 his

188 2107 330 2138 artibus
363 2108 482 2147 futuri
516 2108 623 2139 duces
656 2107 927 2149 imbuebantur,

187 2155 332 2186 certare
359 2162 440 2186 cum
471 2155 662 2195 suqaeibus
693 2155 782 2195 seris
808 2162 926 2196 eursu,

189 2207 270 2232 eum
288 2202 488 2234 audacibus
514 2202 657 2242 robore,
684 2209 766 2234 cum
783 2202 928 2234 callidis

189 2249 272 2280 astu
299 2250 368 2281 cet.
397 2267 440 2271 -
468 2248 657 2290 qraeeart]
686 2248 864 2290 „Graeco,
889 2248 929 2281 id

187 2296 256 2335 est,
270 2294 442 2328 molliore
452 2295 563 2328 modo
574 2295 701 2329 vivere
714 2305 928 2339 corpusque

190 2342 407 2384 exercere;“
435 2342 489 2376 sic
504 2343 746 2383 peraraecari
764 2345 821 2376 est
840 2353 928 2386 „per

188 2389 303 2421 totam
323 2391 469 2422 noctem
487 2390 654 2432 potare“,
679 2390 800 2423 Plaut.
819 2389 928 2423 Most.

193 2436 231 2476 1,
268 2438 306 2477 1,
341 2437 398 2468 21.
433 2444 699 2479 eonqraecare,
743 2437 927 2482 „potando

187 2483 448 2525 consumere“,
486 2483 608 2516 Plaut.
649 2484 785 2517 Bacch.
817 2487 857 2526 4,
895 2485 929 2526 4,

190 2530 249 2562 91.
275 2547 319 2552 —
344 2538 407 2562 seu
430 2530 510 2570 pila
534 2531 641 2563 velooe
667 2531 751 2573 cet.]
789 2531 928 2574 „Totus

190 2576 252 2609 hic
276 2576 383 2610 locus
401 2576 551 2610 videtur
578 2577 811 2612 claudicare:
842 2588 928 2611 nam

189 2623 352 2667 primum
379 2624 419 2656 in
444 2623 503 2657 his
528 2623 653 2657 verbis
679 2634 742 2657 seu
764 2626 846 2666 pita
869 2634 930 2658 ve-

193 2671 256 2704 10:15
281 2670 641 2715 subintelligendum
676 2682 742 2705 seu
777 2682 928 2706 sumen-

189 2716 279 2750 dum
292 2715 370 2750 ᾰπὸ
387 2717 455 2751 τοῦ
473 2717 606 2751 κοινοῦ
625 2721 658 2751 te
673 2720 749 2759 aqit
764 2730 772 2761 ;
792 2718 928 2753 deinde

977 1069 1125 1112 quitur,
1148 1071 1229 1110 pete
1255 1070 1439 1103 cedentem
1464 1071 1555 1102 aera
1580 1070 1710 1103 disco.“

975 1115 1101 1149 LAMB.
1152 1116 1355 1150 Praeterea
1389 1117 1630 1151 anacoluthia
1656 1120 1714 1151 est

975 1163 1015 1196 in
1058 1174 1101 1197 eo
1145 1163 1247 1207 quod
1287 1164 1403 1198 verba
1441 1165 1524 1205 pete
1558 1173 1587 1197 e.
1622 1166 1713 1197 ae'ra

976 1211 1084 1252 disco,
1113 1221 1208 1254 quae
1235 1221 1303 1254 per
1328 1211 1554 1255 particulam
1578 1212 1635 1245 vel
1652 1222 1714 1245 co-

975 1257 1132 1291 haerere
1165 1257 1354 1292 debebant
1384 1269 1469 1292 cum
1500 1258 1713 1303 participiis

975 1307 1133 1338 sectatus
1159 1308 1196 1338 et
1223 1306 1360 1348 lassus,
1386 1305 1433 1339 ab
1459 1306 1518 1339 his
1543 1306 1714 1350 longiore

976 1351 1177 1386 intervallo
1210 1354 1381 1396 separata
1412 1353 1624 1386 sententiae
1656 1354 1715 1386 in·

976 1399 1180 1433 termediae
1222 1399 1404 1443 apodosin
1446 1399 1628 1434 efficiunt.
1670 1419 1713 1424 —

976 1447 1142 1480 Molliter
1160 1447 1246 1490 cet.]
1276 1446 1387 1490 „dum
1411 1447 1577 1481 studium
1601 1448 1715 1481 huius

976 1493 1059 1526 ludi
1085 1496 1192 1538 grato
1211 1494 1320 1528 modo
1338 1494 1464 1537 efficit,
1488 1496 1531 1528 ut
1556 1505 1603 1528 ne
1630 1506 1715 1529 sen-

976 1541 1048 1574 tias
1075 1541 1246 1585 quidem,
1280 1552 1394 1586 quam
1426 1542 1549 1587 gravis
1581 1552 1649 1586 per
1675 1553 1715 1576 se

978 1587 1028 1621 sit
1053 1588 1159 1621 labor
1185 1588 1286 1622 ille.“
1306 1607 1349 1612 —
1378 1589 1470 1632 aqit]
1499 1589 1636 1632 „duc-it,
1661 1590 1715 1623 al-

977 1634 1092 1677 licit“,
1128 1636 1281 1668 anzieht.
1308 1655 1351 1659 —
1382 1638 1468 1677 pete
1493 1636 1586 1678 cet.]
1623 1637 1714 1679 „hoc

976 1682 1086 1715 modo
1120 1684 1156 1716 te
1196 1682 1363 1716 exerce-‘⁴
1413 1682 1550 1716 Addita
1588 1686 1715 1717 autem

978 1729 1133 1762 cedentis
1160 1731 1256 1762 aeris
1290 1729 1454 1774 imagine
1480 1730 1572 1764 vitat
1603 1730 1716 1775 pede-

978 1776 1065 1809 stris
1105 1786 1157 1809 or.
1191 1777 1374 1810 colorem:
1419 1776 1530 1819 „lude
1573 1777 1713 1812 disco.“

978 1821 1084 1856 Ovid.
1110 1823 1151 1856 in
1175 1823 1281 1857 Ibide
1308 1825 1396 1858 587:
1429 1825 1527 1857 Aera
1551 1826 1584 1858 si
1607 1826 1715 1858 misso

980 1871 1158 1911 liquidum
1182 1872 1393 1904 iaculabere
1419 1872 1526 1905 disco.

1027 1918 1146 1950 14-18.
1174 1917 1377 1960 extuderit]
1411 1929 1468 1962 pr.
1497 1918 1714 1961 „tundendo

977 1965 1198 2005 removerit,
1231 1965 1378 2009 cum-vi
1404 1966 1648 2008 excusserit“,
1674 1969 1716 1999 ut

978 2011 1120 2046 Seneca
1138 2012 1255 2056 Epist.
1276 2014 1362 2046 119:
1388 2015 1528 2046 natura
1542 2031 1582 2038 --
1595 2022 1715 2047 neees-

976 2060 1078 2092 sitati
1113 2061 1305 2101 fastidium
1343 2061 1520 2093 excussit:
1559 2060 1715 2094 verbum

976 2107 1088 2151 longe
1139 2106 1330 2141 efficacius
1380 2117 1493 2151 quam
1547 2107 1715 2142 eiusdem
1782 2127 1786 2129 s

978 2154 1091 2198 gloss.
1135 2155 1338 2196 camaleria,
1388 2154 1489 2198 quod
1537 2155 1717 2199 praetulit

978 2201 1194 2243 Bentleius,
1238 2201 1328 2245 quia
1365 2201 1479 2236 verbo
1518 2203 1716 2236 extundere

979 2259 1059 2282 eam
1102 2248 1359 2283 tantummodo
1406 2249 1716 2294 significationem

978 2295 1181 2338 tribuebat,
1208 2306 1319 2339 quam
1344 2295 1458 2329 habet
1482 2295 1584 2340 apud
1610 2295 1714 2340 Virg.

979 2341 1046 2376 Ge.
1076 2344 1114 2385 1,
1150 2344 1234 2376 133:
1275 2344 1317 2375 Ut
1340 2344 1469 2376 varias
1492 2351 1580 2376 usus
1604 2344 1716 2377 medi-

979 2391 1090 2423 tando
1117 2391 1332 2423 eaetunderet
1358 2391 1468 2423 artes.
1496 2407 1539 2413 —-
1566 2391 1717 2431 Hymet-

979 2438 1031 2470 tia
1057 2436 1142 2479 cet.]
1171 2436 1354 2478 „mulsum
1380 2439 1644 2481 praeparatum
1671 2448 1717 2471 ex

979 2483 1197 2517 dulcissimo
1222 2483 1333 2516 melle
1358 2482 1483 2517 Attico
1512 2482 1596 2526 (od.
1623 2485 1655 2525 2,
1682 2486 1715 2525 6,

981 2531 1051 2573 14.)
1079 2533 1117 2564 et
1140 2530 1228 2563 vino
1255 2530 1560 2575 generosissimo,
1587 2533 1714 2574 spreto

978 2579 1099 2612 mulso
1126 2577 1240 2611 mixto
1260 2588 1306 2611 ex
1321 2577 1410 2611 vino
1429 2580 1468 2611 et
1487 2578 1598 2611 melle
1616 2588 1715 2611 com-

978 2625 1119 2659 muni.“
1169 2623 1333 2658 Macrob.
1377 2624 1528 2658 Satura.
1572 2625 1611 2666 7,
1652 2626 1714 2658 12:

978 2673 1055 2706 Mel
1072 2674 1106 2705 et
1120 2673 1246 2705 vinum
1271 2673 1422 2704 diversis
1443 2672 1624 2704 aetatibus
1650 2673 1716 2705 ha-

979 2721 1109 2752 bentur
1139 2720 1301 2760 optima.-
1338 2719 1426 2760 mel,
1464 2719 1560 2758 quod
1592 2726 1717 2752 reeen-
