1786 2912
165 120 247 162 102

279 220 531 263 Iamdudum
560 221 708 276 vide03
743 221 819 263 sed
847 221 910 262 nil
941 221 1056 277 agis3
1089 236 1225 278 usque
1255 223 1435 277 teneb03

279 291 521 348 Persequar
541 292 659 346 hinc,
693 306 775 348 quo
797 306 910 334 nunc
930 292 1011 335 iter
1033 296 1099 335 est
1128 293 1223 335 tibi.

659 119 866 154 HORATH
892 119 1177 155 SATIRABUM

1627 225 1646 265 1

1270 293 1343 336 Nil
1363 308 1470 351 opus
1493 298 1559 338 est
1577 299 1621 338 te
1655 225 1687 266 5

281 362 546 418 Circumagi:
580 363 793 419 quendam
822 363 920 405 volo
948 364 1090 407 visere
1121 379 1214 407 non
1244 365 1325 408 tibi
1355 369 1528 420 notum3

282 433 421 476 Trans
444 433 635 476 Tiberim
664 434 792 490 longe
823 434 950 477 cubat
979 435 1036 489 is,
1068 450 1207 492 prope
1232 435 1432 479 Caesaris
1462 436 1622 492 hortos.

279 504 352 546 Nil
372 505 511 548 habeo
528 505 642 561 quod
657 519 781 561 agam
798 509 841 548 et
856 520 943 547 non
959 520 1054 547 sum
1068 506 1215 562 piger3
1237 521 1374 563 usque
1392 522 1548 565 sequar
1563 512 1620 551 te.

278 575 471 618 Demitto
503 577 733 630 auriculas,
765 580 813 618 ut
843 576 1016 633 iniquae
1046 578 1203 620 mentis
1234 578 1392 621 asellus
1406 611 1417 632 ,

280 645 390 689 Cum
421 647 593 702 gravius
625 647 751 689 dorso
783 647 913 689 subiit
946 662 1067 690 onus.

1624 579 1687 621 20

1129 648 1285 705 Incipit
1313 649 1409 692 ille:

281 716 329 760 Si
357 717 469 761 bene
499 732 568 761 me
599 719 718 772 novi,
749 733 836 761 non
866 719 1044 761 Viscum
1074 720 1210 776 pluris
1241 720 1443 774 amicum,

279 788 377 832 Non
406 789 584 831 Varium
616 789 772 844 facies3
805 804 905 832 nam
937 791 1030 846 quis
1062 805 1131 834 1116
1164 791 1350 834 scribere
1382 791 1528 847 plures

259 927 314 959 16.
352 927 556 966 Persequar
580 925 679 970 bScp
706 928 743 959 et
767 925 938 962 Pottierii
967 926 1161 971 plerique,
1194 927 1278 961 Ald.
1306 928 1428 970 1519.,
1461 926 1560 968 LCt,
1586 927 1633 960 F:

210 973 422 1013 Prosequar
447 973 520 1007 duo
538 973 683 1016 Bland.,
710 974 852 1017 septem
870 973 1046 1016 Bentleii,
1073 984 1138 1007 sex
1160 973 1345 1017 Pottierii‚
1369 973 1490 1008 Aldus
1519 976 1634 1016 1509„

210 1019 352 1062 Bentl.‚

162 1185 195 1218 8.
222 1203 265 1208 -
291 1187 497 1226 Persequar
523 1186 607 1229 cet.]
643 1185 898 1230 Importunus,

162 1231 250 1265 dum
266 1232 412 1267 facetus
431 1243 512 1267 esse
538 1233 678 1267 frustra
697 1233 811 1277 cupit,
836 1244 898 1266 ru-

163 1279 295 1314 sticius
322 1280 503 1324 loquitur.
529 1282 738 1321 Persequar
757 1283 812 1314 est
830 1281 898 1314 mi-

162 1337 297 1360 narum
333 1328 640 1371 praecedentium
677 1338 821 1362 summa
854 1339 898 1362 ac

162 1375 504 1418 perseverationem
537 1375 760 1410 assectantis
794 1385 899 1420 egre-

161 1421 222 1466 gie
261 1422 453 1466 exprimit:
498 1422 730 1465 „comitabor
765 1425 801 1456 te
836 1434 898 1457 us-

163 1479 235 1513 que
262 1480 326 1511 6ο,
361 1480 436 1513 quo
472 1470 540 1503 tibi
573 1471 628 1503 ire
662 1470 899 1514 propositum

163 1516 260 1560 est;“
273 1525 477 1558 prosequar
493 1519 610 1551 esset:
631 1517 768 1559 „officii
784 1527 898 1551 causa

160 1574 275 1607 porro
302 1564 472 1608 sequar.“·
514 1564 633 1609 Iunge
659 1567 783 1598 autem
808 1566 897 1597 Per-

151 1620 296 1652 .sequar
320 1612 403 1644 hinc
426 1611 552 1655 potius
580 1622 689 1655 quam
717 1612 799 1644 hinc
816 1620 897 1653 quo,

162 1658 222 1691 vel
254 1661 296 1691 ut
328 1658 419 1692 fecit
445 1658 582 1692 Comm.
610 1658 724 1702 Cruq.
750 1661 787 1700 et
812 1658 897 1692 alii.

162 1707 377 1746 Persequar.
404 1707 651 1739 Hinc-dibi?
677 1706 717 1738 111
741 1716 815 1750 qua
839 1706 898 1738 in—

162 1753 415 1798 terrogatione
452 1755 534 1786 hinc
576 1763 898 1797 supervacaneum

163 1802 229 1834 est.
257 1820 300 1824 ——
329 1800 552 1843 Circumaqi]
589 1801 689 1842 „huc
715 1802 827 1844 atque
854 1800 898 1833 il-

162 1847 226 1881 luc
253 1849 290 1890 (a
314 1848 388 1890 me)
415 1847 682 1881 circumduci.“
732 1847 828 1880 ACR.
855 1867 897 1871 —

163 1903 236 1928 non
269 1897 334 1929 libi
362 1895 507 1938 nolum]
544 1897 796 1939 „quapropter
821 1905 897 1928 me-

164 1952 249 1976 cum
283 1942 403 1976 visere
439 1953 523 1976 eum
561 1953 636 1976 non
675 1942 816 1986 potes.“
853 1961 895 1965 —

163 1990 292 2032 cubat]
330 1993 527 2035 „aegrotus
561 1989 742 2023 lectulum
774 1992 898 2023 servat

163 2037 263 2071 domi
290 2038 413 2071 suae.“
455 2037 604 2082 Prolog.
631 2036 746 2081 antiq.
772 2036 896 2071 Plaut.

165 2084 247 2119 Cas.
275 2086 338 2118 37:
371 2094 509 2127 servus,
537 2086 598 2125 qui
621 2085 662 2117 in
685 2085 810 2117 morbo
836 2093 897 2117 cu-

165 2133 243 2172 bal3
272 2134 387 2165 Immo
414 2133 533 2166 hercle
550 2140 636 2165 vero
660 2133 701 2164 in
728 2132 826 2173 lecto,
852 2140 896 2164 ne

164 2180 250 2219 quid
274 2181 443 2213 mentiar.
471 2179 567 2213 Cels.
586 2181 619 2221 3,
644 2180 685 2212 4:
710 2179 897 2220 Asclepia-

163 2227 224 2259 des
238 2245 252 2252 -
266 2245 280 2250 -
295 2228 458 2260 cubantis
485 2229 594 2260 etiam
630 2227 792 2260 luoeuriei
814 2227 897 2259 sub-

162 2275 319 2315 scripsit.
363 2274 468 2308 Conf.
495 2274 570 2308 Sat.
589 2275 621 2315 2,
640 2276 672 2316 3,
697 2275 778 2307 289,
803 2273 896 2317 Epp.

164 2322 197 2362 2,
223 2322 255 2363 2,
282 2323 337 2354 68.
364 2321 471 2355 Ovid.
496 2321 585 2355 Her.
613 2323 669 2363 20,
697 2323 783 2355 166:
809 2322 898 2354 haec

164 2370 289 2409 cubat,
323 2369 386 2401 ille
411 2370 519 2402 valet.
545 2387 590 2392 -—
617 2369 784 2401 Caesaris
815 2369 898 2401 hor-

164 2415 240 2457 tos]
273 2416 312 2448 in
337 2415 526 2458 Ianiculo,
561 2426 654 2459 quos
682 2414 818 2449 Caesar
843 2415 898 2448 di-

164 2464 282 2498 ctator
305 2463 446 2507 populo
471 2462 641 2496 Romano
666 2462 818 2506 publice
845 2463 897 2496 le-

165 2513 279 2555 garat.
330 2509 483 2543 Sueton.
527 2509 633 2543 Caes.
672 2511 727 2543 83.
776 2510 809 2542 A
835 2509 898 2543 Sa-

165 2567 227 2591 cra
245 2558 305 2592 via
330 2560 454 2591 autem
471 2567 592 2601 usque
618 2557 658 2590 in
683 2556 897 2590 Ianiculum

164 2604 278 2639 horae
303 2615 422 2650 prope
454 2605 622 2649 integrae
653 2603 725 2637 iter
756 2604 897 2638 facien-

166 2651 252 2684 dum
280 2654 371 2686 erat.
399 2671 442 2676 —
471 2654 503 2685 et
527 2651 619 2694 non]
654 2654 712 2693 „et
736 2651 810 2684 huc
836 2661 898 2684 ac-

167 2699 283 2741 cedit,
326 2700 425 2743 quod
462 2709 539 2733 non
577 2709 659 2733 sum
698 2698 823 2743 piger,
862 2701 898 2732 61

394 1019 585 1054 Heindorf
618 1031 661 1054 ac
699 1019 746 1054 M.
798 1021 1022 1063 (prosequar
1063 1024 1129 1054 aut
1169 1024 1372 1063 Persequar
1412 1023 1504 1055 hinc.
1556 1023 1635 1064 Quo

210 1076 307 1100 nuuc
331 1069 401 1100 iter
427 1070 477 1101 est
502 1069 592 1101 libi?
632 1066 805 1111 Aldinae,
832 1069 1048 1109 Persequar.
1098 1070 1196 1102 Hinc
1221 1070 1450 1110 quonlibi?

1498 1067 1634 1110 LCtF.)

1446 1207 1489 1211 —
1527 1188 1691 1221 Domitio

947 1234 1153 1276 auriculas]
1169 1234 1278 1278 quasi
1296 1234 1467 1268 dixisset:
1496 1235 1682 1277 „misellas

946 1291 1048 1315 meas
1074 1282 1219 1315 aures.“
1245 1281 1422 1316 Ridiculo
1440 1282 1510 1316 hoc
1527 1292 1682 1326 prover-

946 1327 1008 1362 bio
1045 1328 1247 1363 utebantur
1279 1330 1354 1363 iam
1389 1329 1538 1363 Graeci.
1585 1329 1682 1363 Plat.

947 1375 992 1409 de
1029 1374 1124 1420 Rep.
1164 1378 1217 1410 10.
1250 1387 1287 1420 p.
1322 1378 1401 1410 613.
1436 1375 1487 1410 C·
1528 1373 1573 1408 τὸ
1609 1375 1689 1418 μὲν·

948 1422 1098 1469 πρῶτον
1115 1420 1237 1466 ὀξέως
1252 1421 1503 1467 ἀποπηδῶσιν
1524 1422 1579 1466 (οἱ
1593 1421 1683 1470 δρο-

946 1470 1056 1512 ιιεῖς),
1082 1470 1324 1516 τελευτῶντες
1340 1470 1380 1504 δὲ
1404 1470 1682 1527 καταγέλαστοι

947 1519 1160 1572 γίγνονται,
1198 1515 1245 1551 τὰ
1277 1517 1356 1551 caza
1380 1518 1443 1551 ἐπὶ
1467 1517 1542 1551 τῶν
1567 1514 1682 1561 ὤμων

947 1561 1100 1606 ἔχοντες
1124 1566 1189 1597 καὶ
1221 1561 1489 1606 ἀστεφάνωτοι
1518 1563 1683 1611 ἀποτρέ-

946 1623 1090 1653 χοντες.
1118 1631 1160 1635 -—
1186 1614 1335 1652 iniquae
1359 1612 1507 1655 mentis]
1542 1613 1690 1654 „iratus

947 1659 987 1691 in
1013 1659 1219 1693 mulionem
1245 1658 1612 1694 immisericordem.“
1636 1678 1680 1683 —

946 1706 1068 1748 subiit]
1095 1706 1227 1740 ultima
1251 1707 1436 1751 producta
1451 1709 1605 1751 propter
1622 1717 1690 1741 ar-

949 1753 1008 1787 sin
1041 1754 1080 1786 in
1116 1764 1292 1796 caesura,
1325 1756 1368 1787 ut
1393 1753 1499 1787 Ovid.
1535 1753 1623 1788 Met.
1651 1757 1689 1797 1,,

950 1802 1035 1833 114:
1077 1802 1187 1833 subiit
1223 1803 1402 1842 arqentea
1438 1802 1574 1843 proles.
1623 1801 1682 1835 Ad

948 1858 1058 1881 usum
1096 1859 1129 1881 v.
1166 1849 1288 1881 subire
1332 1849 1399 1882 cfr.
1439 1848 1546 1894 Virg.
1586 1848 1681 1882 Aen.

946 1897 979 1937 4,
997 1896 1085 1928 599:
1114 1896 1228 1937 Quem
1247 1897 1398 1929 subiisse
1423 1897 1582 1930 humeris
1599 1904 1682 1929 con-

946 1943 1079 1983 sectum
1112 1945 1233 1976 aetate
1263 1945 1466 1984 parentem.
1517 1943 1578 1976 Sic
1617 1942 1681 1976 Gr.

948 1986 1134 2022 ὑποδῦναι
1156 1985 1291 2031 ἄχθος.

994 2039 1113 2070 22-27.
1138 2038 1177 2071 Si
1201 2039 1286 2070 bene
1302 2046 1359 2070 me
1383 2037 1482 2080 novi]
1509 2036 1572 2079 „Si
1598 2048 1687 2071 sum-

945 2084 1097 2118 virtutis
1121 2085 1298 2129 propriae
1324 2084 1484 2118 idoneus
1510 2085 1683 2118 aestima-

946 2132 1037 2165 tor.“
1087 2132 1200 2165 IAHN.
1250 2131 1324 2166 Cfr.
1372 2131 1467 2176 Epp.
1496 2133 1532 2173 1,
1561 2133 1621 2174 18,
1649 2134 1682 2165 1.

946 2178 1052 2212 Ovid.
1078 2178 1225 2213 Metam.
1254 2181 1308 2222 14,
1335 2180 1415 2212 355.
1442 2178 1568 2212 Circe:
1598 2180 1683 2212 Non

946 2228 1070 2260 lameri
1096 2228 1260 2268 effuaies,
1286 2229 1391 2260 vento
1416 2227 1568 2267 rapiare
1596 2227 1680 2259 lice-

947 2274 1015 2315 bit,
1056 2275 1094 2307 Si
1126 2275 1230 2306 modo
1263 2281 1319 2306 me
1353 2274 1438 2306 navi
1471 2275 1540 2306 cet.
1589 2272 1680 2307 Est:

948 2320 1009 2362 „Si
1035 2321 1131 2354 bene
1156 2331 1215 2354 me
1241 2320 1340 2362 novi,
1367 2322 1408 2353 ut
1425 2330 1556 2363 reapse
1582 2319 1680 2353 bene

945 2379 1003 2402 me
1029 2367 1151 2401 novi.“
1179 2386 1223 2391 —
1252 2367 1413 2410 Viscum]
1451 2366 1588 2400 Vibius
1614 2366 1680 2399 Vi-

947 2425 1033 2448 scus
1068 2425 1184 2459 eques
1216 2413 1284 2448 Ro.
1311 2413 1407 2448 duos
1439 2413 1536 2447 filios
1572 2424 1680 2447 sena·

946 2462 1033 2495 torii
1052 2462 1194 2496 ordinis
1211 2461 1383 2503 habebat,
1406 2471 1567 2505 quorum
1585 2460 1685 2494 alter

944 2508 1095 2543 Horatii
1118 2508 1261 2543 amicus
1285 2511 1322 2542 et
1337 2507 1565 2542 Maecenatis
1591 2517 1680 2541 con-

945 2556 1064 2590 victor
1096 2555 1180 2590 fuit.
1231 2554 1305 2589 cfr.
1340 2555 1414 2588 Sat.
1443 2558 1482 2597 1,
1517 2557 1582 2597 10,
1615 2556 1686 2588 831,

948 2605 1035 2637 haec
1060 2605 1202 2636 utinam
1222 2604 1406 2637 Viscorum
1432 2603 1555 2635 laudet
1579 2604 1679 2635 uter-

946 2653 1034 2691 que!
1058 2668 1105 2675 —
1132 2650 1302 2692 Varium]
1339 2648 1424 2682 Vid.
1457 2648 1504 2683 ad
1539 2647 1613 2682 Sat.
1649 2650 1687 2690 1,,

947 2700 988 2740 5,
1013 2700 1070 2731 40.
1098 2717 1141 2722 -
1165 2696 1312 2739 plures]
1349 2695 1448 2730 Ecce
1479 2695 1574 2730 alter
1600 2695 1680 2729 Gri-

946 1189 1144 1229 praeterea
1180 1197 1256 1221 11011
1283 1198 1312 1221 s.
1346 1188 1404 1232 p.“
