1786 2912
696 132 791 166 Lm.
814 131 863 166 11.

911 130 1015 166 SAT.
1039 130 1088 165 Π.
1565 130 1647 171 143

254 235 322 278 Ne
350 234 510 277 biberis
542 233 689 276 diluta.
735 231 860 274 Foris
892 235 958 274 est
988 244 1183 287 promus,
1216 233 1259 272 et
1289 233 1429 272 atrum

254 305 503 348 Defendens
533 304 674 360 pisces
706 303 868 345 hiemat
900 315 1040 344 mare:
1075 314 1171 342 cum
1202 300 1292 342 sale
1322 300 1446 356 panis

255 375 506 418 Latrantem
536 373 801 417 stomachum
832 373 942 415 bene
973 371 1118 414 leniet.
1158 370 1281 413 Unde
1312 374 1438 426 putas
1470 375 1542 412 aut

258 445 342 494 Qui
371 445 572 502 partum?
602 445 699 486 Non
730 444 775 485 in
806 457 903 485 caro
935 442 1083 485 nidore
1114 441 1310 498 voluptas

259 515 452 570 Summa,
485 515 562 558 sed
591 516 636 557 in
667 519 711 557 te
741 515 836 571 ipsc
868 517 946 556 est.
991 513 1059 554 Tu
1090 512 1375 568 pulmentaria
1406 525 1563 567 quaere
1595 511 1651 552 20

259 586 479 640 Sudand03
511 587 715 642 pinguem
744 585 861 627 vitiis
894 584 1122 639 albumque
1154 597 1293 638 neque
1325 586 1466 624 ostrea

257 657 349 699 Nec
379 671 524 699 scarus
557 660 630 699 aut
659 656 817 712 poterit
847 654 1077 711 peregrina
1105 654 1252 696 iuvare
1282 653 1434 709 lagois.

260 727 348 769 Vix
376 732 520 770 tamen
550 727 748 783 eripiam,
782 726 921 782 posito
952 739 1119 781 pavone
1150 724 1256 767 velis
1289 724 1391 780 quin

141 857 336 898 cesimum,
369 857 513 898 vinum,
548 857 646 897 quod
675 856 873 889 vetustissi-

142 911 263 943 mum;
286 905 382 937 unde
401 905 451 936 est
470 906 502 936 et
518 903 614 936 illud
627 903 871 944 proverbium,

143 958 215 991 quo
250 952 406 983 utuntur
446 951 614 992 aulones,
656 950 873 990 mulsum,

143 998 258 1038 quod
274 998 411 1038 probe
435 999 668 1038 temperes,
691 998 875 1030 miscen-

142 1044 245 1077 dum
278 1053 375 1077 esse
407 1053 524 1077 novo
556 1045 798 1085 Hymettia
834 1046 873 1076 et

142 1092 304 1124 vetulo
336 1092 552 1124 Falerno.
604 1090 710 1124 Conf.
740 1090 815 1124 Sat.
841 1092 874 1132 2,

143 1139 177 1179 4,
203 1139 259 1171 24.
284 1156 332 1161 —
354 1139 459 1171 Foris
485 1141 535 1172 est
568 1138 652 1181 cet.]
685 1137 875 1180 „Quando

143 1184 250 1218 abest
284 1195 439 1229 promus
477 1184 621 1219 condus
634 1210 643 1227 ‚
687 1185 875 1226 cellarius,

143 1231 239 1266 audeo
255 1235 298 1266 ut
313 1232 489 1266 meliores
507 1232 611 1266 cibos
624 1232 693 1266 tibi
712 1243 758 1266 ex
773 1242 875 1276 penu

144 1289 316 1322 promere
332 1279 393 1313 vel
410 1279 585 1313 obsonari
611 1280 809 1324 nequeat.“
832 1298 874 1302 -

147 1326 285 1368 atrum]
310 1328 352 1359 ut
369 1325 438 1359 Od.
465 1327 498 1368 3,
524 1327 580 1367 27,
609 1328 670 1359 18:
697 1329 780 1359 ater
796 1327 876 1358 Ha·

146 1372 252 1405 driae
268 1391 283 1398 -
298 1374 410 1405 sinus.
434 1389 483 1396 ——
505 1374 711 1413 Defendens
739 1372 875 1414 pisces]

149 1428 273 1460 „mare
306 1418 468 1463 agitatur
493 1419 691 1463 procellis,
723 1422 876 1463 propter

147 1475 243 1509 quas
275 1476 385 1500 nemo
419 1476 522 1499 nunc
554 1466 693 1510 piscari
719 1466 875 1510 potest.“

148 1530 192 1535 —
203 1513 351 1556 hiemat]
362 1510 591 1556 χειμάζεται.
605 1513 749 1547 Seneca
758 1512 876 1557 Epist.

150 1560 234 1592 114:
261 1561 368 1593 Dia-it
389 1561 592 1594 Salustius:
617 1561 755 1601 aquis
781 1561 877 1593 hie-

143 1607 380 1640 mantibus.
405 1608 604 1641 Arruntius
629 1607 727 1649 (eius
754 1606 876 1649 simia)

145 1652 186 1685 in
218 1654 339 1694 primo
378 1655 471 1687 libro
514 1655 599 1687 belli
633 1655 766 1687 Punici
802 1655 854 1687 ait
868 1664 879 1686 :

146 1700 353 1741 Repente
369 1702 595 1734 hiemavit
613 1703 878 1742 tempestas.

147 1764 163 1771 -
180 1764 196 1771 -
213 1748 296 1781 Non
330 1749 460 1781 desinit
495 1749 657 1781 omnibus
693 1749 779 1781 locis
814 1749 879 1780 hoe

147 1795 298 1836 verbum
327 1796 512 1837 infulcire.
562 1794 743 1829 Similiter
773 1795 879 1828 Pers.

150 1841 184 1881 6,
209 1842 249 1874 7:
286 1842 524 1882 hibernatque
548 1850 669 1875 meum
691 1850 806 1875 mare.
835 1861 878 1865 —-

148 1864 362 1921 thrantem
373 1889 613 1931 stomachum]
623 1889 731 1923 Hom.
746 1888 878 1934 Odyss.

149 1944 194 1976 η,
229 1935 319 1968 216:
361 1933 413 1968 Οὔ
446 1932 519 1982 γάο
551 1947 587 1968 τι
620 1936 784 1982 στυγερῇ
818 1936 882 1969 ἐπι

149 1982 307 2028 γαστέρι
337 1979 518 2029 κύντερον
546 1978 651 2016 ἄλλο.
699 1982 881 2017 Horatius

148 2029 289 2061 iratum
312 2031 473 2062 ventrem
497 2032 607 2063 vocat
631 2030 706 2064 Sat.
730 2032 762 2071 2,
788 2031 821 2063 8.
847 2031 879 2062 5.

201 2123 319 2155 18-22.
347 2124 444 2156 Unde
461 2123 548 2165 cet]
574 2123 704 2165 „Unde
729 2122 883 2156 efficiet

152 2169 300 2213 acquiri
325 2170 397 2203 hoc
421 2171 549 2213 putas,
575 2172 618 2203 ut
642 2172 783 2203 tantam
809 2169 883 2202 vim

151 2218 227 2249 tam
251 2217 376 2250 tenuis
394 2219 432 2250 et
456 2216 541 2250 vilis
568 2216 674 2250 cibus
700 2215 881 2249 habeat?“

155 2263 248 2297 Wie
285 2265 378 2297 und
413 2264 565 2296 waher
599 2263 717 2296 wohl
759 2263 884 2296 haime

153 2311 266 2343 doch
289 2312 398 2343 das?
448 2309 556 2344 Voss.
583 2328 627 2333 —-
652 2311 693 2342 in
717 2318 805 2342 caro
830 2310 885 2341 ni-

153 2357 299 2399 dore]„
304 2358 344 2390 in
370 2360 476 2411 grato
495 2356 609 2390 odore
627 2358 739 2400 atque
758 2351 885 2409 ὄρεξιν

155 2403 362 2446 excitante,
399 2404 465 2448 qui
499 2414 544 2438 ex
578 2403 674 2437 cibis
707 2402 885 2447 pretiosis

156 2450 312 2484 oriturf‘
352 2429 430 2485 'Satn
457 2452 490 2493 2,
516 2452 554 2492 7,
580 2452 649 2484 38:
674 2458 806 2483 nasum
831 2451 886 2482 ni·

155 2498 246 2530 dore
275 2499 437 2539 supinor.
466 2517 508 2521 —
535 2497 611 2540 Tu]
647 2496 723 2530 Cfr.
758 2495 827 2530 Od.
855 2499 886 2538 1,

156 2545 190 2585 9,
218 2546 272 2577 16.
298 2563 341 2567 -
363 2544 628 2587 pulmentaria]
654 2554 677 2577 a
702 2554 734 2577 v.
757 2544 886 2585 pulpa,

157 2601 235 2624 non
256 2592 377 2633 pulte,
410 2590 566 2625 obsonia
590 2591 729 2636 grata-‘⁴
784 2589 887 2633 „Hoc

157 2640 279 2671 autem
318 2637 487 2672 Socrates
529 2638 672 2682 primus
710 2637 780 2678 ait,
822 2638 888 2681 qui

158 2693 243 2717 cum
266 2684 314 2718 ad
339 2687 487 2719 noctem
503 2695 623 2729 usque
650 2685 887 2728 spatiaretur,

922 855 1176 899 interrogatus
1210 864 1231 887 a
1266 853 1446 908 quodam,
1484 862 1552 886 cur
1584 852 1655 885 hoc

922 901 1074 943 faceret,
1100 900 1312 944 respondit:
1336 896 1463 941 Ὅψον
1489 895 1655 964 συνάγοι,

922 949 993 982 hoc
1028 951 1103 990 est,
1141 947 1439 981 Pulmentarium
1478 947 1654 991 quaero.

924 995 1067 1029 Senon.
1087 1014 1129 1019 —
1145 996 1319 1036 pinquem
1343 993 1455 1036 vitiis]
1484 993 1656 1037 „luxurie

924 1043 1144 1076 tumidum.“
1196 1042 1303 1076 Conf.
1344 1052 1378 1074 V.
1419 1043 1483 1075 77:
1526 1049 1656 1082 corpus

926 1093 1097 1123 onustum
1122 1090 1313 1123 Hesternis
1347 1089 1453 1122 vitiis.
1481 1107 1524 1112 —
1551 1089 1657 1121 albus

925 1137 1029 1171 color
1067 1139 1124 1171 est
1161 1136 1324 1170 hominis
1361 1135 1475 1169 vitam
1506 1135 1657 1168 mollem

925 1187 1039 1228 atque
1058 1183 1294 1217 umbratilem
1318 1182 1501 1237 degentis,
1526 1181 1659 1215 ἐσκια-

924 1227 1186 1277 τροφηκότος,
1221 1230 1282 1264 cui
1315 1227 1545 1273 ῆλιωαένος,
1579 1229 1659 1263 sole

926 1278 1095 1319 adustus,
1122 1277 1338 1331 opponitur.
1373 1276 1517 1310 Seneca
1541 1276 1659 1320 Epist.

928 1327 1013 1358 122:
1039 1327 1122 1358 Νοη
1145 1325 1340 1365 speciosior
1363 1325 1438 1356 illis
1465 1323 1659 1366 (luxurio-

926 1372 993 1413 sis)
1025 1380 1136 1412 quam
1159 1372 1285 1403 morbo
1309 1371 1533 1412 pallentibus
1559 1371 1660 1403 color

927 1421 997 1451 est.-
1033 1419 1198 1459 languidi
1223 1420 1256 1450 et
1283 1418 1428 1451 evanidi
1454 1418 1597 1459 albent,
1626 1419 1659 1450 et

925 1465 970 1498 ιὀῑ
978 1467 1068 1499 vivis
1082 1473 1170 1498 caro
1183 1466 1377 1498 morticina
1393 1467 1456 1497 est.
1468 1483 1510 1487 —-
1521 1463 1660 1506 ostrea]

927 1512 1166 1557 bisyllabum.
1193 1511 1302 1545 Conf.
1327 1510 1402 1545 Sat.
1422 1513 1453 1553 1,
1479 1513 1512 1553 8,
1539 1513 1596 1544 45.
1616 1529 1659 1534 -

926 1559 1068 1602 scams]
1093 1558 1211 1603 piscis
1236 1558 1440 1602 pretiosus,
1466 1558 1530 1592 sed
1555 1559 1661 1602 igno-

926 1609 998 1640 tus.
1048 1606 1402 1649 (Meerbrassen
1426 1605 1570 1647 Voss.);
1595 1605 1661 1638 alii

925 1654 1113 1695 Lt'ppfisch.
1173 1652 1247 1686 Cfr.
1284 1652 1402 1696 Epod.
1442 1654 1482 1694 2,
1521 1654 1577 1685 50.
1618 1671 1660 1675 —

929 1701 1070 1743 laucis]
1123 1699 1231 1742 „avis
1279 1699 1439 1743 leporini
1483 1698 1660 1732 coloris.“

926 1746 1077 1780 PORPH.
1125 1746 1314 1781 Fortassis
1340 1745 1469 1780 eadem
1496 1749 1552 1780 est
1578 1756 1662 1779 cum

927 1795 985 1828 avi
1011 1794 1169 1838 Alpina,
1202 1804 1299 1837 quae
1324 1804 1347 1827 a
1371 1793 1496 1827 Plinio
1524 1793 1592 1834 (H.
1618 1792 1663 1826 N.

931 1844 985 1882 10,
1004 1842 1077 1882 68.)
1107 1842 1260 1882 lagopus
1285 1840 1436 1882 dicitur,
1458 1842 1662 1882 praecipuo

927 1897 1072 1930 sapore.
1098 1889 1212 1921 Pedes
1233 1889 1395 1928 leporino
1420 1888 1509 1920 villo
1535 1895 1664 1920 nomen

931 1936 964 1968 ei
988 1937 1053 1968 hoc
1077 1936 1218 1976 dedere,
1244 1937 1362 1967 cetero
1386 1935 1576 1975 candidae,
1603 1943 1660 1967 co-

932 1983 1139 2015 lumbarum
1163 1983 1426 2022 mannitudine.
1460 1981 1503 2022 (S
1510 1982 1662 2014 chnee-

929 2030 1046 2062 huhn
1082 2028 1219 2070 Voss).

980 2123 1071 2154 23—
1075 2123 1131 2154 28.
1160 2123 1228 2155 Via:
1252 2124 1374 2155 tamen
1399 2122 1551 2173 eripiam
1580 2121 1664 2163 cet.]

933 2168 1079 2212 „Aegre
1098 2170 1236 2209 tamen,
1261 2169 1351 2209 scio,
1378 2168 1547 2211 quamvis
1573 2167 1664 2201 vali-

932 2215 990 2248 dis
1016 2214 1247 2259 argumentis
1271 2225 1432 2256 usurus,
1465 2214 1503 2247 id
1537 2214 1603 2248 abs
1628 2217 1665 2248 te

934 2261 1130 2304 obtinebo,
1171 2264 1214 2295 ut
1250 2261 1421 2306 apposito
1457 2261 1499 2294 in
1535 2272 1666 2295 mensa

932 2318 1078 2353 pavone
1112 2309 1288 2354 gallinam
1322 2308 1546 2353 praeferas.“
1596 2309 1665 2342 Pa-

934 2366 1048 2389 vones
1074 2358 1198 2390 autem
1217 2355 1260 2394 Q.
1278 2356 1505 2389 Hortensius
1522 2355 1666 2399 primus

934 2402 975 2436 in
1000 2403 1141 2436 mensis
1165 2413 1357 2447 apponere
1384 2403 1514 2436 docuit
1530 2402 1666 2435 Roma-

934 2459 1016 2483 nos.
1067 2449 1144 2483 Cfr.
1170 2449 1245 2483 Sat.
1274 2453 1305 2492 1,
1332 2452 1365 2491 2,
1394 2452 1471 2483 116.
1515 2449 1593 2482 Cic.
1620 2448 1667 2482 ad

934 2496 1035 2529 Fam.
1069 2499 1110 2538 9,
1145 2498 1208 2539 20,
1243 2498 1283 2530 2:
1332 2499 1400 2530 Sed
1431 2498 1513 2529 vide
1552 2497 1668 2528 auda-

936 2545 1050 2576 ciam:
1098 2545 1208 2576 etiam
1244 2544 1370 2576 Hirtio
1415 2552 1541 2576 cenam
1587 2543 1670 2574 dedi

934 2591 1011 2622 sine
1034 2599 1189 2632 pavone.
1228 2590 1353 2624 Verbo
1377 2598 1512 2631 ponere
1539 2588 1667 2622 eadem

938 2647 1012 2681 qua
1053 2637 1114 2670 hic
1161 2637 1437 2682 significatione
1479 2645 1571 2668 usus
1614 2638 1670 2669 est

937 2685 1049 2728 poeta
1081 2684 1192 2718 etiam
1226 2683 1302 2718 Sat.
1335 2685 1374 2724 2,
1406 2685 1447 2723 4,
1482 2685 1535 2715 14.
1572 2684 1610 2723 2,
1636 2685 1668 2723 6,
