1786 2912
668 147 764 183 m.
786 147 817 183 1.
865 147 968 182 SAT.
991 147 1060 182 m.
1419 147 1423 150 ’
1564 145 1621 186 39

226 249 364 301 Sanos
392 250 571 294 dicatur.
617 248 788 298 Quanto
818 248 901 291 hoc
929 247 1132 290 furiosius
1162 251 1293 302 atque

224 321 365 364 Maius
394 325 617 378 peecatum
646 323 737 363 eet:
767 318 966 362 Paulum-
981 318 1164 374 deliquit
1191 317 1374 370 amicus,

228 391 355 440 Quod
383 391 470 434 nisi
499 391 728 444 concedas,
758 389 946 432 habeare
975 389 1189 442 insuavis,
1220 388 1424 431 acerbus:
1567 387 1624 428 85

183 494 185 496 -
229 461 371 504 Odisti
401 466 446 505 et
475 461 611 518 fugis,
641 466 690 503 ut
717 460 939 503 Rusonem
969 459 1139 503 debitor
1167 459 1300 512 aeris,

230 531 315 581 Qui
344 532 451 586 nisi,
481 546 578 574 cum
609 532 755 574 tristes
785 531 943 574 misero
972 544 1132 573 venere
1161 529 1403 582 Kalendae,

227 602 470 656 Eexeedem
501 607 576 645 aut
603 616 799 644 nummos
829 601 946 644 unde
973 600 1089 643 unde
1119 601 1323 653 extricat,
1355 612 1522 642 amaras

233 672 438 716 Porrecto
468 674 616 729 iugulo
646 673 849 715 historias
878 672 1071 728 captivus
1102 676 1151 712 ιιι
1180 670 1313 713 audit.

233 743 497 786 Oomminxit
526 745 685 786 lectum
714 748 842 800 potus
872 757 1075 785 mensave
1108 741 1298 784 catillum
1572 741 1631 781 90

230 813 423 857 Euandri
453 813 650 857 manibus
680 814 829 855 tritum
858 813 1037 856 deiecit:
1070 812 1125 855 ob
1157 812 1267 854 hanc
1296 826 1388 855 rem

209 914 266 947 85.
300 914 396 956 Quoi
426 914 498 947 nist·
529 913 694 947 malebat
716 913 924 948 Bentleius.
949 931 997 937 -—
1023 913 1182 946 habeare
1213 913 1400 945 insum-iu
1431 913 1585 945 acerbus

164 961 280 994 Odisti
316 970 401 994 oum
433 959 607 995 Bentleio
638 959 743 994 FnJ.
775 979 818 984 —
854 962 910 993 86.
943 961 1150 994 Drusonem
1183 958 1242 994 Lt.
1266 978 1312 983 —
1347 963 1403 993 91.
1436 958 1586 1002 tritam]

162 1010 298 1042 tortam
323 1006 412 1041 God.

163 1054 235 1098 ais,
265 1053 439 1089 Bentleio
463 1054 666 1099 probante3

163 1104 274 1136 notae
299 1101 522 1146 sequioris.⁸

115 1212 212 1244 mus.
261 1200 359 1236 Saue
392 1201 634 1236 statuendum
665 1204 724 1236 est
747 1201 850 1236 hune

116 1247 332 1283 Labeonem
348 1248 555 1283 etiamtunc
573 1250 746 1283 iuvenem
759 1258 849 1283 nec·

117 1294 208 1330 dum
216 1295 389 1330 doctrina
400 1295 533 1330 aliisve
545 1296 690 1330 meritis
706 1296 849 1330 clarum

118 1342 324 1387 aliquando
348 1346 503 1387 propter
522 1344 645 1377 levius
669 1343 850 1377 delictum

121 1399 269 1423 sermm
300 1389 394 1424 adeo
428 1400 558 1424 severe
593 1390 773 1434 punisse,
810 1393 852 1423 ut

120 1446 241 1480 prope
263 1446 333 1480 pro
358 1439 483 1470 mente
501 1439 609 1480 capto
634 1435 850 1470 haberetur.

121 1481 285 1516 Bentleii
308 1484 489 1516 Labienus
522 1486 580 1517 est
611 1484 740 1517 rhetor
773 1483 852 1526 ille,

122 1529 188 1574 qui
210 1529 375 1575 Augnti
408 1532 576 1574 tempore
608 1533 764 1575 propter
796 1530 853 1564 di-

123 1576 318 1612 eaeitatem
380 1577 567 1611 Rabienus
636 1577 852 1611 vocabatur.

122 1623 267 1658 Seneca
291 1623 468 1658 Controv.
493 1625 528 1657 5.
551 1624 739 1658 Praef.-—
757 1626 853 1658 ἐπιει-

120 1670 246 1714 sanes]
272 1671 396 1716 ,apud
421 1680 546 1713 sanos,
559 1674 594 1706 ‘a
618 1671 756 1708 sanis.“

170 1719 290 1752 83-89.
324 1717 489 1760 „Quodsi
522 1718 658 1753 insane
691 1722 852 1753 tractare

122 1775 322 1809 possumus
339 1765 399 1799 vel
415 1775 558 1807 servos,
574 1767 615 1799 in
634 1777 741 1810 quos,
766 1777 850 1800 cum

123 1812 245 1847 nostri
270 1812 365 1853 sint,
396 1812 586 1857 quidlibet
608 1823 726 1858 prope
751 1814 853 1854 licet,

124 1862 265 1904 quanto
289 1860 408 1894 maior
433 1863 491 1893 est
515 1860 683 1902 insania,
709 1861 742 1894 si
766 1871 853 1904 pro-

122 1909 208 1951 pter
231 1917 294 1941 rea
318 1907 465 1940 nullius
497 1908 675 1941 momenti
701 1908 854 1952 capitali

125 1953 212 1988 odio
227 1954 493 1998 persequimur
509 1955 692 1989 amieos2⁴⁵
713 1974 756 1978 —
774 1954 855 1998 hoc]

127 2000 258 2055 „quod
282 2002 407 2034 statim
438 2000 594 2035 dicans
643 2001 711 2035 Est
734 2002 854 2035 nomi-

126 2047 296 2090 nativus,
328 2058 404 2082 non
438 2048 637 2082 ablativus.
665 2068 707 2072 -—
743 2049 855 2093 Seqq.

127 2094 182 2128 sio
206 2094 434 2137 ordinanda,
468 2099 511 2129 ut
534 2106 591 2129 vv.
616 2097 774 2130 Paulum
797 2097 857 2129 ἀε-
901 2097 1068 2138 perlecta
1110 2098 1345 2138 „Desinmw‘

130 2141 235 2181 liqna
259 2143 397 2175 anticus
421 2153 491 2186 pro
524 2143 668 2186 protasi
693 2143 857 2177 habean-

128 2190 208 2222 tur:
243 2188 331 2230 „ubi
366 2200 403 2232 p.
435 2189 472 2222 d.
497 2191 566 2231 a.“,
599 2200 655 2223 vv.
690 2191 858 2231 Quod--

128 2236 280 2269 acerbus
317 2235 443 2279 (quod
478 2236 556 2269 nisi
593 2236 784 2271 condones
822 2240 861 2271 et

127 2282 320 2327 ignoscas,
353 2282 488 2316 merito
513 2286 551 2316 te
584 2293 713 2317 omnes
739 2284 859 2317 nomi-

128 2329 275 2363 nabunt
289 2329 566 2364 intractabilem
591 2334 629 2364 et
653 2331 859 2373 morosum)

128 2386 198 2420 pro
215 2377 447 2420 parenthesi,
466 2378 582 2410 odisti
598 2380 668 2411 cet.
686 2389 755 2422 pro
772 2388 861 2422 apo·

130 2423 225 2456 desi.
243 2442 287 2447 ——
305 2425 479 2467 insuavis,
496 2424 661 2467 acerbus]
678 2424 735 2458 De
751 2436 861 2470 asyn-

130 2469 217 2504 deto
231 2470 332 2504 conf.
344 2481 378 2504 v.
392 2473 448 2504 58
459 2490 502 2494 -
518 2472 748 2515 Rusonem]„
752 2471 863 2506 Oeta.

132 2517 217 2550 vius
232 2516 337 2551 Ruso
355 2519 515 2552 acerbus
531 2518 722 2552 fenerator
739 2519 861 2553 fuisse

132 2562 315 2606 traditan
352 2564 452 2598 idem
489 2565 650 2609 scriptor
688 2566 863 2600 historia-

436 1007 581 1053 Regius
606 1010 645 1042 et
669 1019 693 1042 a
715 1017 830 1041 manu
855 1007 1023 1041 secunda
1047 1006 1174 1041 Codex
1197 1006 1294 1040 alter
1317 1005 1585 1051 Magdalenen-

698 1055 882 1096 sculptam
913 1053 1002 1088 Cod.
1029 1053 1122 1088 Goll.
1148 1053 1254 1087 Triu.

1289 1057 1349 1097 ,ει
1380 1054 1515 1087 aetatis
1548 1058 1587 1087 et

898 1204 996 1244 sent,
1021 1201 1131 1245 quasi
1149 1202 1268 1235 coacti
1294 1204 1406 1235 erant
1421 1201 1520 1235 tristi
1537 1201 1636 1234 reci-

897 1248 1033 1282 tationi
1046 1248 1190 1289 adesse,
1204 1259 1252 1282 ne
1265 1247 1372 1288 illum
1387 1247 1635 1282 offenderent.

900 1315 943 1319 —
955 1295 1163 1338 Kalendae]
1178 1295 1255 1329 Cfr.
1268 1295 1387 1339 Epod.
1402 1297 1435 1336 2,
1453 1297 1499 1328 69
1516 1305 1573 1339 sq.
1586 1312 1637 1319 -

898 1343 1103 1377 Mercedem
1115 1345 1181 1375 aut
1195 1342 1413 1384 nummosJ„
1417 1352 1555 1376 usuras
1568 1343 1638 1375 aut

900 1390 1073 1423 sortem!
1091 1408 1139 1412 —
1157 1390 1253 1422 unde
1270 1389 1381 1432 ande]
1402 1399 1472 1433 pro
1492 1388 1639 1431 „unde-

901 1438 1075 1481 eunque⁴⁶
1101 1436 1258 1470 meliore
1283 1440 1405 1470 aetate
1429 1436 1530 1480 apud
1546 1437 1638 1480 poe-

901 1486 958 1518 tas
989 1482 1199 1519 dumtaxat
1246 1484 1457 1528 reperitur,
1510 1484 1639 1516 ιιὺκιῠί

900 1530 1013 1564 etiam
1029 1530 1131 1574 apud
1148 1530 1382 1564 Ciceronem.
1395 1548 1444 1554 —-
1458 1531 1637 1564 Porrecto

899 1576 1043 1620 iaculo]
1060 1577 1170 1621 quasi
1189 1577 1340 1621 captivi,
1363 1577 1506 1621 quibus
1523 1579 1639 1622 eaput

900 1628 1147 1659 truncatur-us
1184 1628 1243 1658 est
1279 1625 1410 1658 victor.
1445 1644 1488 1648 —
1525 1625 1638 1658 histo·

900 1671 992 1715 rias]
1016 1671 1098 1706 Hoc
1115 1671 1314 1716 significat,
1338 1671 1533 1706 Rusonem
1550 1682 1639 1716 pee-

902 1719 1037 1753 simum
1054 1719 1276 1763 scriptorem
1301 1719 1527 1753 historicum
1544 1729 1639 1753 suae

901 1766 1035 1800 aetatis
1059 1765 1189 1800 fuisse.
1215 1766 1303 1808 (Qui
1331 1768 1502 1800 historias
1521 1766 1641 1811 expli-

903 1816 1039 1847 carunt
1080 1814 1137 1847 vel
1181 1813 1383 1854 „fabellas“
1422 1814 1483 1847 vel
1525 1824 1639 1855 „oon-

901 1861 1037 1902 vicia“,
1078 1871 1155 1894 non
1195 1861 1447 1894 meminerant
1492 1861 1640 1905 lepidae

902 1907 1212 1942 narratiunculae
1236 1908 1338 1952 apud
1364 1907 1545 1942 Senecam
1570 1907 1639 1952 Ep.

904 1957 975 1988 95:
1003 1957 1192 1988 Recitator
1215 1957 1426 1988 Historiam
1457 1957 1640 1997 iuuentem

904 2003 1040 2044 attulit,
1064 2004 1304 2036 minutissime
1319 2004 1506 2044 scriptam,
1531 2004 1640 2035 artis-

903 2051 993 2083 sime
1030 2050 1229 2091 plicatam,
1277 2053 1311 2083 et
1359 2059 1495 2090 maona
1532 2052 1642 2091 parte

1348 2122 1358 2139 ‚
1399 2099 1537 2138 inqua,
1580 2098 1643 2137 ᾖα·

906 2145 1047 2176 voltis.u
1091 2145 1349 2178 Acclamasur:
1387 2145 1558 2185 „Rei-ita,
1581 2153 1642 2177 re-

906 2192 1000 2223 cita‘*
1029 2193 1075 2224 ab
1099 2192 1165 2231 his,
1190 2193 1254 2232 qui
1271 2192 1378 2224 illum
1394 2193 1642 2224 obmutescere

907 2238 1008 2270 illico
1025 2239 1203 2279 cupiunt.)
1219 2256 1261 2261 —
1278 2238 1399 2281 audit]
1416 2237 1530 2271 Hunc
1545 2238 1643 2272 reei-

908 2283 1014 2318 tandi
1055 2295 1195 2318 morem
1244 2285 1446 2319 induxerat
1482 2284 1652 2327 Asinius

907 2331 1043 2365 Pollio.
1090 2333 1338 2366 Recitator-em
1370 2334 1543 2365 acerbam
1565 2332 1644 2366 Ho-

909 2379 1028 2413 ratius
1053 2377 1235 2413 deseribit
1258 2379 1304 2413 A.
1328 2379 1370 2413 P.
1395 2381 1464 2413 474
1489 2391 1573 2424 sqq.

958 2427 1078 2459 90-95.
1109 2427 1299 2470 catillum]
1325 2426 1448 2460 Varro
1472 2426 1515 2460 L
1539 2426 1583 2459 L.
1608 2429 1644 2469 5,

914 2475 1000 2507 120:
1046 2474 1141 2507 Vasa
1164 2476 1205 2506 in
1227 2483 1355 2507 mensa
1379 2475 1542 2507 εει-ἀνία.-
1580 2451 1646 2506 ab}

908 2521 1049 2562 punem
1064 2523 1130 2554 aa!
1151 2522 1334 2555 iamlam
1346 2522 1436 2562 quia
1448 2522 1644 2563 ponebant,

913 2576 937 2600 a
974 2569 1149 2608 capiendo
1187 2568 1353 2602 catinum
1394 2569 1662 2609 nominarunt,-

133 2610 472 2645 m.“PORPnYR.
494 2611 666 2656 Isigitur
684 2613 867 2647 invitabat
914 2615 985 2646 nui
1019 2617 1116 2655 quod
1154 2616 1270 2649 Siculi
1310 2617 1432 2648 dicunt
1476 2611 1664 2655 κάτω-ον,

134 2655 325 2692 debitores
341 2658 389 2692 ad
414 2658 622 2692 audiendas
640 2670 728 2693 suas
746 2660 864 2694 histo-

135 2703 231 2738 τίω·
269 2705 334 2748 qui
368 2715 452 2738 cum
487 2705 666 2740 solvendo
700 2717 776 2740 non
808 2718 866 2741 es-

914 2662 977 2694 ubi
1016 2670 1101 2694 assa
1138 2664 1335 2704 ponebant.
1375 2680 1418 2685 —
1454 2661 1656 2704 Euandri]

917 2719 1015 2752 quo
1047 2718 1132 2742 eum
1166 2709 1336 2753 quotidie
1372 2718 1465 2742 usus
1497 2708 1547 2742 sit
1571 2708 1645 2741 iam
