1786 2912
117 169 172 210 26

621 164 830 200 HORATII
855 163 1140 199 SATIRARUM

173 268 433 325 Inspiciunt,
465 282 540 321 ne,
574 267 611 308 si
642 266 795 320 facies,
829 269 877 307 ut
909 280 1058 322 saepe,
1091 265 1246 308 decora

174 338 294 381 Molli
325 339 433 380 fulta
462 338 573 394 pede
602 341 686 391 est,
719 340 956 393 emptorem
985 336 1159 379 inducat
1189 336 1400 391 hiantem,

175 409 300 458 Quod
330 409 534 466 pulchrae
566 409 732 462 clunes,
765 408 897 450 breve
928 407 1042 463 quod
1072 411 1218 472 caput,
1251 407 1383 450 ardua
1414 408 1571 451 cervix.

173 481 270 523 Hoc
300 481 363 521 illi
393 484 532 523 recte:
566 494 620 522 ne
654 479 842 535 corporis
875 478 1037 534 optima
1065 477 1230 535 Lyncei

1581 479 1639 520 90

174 551 477 607 Contemplere
510 551 663 604 oculis,
695 550 903 606 Hypsaea
934 549 1100 611 caecior
1130 549 1224 599 illa,

175 622 297 671 Quae
326 623 441 664 mala
471 625 590 675 sunt,
624 625 806 677 spectes.

871 619 908 662 O
942 620 1062 662 crus!
1096 634 1120 661 o
1151 620 1349 663 brachia!
1381 620 1544 663 Verum

172 693 392 749 Depugis,
425 696 597 746 nasuta,
629 693 750 735 brevi
780 692 915 734 latere
948 706 997 734 ac
1027 691 1138 747 pede
1169 692 1298 748 longo
1331 695 1409 734 est.

172 764 394 806 Matronae
426 767 598 819 praeter
628 763 783 806 faciem
813 763 875 804 nil
907 777 1080 805 cernere
1112 763 1274 818 possis,

175 834 348 889 Cetera,
381 835 426 876 ni
459 834 583 877 Catia
615 838 701 887 est,
735 834 924 876 demissa
954 837 1075 876 veste
1106 834 1306 889 tegentis.

1582 834 1638 874 95

174 905 221 947 Si
252 904 480 948 interdicta
510 909 653 962 peteS,
686 905 799 947 vallo
832 904 1092 947 circumdata
1125 929 1178 933 —
1210 918 1309 946 nam
1339 908 1383 946 te

172 976 269 1018 Hoc
299 976 402 1018 facit
432 976 631 1018 insanum
665 1001 734 1029 —-,
767 976 927 1017 multae
958 976 1038 1017 tibi
1070 979 1161 1016 tum
1195 975 1383 1018 officient
1414 989 1503 1029 res,

175 1046 408 1100 Custodes,
439 1048 610 1100 lectica,
645 1047 884 1100 ciniflones,
918 1047 1153 1102 parasitae,

211 1148 268 1180 88.
295 1147 405 1180 ducat
433 1148 563 1180 contra
589 1146 708 1181 libros
733 1146 952 1189 Bentleius,
988 1146 1076 1180 coll.
1101 1146 1206 1180 Pers.
1233 1147 1266 1188 5,
1295 1147 1373 1180 176.
1400 1152 1444 1169 ss-
1471 1148 1527 1180 90.
1553 1148 1595 1179 tu

163 1195 378 1235 corporis„
395 1195 852 1236 contemplare--spectas
878 1193 1001 1227 Bentl.
1027 1194 1137 1235 coni„
1163 1193 1237 1227 nisi
1264 1193 1363 1237 quod
1382 1192 1499 1227 Codd.
1525 1193 1594 1227 ali-

163 1243 257 1285 quot
282 1241 461 1275 exhibent
487 1242 749 1283 contemplare.
786 1260 828 1264 —
862 1242 994 1282 Lyncei
1017 1239 1203 1283 B,CFMJ:
1236 1242 1387 1282 Lynceis
1413 1251 1441 1274 s.
1470 1241 1593 1274 linceis

163 1287 363 1333 bScdp‚Lt.
390 1308 433 1312 -
461 1290 518 1322 97.
545 1290 708 1330 osticium
735 1288 810 1333 Sdp
837 1291 874 1322 et
899 1298 995 1322 corr.
1022 1288 1080 1322 bc.

115 1389 158 1395 —-
185 1370 318 1414 facies]
355 1371 556 1414 „universa
581 1371 752 1416 corporis
778 1372 854 1406 for-

113 1428 185 1452 ma
190 1418 207 1436 “
228 1437 271 1442 —
297 1420 403 1452 molli
425 1420 523 1460 sulca
545 1419 651 1462 pede]
677 1419 853 1464 Intellige

114 1476 227 1500 crura
259 1466 451 1500 imbecilla
481 1469 518 1500 et
542 1467 695 1500 vitiosas
729 1477 853 1511 ungu-

113 1513 181 1547 las.
233 1512 294 1546 Sic
319 1512 493 1567 Xenoph.
520 1514 566 1547 de
599 1525 640 1547 re
668 1524 725 1557 eq.
755 1516 792 1555 1,
821 1515 852 1547 3.

115 1559 352 1594 commendat
385 1560 426 1593 in
453 1561 561 1605 equis
596 1565 730 1602 παχεῖς
763 1557 854 1594 ὄνυ-

112 1618 204 1649 χας,
238 1607 484 1652 reprehendit
514 1605 686 1650 λεπτούς.
722 1627 763 1631 —
799 1609 853 1641 in-

113 1655 239 1698 ducat]
268 1655 474 1699 „deoipiat,
509 1655 647 1689 fallat.“
677 1674 719 1679 —
749 1657 852 1689 Ματι-

113 1702 200 1746 tem]
229 1702 464 1747 „cupidum.“
506 1702 648 1736 GLOSS.
675 1721 717 1725 —
747 1704 853 1745 „Clu-

113 1758 176 1783 nes
203 1749 298 1784 dixit
323 1750 364 1783 in
390 1749 574 1784 feminino
601 1760 760 1795 genere,
787 1749 852 1784 sed

111 1797 304 1831 Iuvenalis
323 1798 395 1840 (11,
417 1798 509 1840 164.)
538 1798 594 1830 hic
612 1798 727 1830 clunis
747 1796 853 1838 dixit,

114 1844 216 1890 quod
254 1844 462 1878 tenemus.“
504 1843 600 1877 ACR.
638 1864 680 1867 —
715 1845 853 1887 ardua]

116 1891 492 1934 „hochraqend.“
520 1891 625 1936 Virg.
652 1890 718 1925 Ge.
738 1894 770 1933 3,
797 1893 852 1925 79.

114 1939 161 1974 de
188 1950 306 1983 equo:
347 1940 411 1971 Illi
436 1939 557 1972 ardua
589 1940 714 1972 cervia:
737 1939 854 1980 Arqu-

114 1989 263 2027 iumque
289 1989 417 2028 caput,
456 1987 572 2019 brevis
599 1987 703 2019 alvus
729 1987 853 2019 obesa-

114 2043 183 2074 que
218 2036 342 2076 terna,
378 2035 631 2075 Luxuriatque
658 2035 747 2067 toris
773 2036 853 2067 am·-

113 2089 254 2114 mosum
276 2083 413 2122 pectus.
434 2100 477 2104 ——
504 2091 549 2115 ne
575 2083 739 2123 corporis
766 2081 852 2123 cet.]

116 2127 202 2172 „Sic
236 2129 315 2162 noli
349 2131 390 2162 tu
428 2129 566 2162 acriter
605 2128 852 2173 contemplari

113 2177 228 2220 atque
246 2176 437 2218 admirari,
463 2186 560 2220 quae
586 2177 746 2220 pulchra
765 2178 854 2210 sunt

114 2223 155 2256 in
173 2223 345 2265 muliere,
364 2223 552 2257 caecutire
571 2223 612 2256 in
630 2223 695 2265 iis,
715 2223 853 2267 quibus

114 2269 294 2304 deformis
322 2273 389 2304 est.
395 2272 412 2288 ⁴⁴
432 2290 479 2294 ——
495 2270 640 2314 Lyncei]
667 2272 710 2303 ut
732 2271 854 2303 Achil-

117 2318 175 2359 lei,
204 2318 307 2351 Oilei.
335 2317 444 2351 Pind.
470 2317 573 2352 Nem.
602 2319 657 2360 10,
684 2319 748 2351 62:
775 2318 855 2350 κεί-

114 2375 184 2398 νου
210 2362 283 2411 γὰρ
309 2364 542 2405 επιχθονίων
561 2361 711 2398 πάντων
736 2365 854 2409 γένετ’

115 2407 302 2454 ὀξύτατον
326 2408 465 2454 ’,Όμιια
517 2411 786 2456 Cfr.Epp.1,
823 2415 854 2455 1,

116 2459 173 2492 28.
189 2478 231 2482 —
252 2460 443 2500 Hypsaea·
446 2459 528 2501 illa]
557 2459 701 2501 „Platia
727 2460 855 2501 (Plau-

115 2505 184 2547 tia)
221 2505 396 2551 Hypsaea
431 2506 588 2540 vitiosos
624 2507 752 2540 oculos
790 2507 854 2541 ha·

114 2552 247 2587 buisse
266 2553 418 2595 dicitur,
446 2564 557 2597 quam
582 2553 644 2586 hic
662 2564 786 2588 amare
813 2554 853 2587 in

115 2600 280 2634 transitu
297 2601 520 2645 percussit.“
540 2600 690 2634 Ponpn.
708 2620 751 2624 -—
773 2610 854 2634 cae-

117 2647 414 2690 ciem-spectes]
453 2647 629 2690 „omnino
663 2658 738 2681 non
773 2658 855 2692 spe-

117 2694 230 2727 ctes.“
270 2693 357 2727 Vid.
383 2693 429 2728 ad
455 2693 523 2728 Od.
551 2696 592 2737 3,
618 2696 658 2737 7,
685 2697 748 2728 21:
774 2703 855 2728 sur-

117 2741 383 2775 dior--audil.
410 2760 454 2765 —-
483 2743 512 2775 0
539 2741 635 2784 crus]
661 2744 853 2775 matronae

902 1371 1222 1415 pulcherrimum!
1296 1369 1542 1405 Philodemus
1599 1370 1641 1404 in

901 1419 1015 1452 Anth.
1052 1418 1132 1452 Pal.
1169 1418 1198 1451 I.
1236 1429 1274 1462 p.
1315 1419 1400 1452 120.
1439 1413 1641 1460 Ωποδός,

902 1477 932 1498 ω
950 1462 1112 1509 κνήμης,
1140 1477 1170 1498 ω
1187 1465 1263 1498 τῶν
1280 1461 1463 1499 ἀπόλωλα
1486 1463 1644 1507 δικαίως

902 1513 1070 1566 Μηρῶν.
1085 1532 1127 1537 -
1154 1512 1330 1568 Demqis]
1358 1513 1641 1555 (lendenlos.

902 1560 1028 1603 Voss.)
1055 1555 1158 1603 ἅπαξ
1183 1559 1224 1592 λε
1249 1557 1403 1603 όμενον.
1429 1559 1641 1593 Simonides

901 1607 1052 1662 Amorg.
1072 1609 1105 1650 7,
1131 1610 1195 1641 76:
1210 1606 1383 1663 Απυγος,
1408 1602 1641 1647 αὖτόκωλος·

901 1654 926 1687 α’
946 1651 1062 1697 τάλας
1086 1651 1198 1701 ἁνήρ,
1210 1650 1340 1696 ‘'Ooug
1364 1652 1487 1687 κακὸν
1511 1653 1642 1687 τοιοῦ-

902 1712 970 1736 τον
995 1700 1308 1746 ciyzall'gevacfl
1328 1701 1477 1744 nasuta]
1503 1703 1548 1735 ut
1571 1709 1640 1735 au·-

901 1751 1013 1792 ritus,
1053 1749 1219 1795 „grandi
1257 1759 1361 1783 naso·
1371 1748 1389 1767 ‘⁶
1434 1767 1478 1772 -—
1522 1747 1641 1791 Catia]

905 1808 1023 1841 „quae
1040 1800 1195 1841 propter
1212 1795 1538 1842 pulchritudinem
1557 1806 1642 1830 cru-

903 1855 987 1878 rum
1013 1845 1186 1890 neglecto
1217 1844 1362 1889 pudore
1387 1846 1490 1877 veste
1516 1843 1642 1877 accin-

903 1894 963 1925 cta
989 1892 1178 1926 utebatur.
1205 1891 1371 1925 --Haec
1397 1893 1521 1924 autem
1546 1889 1640 1924 adeo

902 1938 1093 1982 impudica
1118 1939 1202 1981 fuit,
1227 1941 1270 1972 ut
1294 1938 1334 1971 in
1361 1937 1453 1971 aede
1479 1937 1641 1971 Veneris

887 1986 1084 2020 ·Teatinae
1127 1986 1174 2020 ad
1216 1986 1404 2019 theatrum
1444 1984 1641 2028 Pompeia-

903 2044 1013 2075 num,
1053 2033 1155 2078 quod
1180 2033 1221 2066 in
1248 2043 1377 2076 campo
1403 2032 1495 2073 fuit,
1531 2030 1640 2064 adul-

902 2081 1041 2115 terium
1065 2090 1149 2115 cum
1167 2079 1321 2114 Valerio
1341 2079 1468 2113 Siculo
1494 2079 1640 2120 colono,

902 2128 1055 2162 tribuno
1080 2127 1218 2172 plebis,
1242 2127 1325 2162 velo
1357 2126 1521 2161 obducto
1540 2135 1640 2160 com-

902 2175 1081 2209 miserit.“
1111 2175 1240 2209 Coun.
1267 2174 1389 2213 CRUQ.

951 2224 1094 2256 98-100.
1121 2222 1304 2265 Custodes]
1333 2221 1541 2267 „spadones
1559 2231 1642 2256 eam

903 2270 1121 2314 stipantes.“
1151 2289 1194 2293 —
1223 2269 1373 2312 lectica]
1401 2280 1475 2314 qua
1507 2269 1640 2303 aulaeo

903 2319 1035 2361 operta
1058 2328 1128 2362 per
1153 2316 1268 2350 Urbis
1293 2316 1436 2361 plateas
1461 2317 1640 2361 gestatur.

903 2384 948 2388 —
975 2364 1182 2407 ciniflones]
1217 2363 1447 2406 „Oiniflones
1474 2365 1512 2397 et
1537 2362 1640 2396 cine-

903 2412 995 2446 rarii
1038 2411 1167 2446 eadem
1216 2409 1494 2455 significatione
1539 2409 1642 2454 apud

903 2461 1050 2493 veteres
1075 2458 1324 2499 habebantur,
1354 2457 1401 2491 ab
1429 2456 1554 2491 officio
1581 2467 1642 2491 ca-

903 2506 1172 2547 lamistrorum,
1199 2505 1223 2538 i.
1251 2515 1282 2539 e.
1308 2504 1499 2538 serrorum
1523 2505 1563 2537 in
1590 2503 1642 2538 ci-

903 2563 995 2587 nere
1014 2530 1371 2594 calefaciendorum,
1398 2551 1537 2596 quibus
1563 2561 1639 2585 ma-

902 2602 1034 2634 tronae
1061 2599 1220 2644 capillos
1246 2598 1502 2644 crispabant.-
1510 2596 1640 2632 -Dioti

903 2649 1028 2681 autem
1062 2648 1246 2688 ciniflones
1280 2646 1326 2681 ab
1362 2656 1425 2689 eo,
1463 2644 1566 2690 quod
1596 2645 1638 2678 in

904 2695 1068 2728 cinerem
1109 2694 1202 2728 flant
1239 2693 1285 2728 ad
1325 2694 1469 2728 ferrum
1506 2690 1641 2726 calefe-

905 2741 1115 2776 ciendum.“
1142 2741 1291 2775 Aenon.
1310 2741 1387 2774 Alii
1411 2739 1553 2774 habent
1568 2748 1640 2783 pro
