1774 2930
182 136 267 177 514

840 137 1048 173 nolum

301 236 523 294 Spondeos
554 238 732 281 stabiles
763 238 808 280 in
839 239 932 281 iura
961 243 1141 296 paterna
1169 241 1332 298 recepit

301 307 560 351 Commodus
593 313 636 352 et
666 309 856 365 patiens,
887 323 974 352 non
1003 314 1052 352 ut
1081 310 1135 354 de
1167 311 1268 355 sede
1298 306 1486 356 secunda

301 378 485 423 Cederet
515 383 590 422 aut
619 384 771 437 quarta
801 381 1027 424 socialiter.
1073 382 1159 425 Hic
1189 387 1233 426 et
1262 383 1309 425 in
1337 383 1442 427 Acci

297 449 525 493 Nobilibus
556 451 764 494 trimetris
795 456 974 508 apparet
1002 467 1123 495 rarus
1156 458 1199 496 et
1228 453 1343 496 Enni

296 521 346 564 In
378 536 550 565 scenam
580 523 734 565 missos
767 537 863 565 cum
893 538 1050 580 magno
1081 524 1271 581 pondere
1301 540 1450 569 versus

1611 528 1697 569 260

275 682 356 715 258.
389 683 473 715 Acci
506 682 656 725 bSTod,
691 682 768 717 OtF
800 686 837 717 et
861 683 1078 718 Bentleius:
1111 685 1199 718 actii
1233 685 1322 728 „vel
1355 687 1458 720 acci“
1493 686 1544 730 Β,
1576 688 1652 720 Ani

226 727 307 762 LM.
333 749 378 753 —
404 730 483 763 259.
518 732 552 763 el
575 731 685 764 Enni.
735 732 782 764 In
806 730 895 764 LCt.
922 750 967 755 —-
992 732 1073 765 259.
1100 733 1180 766 260.
1215 734 1247 766 el
1271 734 1381 767 Enni.
1431 735 1478 767 In
1505 743 1651 768 scenam

224 777 354 809 missus
370 775 539 812 Marcilio
565 780 721 812 auctore
739 777 946 812 Bentleius.
973 778 1114 821 (missos
1139 779 1239 813 clare
1263 780 1441 815 exhibent
1457 781 1650 824 BbS'rod.)

179 915 291 946 ποῖον
309 911 470 967 ἑφροίσω
496 909 607 953 τόδε,·
633 913 700 947 sed
723 914 915 958 paulatim,

178 970 255 1005 quo
305 960 456 1005 gravior
505 939 699 1003 evad’eret,
756 961 917 996 invaluit

177 1018 269 1049 mos,
295 1010 339 1041 ut
363 1007 516 1042 sedibus
534 1008 742 1052 imparibus
768 1009 913 1053 recipe-

177 1057 283 1089 retur
318 1055 431 1089 etiam
464 1055 691 1099 spondeus.“
741 1055 812 1088 Vv.
848 1067 913 1090 au-

177 1103 252 1136 tem
277 1111 352 1135 non
382 1104 437 1136 ita
459 1104 614 1145 pridem,
642 1105 684 1137 ut
709 1113 820 1148 saepe
847 1112 913 1136 nu-

173 1158 261 1192 per,
295 1149 517 1194 accipienda
549 1152 638 1184 sunt
670 1150 715 1184 de
746 1153 913 1195 tempore

176 1196 343 1239 infinito,
390 1197 492 1242 quod
525 1197 580 1239 ei,
627 1198 694 1242 qui
732 1197 914 1242 loquitur⁷

178 1254 265 1278 cum
297 1244 399 1278 omni
424 1255 515 1279 aevo
548 1247 803 1289 comparatum
828 1255 914 1289 pro-

177 1293 261 1336 pter
287 1292 592 1336 qualemcunque
617 1292 803 1326 rationem
828 1292 912 1327 bre-

177 1338 262 1373 vius
301 1350 415 1384 quam
452 1340 610 1374 fortasse
650 1339 715 1373 alii
752 1339 912 1374 videtur.

176 1386 310 1431 Aequo
345 1389 447 1421 certe
485 1387 569 1421 iure
595 1386 657 1420 hic
682 1386 831 1421 locutus
857 1390 914 1421 est

176 1433 358 1468 Horatius
415 1437 530 1478 atque
588 1433 780 1468 Lueianus
837 1434 911 1469 Pro

176 1481 312 1536 imagg.
358 1492 390 1516 c.
429 1483 491 1515 23:
534 1481 649 1515 τοῦτο
692 1479 760 1524 (τὸ
801 1480 914 1525 δημι-

177 1525 379 1586 ούργημα)
420 1528 489 1572 τὴν
527 1527 572 1562 οὐ
598 1530 711 1562 ανίαν
740 1527 831 1610 Ἀφ
833 1528 913 1562 odb-

178 1586 257 1631 την,
276 1573 568 1631 ὃεποίησεΠρα
593 1575 751 1620 ιτέλης
733 1587 774 1610 εν
787 1541 912 1622 Ιένίόῳ

177 1620 229 1656 οὐ
257 1620 372 1657 πάνυ
407 1623 590 1657 πολλῶν
620 1623 747 1665 staina,
781 1624 819 1658 id
846 1626 915 1667 est,

178 1671 329 1705 circiter
353 1671 472 1705 DXX.
521 1671 607 1716 Ipse
635 1670 709 1705 Sat.
736 1674 769 1714 2,
796 1673 829 1711 2,
855 1674 913 1706 46.

178 1719 278 1752 haud
301 1720 355 1752 ita
375 1720 520 1760 pridem
545 1721 706 1763 usurpat
730 1718 776 1752 de
802 1719 913 1753 circi-

176 1767 234 1799 ter
277 1765 429 1799 LXXX.
479 1766 602 1800 annis.
646 1785 689 1790 -
730 1768 913 1808 spondeos

176 1813 340 1856 stabiles]
359 1812 614 1857 Opponuntur
641 1813 798 1857 spondei
822 1813 914 1847 iam-

176 1859 234 1893 bis
272 1861 443 1894 motoriis
481 1863 595 1904 atque
635 1860 835 1894 celeribus.
868 1879 911 1883 —

175 1907 263 1940 iura
293 1907 477 1950 paterna]
504 1907 600 1940 Sunt
632 1906 716 1940 iura
746 1907 912 1951 singulo-

176 1965 262 1988 rum
299 1954 465 1988 filiorum
502 1955 542 1988 iu
581 1954 802 1988 universum
840 1954 912 1997 ius,

176 2001 279 2046 quod
304 2004 411 2046 pater
429 2002 507 2036 vita
524 2001 727 2036 defunctus
746 2004 912 2046 tempore

175 2049 308 2083 mortis
345 2048 518 2083 habebat.
569 2048 786 2093 „Spondeos
824 2059 913 2082 con-

177 2099 298 2131 sortes
325 2096 397 2131 sibi
422 2096 530 2138 fecit,
556 2096 784 2141 quibuscum
809 2096 913 2130 velut

178 2143 428 2178 hereditatem
466 2147 660 2188 paternam
703 2144 910 2178 cerneret.“

177 2210 220 2215 —-
258 2191 492 2234 Commodus]
533 2191 686 2234 „facilis
724 2201 769 2225 ac
806 2190 912 2225 beni-

175 2249 295 2283 gnus,
324 2249 402 2273 non
427 2241 552 2273 tamen
579 2239 650 2281 ita,
683 2241 726 2272 ut
750 2238 844 2272 item
865 2237 912 2272 de

177 2285 332 2320 sedibus
369 2286 526 2330 paribus
565 2285 755 2328 cederet3“
801 2296 912 2330 quam

176 2332 297 2378 legem
316 2344 510 2378 nunquam
534 2333 746 2378 migrarunt
763 2332 910 2367 Graeci.

178 2399 222 2403 —
247 2381 455 2423 socialiter]
489 2380 621 2425 Pergit
657 2380 698 2413 in
730 2390 912 2424 prosopo-

176 2427 288 2472 poeia
328 2427 465 2461 iambi·
518 2427 770 2470 „,Commode
819 2438 911 2472 quo-

177 2475 286 2508 modo
305 2474 427 2509 bonus
446 2475 572 2510 socius
591 2475 692 2509 socio
719 2453 911 2508 interdum

177 2522 223 2556 de
257 2522 340 2556 iure
375 2532 443 2555 suo
478 2522 646 2564 decedit,
679 2521 835 2576 aliquid
850 2533 909 2556 re-

176 2570 325 2603 mittitst‘
353 2568 590 2603 Vocabulum
614 2579 717 2603 nunc
736 2572 793 2604 est
809 2564 911 2613 ἅπαξ

177 2613 399 2660 λεγόμενον.

225 2665 425 2698 258-262.
450 2663 536 2706 Hic]
558 2663 736 2708 Plerique
762 2665 818 2697 hic
841 2674 909 2708 pro

177 2711 354 2745 adverbio
397 2711 554 2753 habent,
602 2711 668 2745 sed
709 2711 909 2745 manifesto

965 921 1022 948 est
1059 915 1272 950 subiectum
1313 926 1391 951 non
1432 917 1556 951 solum
1593 917 1696 952 verbi

964 965 1139 1005 apparet,
1173 962 1240 998 sed
1273 963 1385 998 etiam
1418 964 1523 998 verbi
1550 966 1696 1008 premit,

963 1009 1029 1043 ubi
1054 1010 1322 1045 molestissime
1349 1011 1577 1056 explicares:
1605 1013 1696 1055 „hoc

962 1056 1066 1098 loco,
1100 1058 1139 1090 in
1176 1058 1264 1092 sede
1299 1058 1465 1092 secunda
1490 1061 1528 1093 et
1553 1062 1696 1104 quarta,

958 1105 1092 1145 premit
1125 1105 1276 1138 crimine
1300 1107 1414 1139 Ennii
1443 1115 1580 1139 versus.
1629 1107 1697 1142 Est

962 1151 1098 1196 igitur:
1127 1153 1220 1194 „Hic
1236 1152 1382 1187 iambus
1401 1152 1530 1195 (etiam
1547 1153 1588 1187 in
1606 1153 1695 1188 sede

963 1198 1130 1232 secunda
1154 1201 1192 1233 et
1217 1200 1368 1243 quarta)
1394 1210 1479 1234 raro
1506 1200 1695 1245 reperitur

962 1245 1063 1290 apud
1100 1246 1266 1281 Ennium
1302 1248 1342 1280 et
1375 1246 1566 1289 Accium‚“
1610 1257 1696 1281 cum

963 1292 1098 1337 tragici
1128 1293 1256 1328 Latini
1289 1304 1469 1338 persaepe
1506 1294 1545 1328 id
1578 1305 1696 1328 unum

963 1343 1176 1382 servarent,
1219 1343 1263 1374 ut
1302 1341 1343 1374 in
1382 1343 1487 1375 sexta
1527 1345 1697 1376 maneret

961 1387 1120 1422 iambus.
1169 1387 1317 1422 Ennius
1349 1387 1447 1423 Med.
1480 1399 1516 1433 p.
1550 1390 1607 1423 52.
1633 1389 1694 1423 B.:

961 1435 1072 1477 Arqo,
1099 1444 1174 1476 qua
1197 1437 1290 1469 vecti
1306 1436 1436 1478 Arqivi
1460 1437 1588 1470 delecti
1609 1437 1694 1470 viri.

960 1481 1053 1516 Nam
1079 1485 1122 1516 ut
1155 1482 1385 1517 choliambos
1420 1485 1458 1517 et
1481 1483 1577 1517 miro
1604 1493 1695 1518 casu

962 1530 1075 1563 simul
1115 1530 1352 1565 hexametros
1393 1530 1564 1565 facerent
1604 1531 1694 1565 huic

960 1576 1136 1611 Enniano
1178 1577 1344 1612 similes:
1395 1579 1493 1612 cives
1532 1579 1696 1612 Romam·

963 1626 1049 1658 tunc
1104 1626 1195 1666 sacti
1251 1628 1336 1659 sunt
1384 1626 1588 1667 Campani:
1649 1636 1693 1660 eo

962 1682 1085 1716 usque
1142 1672 1319 1706 licentiae
1376 1672 1567 1718 progressi
1617 1683 1693 1706 non

963 1721 1063 1753 sunt.
1112 1719 1238 1753 Verba
1269 1719 1387 1765 igitur
1417 1730 1474 1753 vir.
1507 1721 1587 1754 258.
1613 1720 1692 1753 259.

961 1765 1015 1800 ita
1039 1766 1289 1810 interpretor:
1317 1766 1488 1808 „Iambus
1514 1765 1554 1799 in
1580 1765 1693 1799 Ennii

961 1815 1076 1856 atque
1100 1813 1208 1846 Accii
1241 1812 1421 1846 trimetris
1454 1815 1612 1857 apparet
1635 1823 1694 1846 ra-

961 1870 1027 1893 rus
1075 1862 1188 1904 atque
1243 1861 1445 1904 propterea
1493 1860 1692 1904 utriusque

960 1908 1092 1950 poetae
1126 1906 1287 1941 trimetri
1320 1907 1454 1941 merito
1485 1907 1527 1940 in
1564 1918 1692 1951 repre-

959 1953 1183 1988 hensionem
1208 1954 1446 1988 incurrunt.“
1475 1973 1519 1978 —
1545 1955 1661 1988 Acci-
1677 1972 1693 1979 -

960 2001 1079 2045 Enni]
1115 2000 1190 2035 cfr.
1215 2001 1310 2046 Epp.
1337 2003 1378 2043 2,
1413 2003 1452 2044 1,
1483 2003 1539 2036 50.
1565 2003 1622 2035 56.
1650 2021 1691 2026 —

961 2048 1173 2092 Nobilibus]
1210 2059 1335 2093 „quos
1369 2048 1490 2083 nostri
1514 2049 1693 2093 aequales
1759 2053 1762 2054 ’

962 2098 1158 2140 tantopere
1196 2096 1375 2130 admirari
1413 2096 1576 2139 solent;“
1615 2107 1692 2130 non

962 2143 1044 2177 sine
1087 2143 1246 2188 quadam
1288 2143 1423 2177 ironia.
1462 2162 1505 2167 —-
1543 2143 1692 2187 missos]

962 2190 1079 2224 veluti
1105 2201 1125 2224 e
1150 2190 1296 2225 balista.
1346 2190 1442 2224 Nota
1471 2190 1587 2225 huius
1611 2201 1692 2224 ver-

961 2247 1027 2272 sus
1046 2238 1157 2280 (260.)
1184 2238 1355 2282 quinque
1382 2237 1581 2282 spondeos,
1607 2237 1691 2282 qui-

960 2285 1032 2319 bus
1065 2286 1213 2331 egregie
1247 2285 1416 2319 imitatur
1440 2284 1556 2318 Ennii
1582 2295 1692 2319 sena·

960 2332 1036 2366 rios
1076 2335 1231 2377 propter
1272 2332 1386 2366 huius
1427 2332 1548 2376 ipsius
1585 2331 1692 2376 pedis

957 2379 1212 2424 frequentiam
1246 2379 1358 2414 nimis
1390 2389 1523 2424 graves
1549 2389 1592 2413 ac
1618 2381 1692 2412 tar-

960 2427 1039 2461 dos.
1066 2446 1108 2450 ——
1134 2435 1215 2460 cum
1239 2435 1373 2468 maone
1398 2426 1574 2469 pondere]
1601 2425 1691 2468 „Mi-

959 2484 1032 2508 nus
1058 2474 1151 2509 scite
1170 2473 1326 2508 Codices
1351 2482 1433 2507 cum
1453 2481 1587 2515 manno
1602 2481 1691 2515 pon-

958 2523 1054 2563 dere,
1080 2521 1204 2565 inquit
1225 2521 1500 2555 Bersmannus:
1526 2530 1602 2554 non
1628 2519 1692 2553 ad-

959 2569 1071 2602 vertit
1104 2568 1252 2602 scilicet
1286 2571 1324 2602 et
1356 2567 1451 2602 alias
1485 2567 1542 2601 sic
1567 2566 1690 2600 solere

958 2615 1134 2650 Nostrum
1160 2615 1260 2658 (vide
1278 2614 1396 2649 Serm.
1416 2617 1446 2657 1,
1475 2615 1529 2656 10,
1555 2614 1627 2656 49.)
1654 2616 1692 2648 et

958 2664 1020 2697 hic
1045 2673 1220 2697 venerem
1239 2661 1424 2706 quandam
1442 2661 1483 2695 in
1506 2661 1589 2706 ipsa
1605 2671 1691 2706 pro-

958 2710 1197 2745 nuntiatione
1214 2709 1339 2743 studio
1362 2708 1570 2754 quaesitam
1587 2718 1689 2742 esse:
