1774 2930
179 140 269 181 428

652 139 860 174 ΗΟΒΑΤΠ
883 139 1232 176 EPISTOLARUM

300 240 391 282 Aut
420 254 568 282 ursum
600 244 674 283 aut
703 241 892 296 pugiles3
923 241 992 283 his
1022 255 1124 284 nam
1153 243 1378 298 plebecula
1405 244 1583 300 plaudit.

300 312 463 354 Verum
494 312 651 367 equitis
685 326 854 368 quoque
884 313 969 354 iam
990 312 1191 368 migravit
1211 314 1265 356 ab
1287 329 1390 357 aure
1409 315 1606 371 voluptas

301 383 453 426 Omnis
485 383 539 425 ad
569 383 754 425 incertos
787 383 931 426 0011100
963 387 1007 426 et
1037 384 1194 439 gaudia
1222 399 1346 428 vana.

301 454 511 502 Quattuor
543 458 618 496 aut
647 454 792 510 plures
825 455 976 497 aulaea
1005 459 1257 510 premuntur
1286 456 1332 497 in
1361 456 1508 511 horas,

298 525 415 567 Dum
443 524 614 580 fugiunt
644 526 837 581 equitum
866 529 1031 568 turmae
1053 526 1330 583 peditumque
1361 531 1580 582 catervae3
1618 529 1700 571 190

279 692 355 724 186.
381 691 515 732 qaudet
541 691 608 735 bp,
634 691 847 734 complures
872 690 1065 731 Pottierii,
1091 695 1168 726 tres
1195 691 1394 735 Schmidii,
1420 692 1514 736 LOt,
1538 692 1652 728 Bent-

227 737 337 771 leius.
365 757 408 761 —
436 739 515 771 187.
542 739 671 779 equitis
697 738 812 772 Codd.
838 739 938 781 noti,

971 738 1098 772 LOtF:
1133 741 1248 780 equiti
1270 739 1467 775 Bentleius
1493 741 1590 774 coni.
1616 744 1653 775 et

225 784 274 819 M.
302 804 345 808 —
374 787 454 819 188.
477 786 643 827 inarato-s·
669 785 865 820 Bentleius
892 786 1123 820 coniectura.

173 922 366 963 plaudere.
417 921 494 955 Csr.
534 920 578 954 A.
627 921 669 954 P.
721 923 798 955 113.
848 923 916 955 248

178 979 262 1013 sqq.
288 988 334 992 —
359 969 510 1012 ursum]
548 979 711 1012 quocum
745 972 917 1013 pugnent

177 1016 344 1050 molossi.
394 1015 476 1049 Liv.
501 1018 566 1058 44,
606 1018 660 1049 18.
712 1016 774 1049 Sic
807 1017 915 1050 Pom-

176 1064 287 1108 peius
321 1066 518 1097 sexcentos
551 1064 674 1096 mulos
700 1063 740 1096 in
768 1063 914 1108 Clytae-

173 1114 343 1144 mnestra
390 1110 541 1144 induxit
591 1110 691 1154 (Cic.
728 1110 775 1144 ad
812 1111 914 1145 Fam.

177 1159 218 1201 7,
255 1161 294 1200 1,
327 1158 402 1201 2.)‚
436 1158 632 1203 Augustus
665 1158 841 1203 tigridem
873 1159 913 1191 in

173 1215 290 1240 scena
330 1205 471 1250 populo
514 1205 696 1239 exhibuit.
742 1204 913 1247 (Sueton.

176 1252 258 1287 Oct.
285 1253 358 1295 43.)
387 1272 430 1276 —
454 1253 620 1295 puqiles]
647 1249 809 1294 πύκτας,
844 1262 915 1285 ,τυ-

174 1296 352 1344 γμάχους
384 1300 552 1334 diversos
583 1311 605 1334 a
630 1299 914 1345 gladiatoribus.

174 1347 261 1392 Ipse
287 1348 483 1393 Augustus
517 1349 691 1389 spectavit
726 1349 913 1381 studiosis-

172 1397 263 1429 sime
286 1396 478 1436 pugiles
505 1398 537 1428 et
563 1396 726 1429 maaeime
751 1396 911 1428 Latinos.

175 1441 296 1484 (Suet.
347 1442 429 1476 Oct.
455 1443 528 1484 45.)
580 1442 761 1476 Similiter
788 1445 911 1475 autem

173 1490 361 1534 Hecyram
412 1500 519 1523 suam
562 1489 619 1523 bis
662 1489 911 1523 disturbatam

172 1548 270 1579 esse,
293 1537 459 1581 primum
476 1548 498 1570 a
514 1537 748 1580 funambulo,
772 1537 912 1570 iterum

173 1596 197 1619 a
230 1584 520 1630 gladiatoribus,
563 1584 737 1629 queritur
772 1584 912 1618 Teren-

174 1632 251 1666 tius
287 1632 388 1666 Prol.
413 1632 461 1664 11.
493 1634 537 1665 25
573 1643 654 1676 sqq.
682 1651 725 1655 -—-
749 1632 911 1675 plaudit]

175 1679 306 1713 Solum
332 1680 371 1712 in
397 1679 468 1712 hac
495 1679 658 1713 lectione
684 1676 810 1713 veram
837 1679 911 1712 vim

170 1727 313 1771 accipit
349 1738 383 1760 v.
420 1728 485 1762 his.
534 1727 615 1760 Hoc
657 1727 756 1760 enim
798 1726 911 1759 dicit:

177 1775 268 1816 „His
302 1774 416 1808 rebus
450 1774 609 1807 ludicris
641 1777 756 1817 atque
787 1774 911 1806 inani-

175 1822 263 1862 bus,
302 1832 379 1854 11011
412 1832 501 1854 vero
535 1821 684 1854 fabulae
718 1820 777 1854 vel
815 1820 911 1863 opti-

172 1879 268 1910 mae,
298 1867 526 1912 applaudit.“
579 1867 719 1901 Contra
743 1868 797 1899 his
823 1875 911 1899 nam

170 1917 364 1958 plebecula
405 1917 537 1956 {laudet
580 1914 741 1948 otiosum
779 1916 837 1947 est
874 1916 911 1947 et

174 1963 311 1996 misere
336 1962 492 2007 languet
515 1972 605 2006 prae
633 1961 720 2005 i1103
746 1963 912 2005 praeter-

172 2021 221 2045 ea
258 2012 388 2044 nostra
425 2010 465 2042 in
499 2009 662 2042 lectione
707 2011 814 2053 grata
855 2010 912 2042 est

174 2057 321 2091 Latinis
335 2056 492 2090 auribus
506 2056 724 2090 allitteratio
737 2056 796 2097 ple
806 2056 910 2097 plau.

226 2107 424 2138 187—190.
478 2105 608 2137 Verum
655 2104 784 2144 equitis
826 2103 911 2146 cet]

177 2153 351 2196 „Verum,
378 2151 479 2196 quod
505 2162 595 2185 sane
613 2150 818 2184 dolendum
844 2153 913 2192 est,

173 2200 250 2244 ipsi
275 2199 334 2232 illi
361 2200 519 2243 equites,
547 2199 611 2242 qui
637 2198 826 2242 politioris
852 2197 910 2230 in-

174 2248 277 2292 genii
305 2257 386 2280 esse
414 2246 612 2287 deberent,
646 2245 720 2279 iam
747 2245 911 2279 oblecta-

173 2297 302 2328 menta
326 2304 531 2338 puerorum
559 2293 782 2338 praeferunt
807 2292 912 2326 fabu-

176 2342 258 2375 lis.“
288 2360 330 2364 —
356 2341 527 2383 incertos]
556 2350 690 2384 „vagos
717 2343 754 2373 et
779 2339 912 2372 incon-

177 2391 339 2430 stantes,
379 2389 444 2431 qui
477 2398 663 2432 nusquam
700 2387 913 2420 consistunt

176 2446 302 2480 neque
337 2435 465 2469 eadem
492 2445 533 2468 re
566 2435 631 2468 diu
664 2434 912 2475 delectantur,

174 2483 243 2517 sed
277 2482 387 2516 modo
413 2482 460 2516 ad
485 2483 575 2523 hoc,
610 2481 719 2515 modo
746 2481 792 2514 ad
818 2481 912 2514 illud

177 2541 218 2565 se
243 2530 503 2564 convertunt.“
543 2528 703 2567 Quintil.
729 2530 761 2569 8,
788 2530 821 2569 3,
848 2530 911 2562 68:

177 2579 269 2619 fuya
293 2579 453 2618 incerta,
490 2586 603 2620 „vaga
629 2579 667 2609 et
692 2575 774 2609 sine
809 2578 911 2608 certo

176 2625 336 2658 oonsilio
380 2624 521 2668 capta.“
575 2623 650 2656 Cfr.
694 2621 767 2655 Sat.
806 2625 844 2663 1,
879 2624 912 2663 3,

179 2674 265 2705 109:
302 2680 474 2705 venerem
510 2672 691 2703 incertam
728 2671 912 2710 rapientes

172 2727 276 2752 more
293 2721 470 2759 serarum.
505 2716 797 2751 Incredibilibus
825 2727 912 2750 con-

966 921 1123 956 iecturis
1174 922 1382 966 (muratos,
1430 924 1600 964 incestos,
1650 926 1699 958 ad

964 971 1120 1002 intentos
1153 971 1276 1003 oculos
1301 972 1339 1004 in
1364 979 1398 1012 q.
1423 980 1476 1013 v.,
1511 971 1560 1004 ad
1583 972 1697 1004 imo-r-

965 1019 1018 1049 los
1043 1017 1166 1049 oculos
1193 1019 1230 1049 in
1255 1027 1288 1058 a.
1312 1017 1368 1059 v.)
1404 1017 1557 1063 elegans
1583 1021 1697 1062 atque

963 1063 1132 1107 profecto
1166 1063 1401 1108 aptissimum
1426 1064 1604 1098 ἐπίθετον
1630 1066 1697 1099 011-

963 1110 1107 1144 minare
1134 1111 1259 1144 conati
1286 1113 1375 1145 sunt
1400 1110 1544 1145 Oritici.
1563 1131 1606 1135 ——
1632 1122 1698 1146 au.-

966 1159 1049 1191 laea
1064 1157 1301 1201 premuntur]
1329 1158 1405 1201 „Ea
1421 1159 1556 1193 aulaea
1581 1159 1696 1203 signi-

962 1204 1142 1247 ficantur,
1177 1215 1273 1249 quae
1303 1208 1412 1239 erant
1436 1207 1523 1240 ante
1547 1216 1697 1250 prosce-

963 1252 1066 1286 nium
1094 1255 1131 1286 et
1154 1253 1428 1294 premebantur,
1453 1252 1526 1286 1100
1552 1255 1626 1295 est,
1650 1263 1697 1287 ex

962 1299 1038 1333 alto
1064 1299 1374 1342 demittebantur,
1402 1300 1474 1342 ita,
1498 1302 1541 1334 ut
1565 1310 1715 1344 quam—-

962 1346 1026 1380 diu
1051 1346 1091 1379 in
1119 1357 1232 1380 scena
1257 1349 1444 1392 ageretur,
1467 1347 1573 1380 humi
1598 1347 1696 1382 iace-

962 1397 1065 1433 rent;
1101 1394 1332 1428 tollebantur
1357 1396 1494 1437 autem,
1527 1395 1599 1428 hoc
1625 1397 1695 1437 est,

961 1441 1001 1474 in
1027 1443 1144 1475 altum
1177 1441 1444 1483 trahebantur,
1478 1444 1520 1475 ut
1544 1452 1695 1476 scenam

962 1488 1196 1522 obducerent
1243 1488 1372 1523 fabula
1420 1488 1536 1522 finita.
1585 1489 1694 1523 Voss.

961 1536 1007 1569 ad
1035 1535 1170 1582 Georg.
1197 1538 1238 1579 3,
1272 1536 1352 1570 25.“
1402 1536 1566 1570 RmDEI..
1618 1536 1697 1579 „Si-

960 1584 1110 1627 parium
1146 1586 1290 1625 autem,
1330 1581 1523 1617 mimicum
1559 1583 1695 1626 velum,

962 1631 1186 1672 obsistebat,
1220 1630 1309 1664 dum
1342 1630 1554 1664 fabularum
1588 1633 1694 1664 actus

962 1678 1323 1712 commutabantur.“
1366 1677 1499 1712 Libell.
1516 1677 1563 1712 de
1582 1677 1692 1722 Trag.

961 1728 996 1759 et
1024 1725 1199 1759 Comoed.
1237 1736 1274 1769 p.
1310 1723 1486 1758 XXXIII.
1524 1723 1591 1758 Ed.
1624 1724 1694 1758 Te-

960 1775 1055 1805 rent.
1097 1771 1215 1805 Lond.
1259 1773 1362 1805 1820.
1420 1770 1525 1804 Conf.
1566 1770 1611 1804 A.
1652 1771 1693 1805 P.

962 1821 1040 1852 154.
1090 1818 1170 1852 Hoc
1207 1818 1324 1862 igitur
1361 1817 1471 1851 dicit:
1515 1818 1580 1860 „In
1615 1829 1694 1852 una

959 1866 1087 1899 fabula
1119 1865 1264 1910 agenda
1302 1867 1480 1909 quattuor
1513 1868 1580 1899 aut
1610 1866 1694 1909 plu-

959 1923 1020 1947 res
1053 1914 1168 1947 horae
1194 1912 1385 1946 interdum
1419 1916 1693 1946 consumuntur

959 1963 1115 2004 propter
1151 1959 1275 1994 varias
1311 1969 1467 2004 pompas
1499 1969 1693 2004 pugnasve

959 2007 1150 2051 peditatus
1189 2010 1226 2041 et
1262 2007 1454 2051 equitatus
1503 2006 1603 2049 (010.
1646 2007 1694 2041 ad

960 2055 1061 2088 Fam.
1088 2057 1128 2097 7,
1156 2054 1211 2096 1.)
1250 2054 1375 2088 oblata
1398 2054 1596 2088 occasione
1621 2054 1695 2098 ipsi

960 2102 1110 2136 fabulae
1143 2101 1346 2144 insertas,“
1380 2101 1500 2135 veluti
1533 2110 1617 2134 cum
1652 2101 1694 2134 in

962 2149 1121 2183 Troasin
1164 2148 1300 2182 Graeci
1347 2147 1525 2192 praedam
1567 2148 1696 2182 Troia-

961 2207 1049 2231 nam
1090 2196 1130 2230 in
1172 2206 1286 2230 naves
1335 2196 1605 2239 importarent,
1652 2195 1693 2229 in

960 2244 1278 2288 Epinausimache
1304 2253 1390 2276 cum
1417 2242 1592 2277 Troianis
1623 2253 1694 2287 pu-

960 2302 1071 2336 gnarn
1104 2293 1330 2335 pugnarent.
1378 2289 1421 2323 Id
1445 2292 1570 2324 autem
1601 2292 1693 2324 tem-

960 2338 1064 2382 poris
1081 2340 1277 2382 punctum,
1302 2348 1378 2381 quo
1394 2338 1522 2371 hostes
1547 2337 1694 2371 varium

960 2388 1046 2429 post
1077 2384 1263 2430 proelium
1297 2384 1445 2418 tandem
1478 2383 1611 2428 fugere
1635 2384 1699 2418 in-

962 2433 1163 2477 cipiebant,
1188 2431 1283 2465 illud
1301 2431 1420 2466 fuisse
1445 2433 1693 2465 consentane-

961 2491 1022 2513 um
1050 2482 1124 2522 est,
1156 2479 1257 2523 quod
1283 2481 1537 2522 spectatorum
1563 2477 1693 2512 oculos

961 2527 1120 2561 maxime
1152 2526 1192 2559 in
1228 2537 1266 2560 se
1299 2526 1555 2567 converteret,
1586 2524 1693 2565 adeo,

962 2577 1004 2607 ut
1028 2574 1125 2607 nihil
1151 2573 1289 2615 obstet,
1327 2569 1402 2617 quo
1427 2573 1551 2606 minus
1575 2583 1610 2605 v.
1634 2573 1693 2613 Ῑιι-

962 2623 1065 2663 qiam
1113 2620 1265 2665 proprie
1315 2619 1554 2663 explicemus.
1615 2618 1691 2652 Alii

961 2672 1084 2702 tamen
1126 2668 1443 2711 interpretantur:
1494 2665 1692 2708 „celeriter

960 2727 1027 2760 per
1062 2725 1211 2749 scenam
1243 2713 1614 2758 praeterferuntur3⁴⁴
1650 2715 1693 2746 ut
1759 2701 1774 2743 ,⁰³
