1774 2930
698 149 792 186 Ans
812 149 1039 185 PORTIGA.

1541 148 1629 190 537

229 253 291 296 Et
319 252 531 310 spondere
559 252 646 295 levi
674 265 754 308 pro
783 264 974 307 paupere
1005 253 1050 293 et
1081 249 1247 306 eripere
1278 248 1383 291 atris

228 324 402 367 Litibus
431 323 701 379 implicitum,
731 321 931 374 mirabor,
963 321 1001 363 si
1032 321 1140 363 sciet
1169 320 1301 362 inter-

229 394 418 438 Noscere
447 393 699 436 mendacem
727 406 960 448 verumque
992 391 1146 434 beatus
1177 390 1377 433 amicum.

232 466 303 508 Tu
331 479 409 508 seu
438 464 610 507 donaris
641 477 719 506 seu
749 462 851 519 quid
881 462 1039 504 donare
1072 462 1191 504 voles
1223 461 1313 513 cui,

230 536 375 579 Nolito
405 538 480 578 aut
508 548 660 577 versus
690 534 770 575 tibi
800 533 934 575 factos
968 532 1124 575 ducere
1154 531 1332 587 plenum

1543 388 1631 429 425

230 605 467 659 Laetitiae;
498 604 699 647 clamabit
731 604 845 646 enim
874 603 1084 645 Pulchre!
1116 602 1251 645 bene!
1284 602 1422 645 recte!

232 676 446 719 Pallescet
475 689 605 731 super
634 674 718 724 his,
748 675 881 716 etiam
914 673 1094 716 stillabit
1123 673 1272 715 amicis

232 746 304 789 Ex
334 747 467 789 oculis
496 760 656 798 rorem,
690 745 836 798 saliet,
867 744 1021 786 tundet
1051 743 1162 800 pede
1192 747 1365 785 terram.

1548 741 1636 782 430

232 816 309 871 Ut,
341 817 415 873 qui
445 815 643 859 conducti
675 815 845 871 plorant
874 816 920 856 in
951 814 1116 867 funere,
1148 813 1294 855 dicunt

210 947 291 979 423.
324 946 415 979 atr-‘s
439 944 598 986 BbS'l'c,
628 944 756 978 LctF:
784 945 880 977 acris
907 943 953 985 d,
978 944 1070 977 artis
1094 942 1292 977 Bentleius
1319 942 1417 976 coni.
1442 940 1588 975 firmata

162 995 298 1037 postea
330 1003 352 1026 a
375 991 548 1026 Pottierii
576 991 714 1026 Codice
750 992 807 1024 12.
833 1010 878 1014 —
905 992 987 1025 431.
1029 991 1071 1023 Ut
1105 998 1199 1031 quae
1233 990 1431 1023 conductae
1454 988 1589 1022 Kirch-

162 1050 302 1074 manno
327 1041 481 1074 auctore
505 1039 547 1073 F.

86 1198 89 1200 μ
117 1157 285 1200 ,eibum
309 1156 453 1190 lautum
479 1156 691 1190 convivium
716 1158 754 1189 et
778 1157 853 1188 ter-

117 1205 235 1238 sum.“
260 1203 383 1237 Aeno.
407 1203 575 1237 Eandem
599 1204 636 1237 h.
661 1203 685 1235 l.
711 1201 853 1247 signifi-

117 1250 305 1285 cationem
328 1250 442 1284 habet
463 1253 604 1292 unctu-5,
631 1260 740 1293 quam
757 1249 852 1293 Epp.

119 1300 160 1340 1,
186 1299 250 1340 15,
275 1300 334 1331 44.
381 1297 585 1331 Praeterea
616 1298 731 1341 iunge
755 1298 852 1329 recte

114 1352 267 1387 ponere,
291 1345 407 1385 „scite
432 1347 547 1388 atque
572 1344 765 1388 eleganter
790 1354 855 1387 ap-

116 1400 259 1436 ponere
282 1391 462 1425 fercula!
482 1410 525 1414 —
547 1391 642 1433 levi}
657 1390 746 1434 „qui
771 1390 853 1423 sine

117 1438 186 1472 tali
211 1449 393 1482 sponsore
426 1437 498 1471 fide
532 1440 679 1471 careret
710 1447 782 1470 nec
806 1436 852 1470 ab

118 1485 192 1521 810
208 1485 410 1529 pecuniam
426 1487 595 1518 mutuam
609 1494 758 1518 sumere
770 1494 855 1527 pos-

118 1532 209 1566 set.“
229 1551 274 1556 —
292 1531 398 1574 atris}
435 1533 641 1575 usurpatur
664 1531 711 1564 de
741 1530 855 1564 rebus

118 1578 304 1612 feralibus
329 1581 368 1612 et
392 1578 437 1611 de
457 1578 643 1619 omnibus,
668 1588 765 1622 quae
790 1577 856 1610 tri·

119 1625 193 1659 etia
226 1628 317 1667 sunt
346 1627 460 1669 atque
495 1624 655 1669 ingrata.
703 1624 855 1657 Dictum

118 1672 236 1717 igitar
269 1674 344 1713 est,
382 1675 425 1705 ut
455 1674 563 1705 atrae
592 1681 703 1705 curae
728 1670 797 1704 Od.
822 1674 856 1713 4,

122 1721 179 1760 11,
204 1721 279 1760 35„
308 1719 345 1752 h.
371 1719 394 1752 l.
422 1729 530 1761 „eae,
554 1729 653 1763 quae
679 1729 699 1752 e
724 1718 855 1751 litibus

121 1765 309 1808 oriuntur,
345 1765 528 1799 sollicitae
563 1765 683 1810 igitur
716 1767 754 1798 et
790 1765 857 1798 'tri-

121 1814 232 1846 stes-‘⁶
259 1831 304 1836 —-
328 1813 502 1855 mirabor,
528 1814 561 1845 st
582 1812 684 1855 sciet]
709 1811 804 1856 Epp.
824 1814 855 1854 1,

124 1860 180 1901 17,
196 1861 261 1892 26:
285 1861 463 1901 Mirabar,
481 1860 738 1892 --si-deceln't.
749 1861 857 1892 —in-

122 1906 382 1948 ter-Nascere]
400 1909 443 1939 ut
460 1906 535 1939 Sat.
554 1908 586 1947 1,
604 1908 637 1947 2,
654 1907 719 1940 62:
739 1907 857 1939 inter-

121 1953 254 1984 Est.—
266 1953 403 1995 beatus]
432 1963 608 1996 „prorsus
625 1953 857 1986 fortunatum

123 2009 165 2032 se
189 2001 370 2042 reputans
404 2002 442 2032 et
465 1999 639 2032 exultans
671 1999 858 2040 laudibus,

88 2068 91 2070 -
123 2045 264 2089 quibus
281 2045 452 2079 adulator
470 2056 556 2079 eum
569 2045 769 2078 cumulat.“
797 2045 859 2079 Sic

124 2092 172 2126 de
196 2092 375 2126 Damocle
401 2092 477 2126 Cic.
503 2091 615 2126 Tusc.
641 2094 675 2133 5,
701 2094 765 2134 21,
790 2094 859 2125 62:

123 2142 165 2172 ut
187 2140 409 2180 impenderet
434 2139 615 2184 (gladius)
640 2139 741 2171 illius
764 2140 861 2171 beati

173 2234 342 2266 426-430.
367 2234 434 2266 tien·
457 2232 588 2275 saccos]
615 2231 691 2265 cfr.
716 2232 809 2276 Epp.
828 2235 860 2274 1,

128 2281 185 2321 16,
202 2281 259 2312 25.
270 2299 313 2303 -
324 2280 495 2312 clamabit
504 2297 520 2304 -
529 2298 544 2304 -
554 2280 728 2312 Pallescet
750 2288 862 2320 super

128 2327 184 2359 his
200 2327 285 2368 cet.]
314 2326 432 2367 „Aliis
455 2326 670 2371 tragoediae
696 2328 783 2360 tuae
808 2327 862 2360 lo-

130 2372 184 2406 cis
210 2372 421 2416 splendidis
446 2375 484 2406 et
501 2372 765 2416 eloquentibus
779 2374 862 2415 pul-

129 2420 232 2452 chre!
264 2421 371 2452 bene!
402 2422 518 2452 recte!
554 2420 767 2453 acclamans
800 2431 862 2454 ve-

127 2466 322 2500 hementer
359 2465 531 2510 plaudet3
569 2475 679 2508 super
713 2469 787 2508 htx,
823 2467 863 2500 id

130 2515 206 2554 est,
240 2512 285 2546 de
318 2513 405 2546 aliis
430 2513 599 2547 eiusdem
623 2513 716 2547 locis
742 2512 864 2554 φοβε-

129 2563 230 2606 ροῒς,
266 2562 451 2593 terrorem
482 2560 726 2604 spirantibus,
762 2571 862 2594 sum-

130 2615 227 2639 mam
251 2598 430 2650 ἔκπληξιν
454 2606 570 2652 finget
603 2610 717 2651 atque
747 2607 863 2651 palle—

131 2655 227 2696 scet,
251 2657 411 2687 maestas
432 2654 687 2698 querimonias
703 2654 863 2688 audiens

131 2698 172 2730 in
198 2679 436 2734 simulatione
461 2711 506 2734 eo
531 2711 651 2745 usque
674 2701 863 2744 procedet,

900 1157 943 1187 ut
968 1154 1142 1187 lacrimas
1168 1152 1319 1195 fundat3
1357 1153 1442 1187 aliis
1475 1153 1516 1186 in
1542 1152 1638 1187 locis

901 1211 991 1245 prae
1017 1200 1264 1234 admiratione
1295 1211 1342 1234 ex
1366 1199 1543 1234 cathedra
1575 1210 1638 1234 ex-

901 1248 1021 1290 siliet3
1072 1247 1266 1282 interdum
1306 1247 1480 1281 affectum
1520 1247 1638 1292 magis

902 1294 1013 1328 etiam
1055 1295 1257 1328 excitatum
1298 1294 1482 1328 simulans
1496 1319 1505 1336 ‚
1546 1304 1637 1338 prae

902 1341 1048 1375 laetitia
1069 1341 1256 1383 saltabit,“
1282 1344 1325 1374 ut
1341 1341 1543 1385 explicavit
1563 1341 1638 1375 iam

902 1389 1121 1422 Lambinus.
1170 1388 1249 1422 Cic.
1274 1388 1320 1422 ad
1351 1389 1427 1422 Att.
1453 1391 1510 1430 16,
1534 1390 1568 1430 6,
1594 1389 1639 1421 1:

902 1436 991 1468 Hac‘
1009 1445 1120 1477 super
1144 1444 1184 1469 re
1208 1437 1366 1469 scribam
1390 1437 1439 1468 ad
1465 1438 1511 1468 te.
1552 1435 1640 1468 Vir-

902 1482 967 1527 gil.
995 1485 1033 1525 1,
1059 1484 1147 1516 750:
1182 1484 1306 1516 Multa
1339 1490 1452 1524 super
1488 1483 1639 1515 Priamo

902 1531 1087 1572 rovitam,
1118 1539 1228 1571 super
1252 1531 1409 1563 Hectore
1436 1530 1567 1562 multa.
1593 1547 1638 1553 —

903 1577 1058 1610 stillabit
1075 1576 1160 1619 cet.]
1187 1576 1231 1609 V.
1248 1577 1392 1610 stillare
1418 1586 1503 1610 cum
1527 1586 1640 1610 accu-

905 1624 1023 1657 sativo
1049 1624 1234 1668 iungitur,
1260 1626 1304 1656 ut
1326 1632 1468 1666 rorare,
1491 1625 1640 1665 sudare,

903 1679 1059 1704 manare
1086 1672 1231 1712 poetica
1259 1671 1374 1703 mella
1396 1670 1490 1715 Epp.
1520 1673 1558 1713 1,
1585 1673 1641 1713 19,

904 1719 962 1750 44.
978 1737 1024 1741 —
1039 1719 1100 1751 Ea:
1124 1719 1239 1750 oculis
1261 1717 1398 1760 rorem]
1423 1717 1531 1751 Ovid.
1551 1716 1641 1752 Met.

908 1766 962 1806 14,
985 1766 1075 1798 708:
1099 1765 1266 1798 madidas
1293 1766 1532 1798 lacrimarum
1555 1773 1642 1798 rore

905 1820 1070 1845 coronas.
1085 1830 1130 1835 —
1143 1813 1270 1845 tundet
1283 1813 1376 1852 pede
1393 1811 1547 1854 terram]
1564 1811 1640 1845 Cfr.

906 1857 976 1891 Od.
1001 1861 1033 1900 3,
1059 1861 1115 1900 18,
1142 1860 1205 1892 15:
1232 1859 1376 1892 Gaudet
1397 1860 1557 1891 invisam
1577 1868 1641 1900 pe-

902 1906 1040 1946 pulisse
1064 1907 1182 1947 fossor
1207 1906 1276 1939 Ter
1296 1907 1387 1947 pede
1411 1908 1563 1939 terram.
1608 1911 1610 1913 “

953 1954 1020 1985 431
1034 1954 1169 1986 —433.
1202 1954 1266 1993 qm·
1289 1953 1456 1985 conducti
1478 1952 1642 1995 plorant]

907 1998 1175 2042 significantur
1198 1999 1400 2043 praeficae,
1431 1999 1479 2032 de
1505 1999 1643 2043 quibus

906 2045 1060 2079 Festus:
1094 2047 1281 2087 Praetlcae
1306 2046 1486 2079 dicuntur
1512 2046 1644 2080 mulie-

907 2102 968 2125 res
985 2092 1033 2125 ad
1050 2092 1329 2126 lamentandum
1346 2095 1536 2125 mortuum
1553 2103 1643 2127 con-

908 2138 1062 2181 ductae,
1095 2150 1191 2183 quae
1215 2139 1308 2172 dant
1331 2139 1467 2173 ceteris
1491 2139 1644 2173 modum

907 2185 1135 2230 plangendi,
1176 2186 1286 2230 quasi
1326 2186 1367 2219 in
1408 2186 1479 2220 hoc
1519 2187 1644 2230 ipsum

905 2235 1125 2274 praefectae.
1169 2232 1350 2267 Naevius:
1375 2235 1481 2266 Haec
1501 2234 1646 2274 quidem

908 2280 1097 2321 mehercle,
1124 2281 1267 2321 opinor,
1288 2281 1453 2321 praefica
1470 2283 1531 2322 est,
1550 2289 1644 2321 quae

908 2328 961 2359 sic
991 2329 1178 2360 mortuum
1214 2327 1414 2360 collaudat.
1464 2326 1645 2362 Similiter

908 2373 1008 2407 Acro
1034 2376 1072 2407 et
1094 2373 1262 2416 Nonius,
1296 2374 1363 2418 qui
1394 2373 1502 2408 affert
1532 2375 1646 2409 rerba

909 2419 1049 2454 Lucilii
1082 2422 1146 2462 22,
1173 2424 1211 2454 1:
1248 2422 1410 2454 mercede
1436 2429 1531 2461 quae
1557 2423 1646 2454 Con-

911 2468 1041 2500 ductae
1067 2469 1150 2508 flent
1176 2468 1297 2500 alieno
1321 2469 1361 2500 in
1384 2469 1514 2508 sunere
1537 2476 1646 2508 prae-

911 2515 1013 2555 ficae,
1038 2515 1158 2547 Multo
1184 2517 1216 2547 et
1242 2515 1393 2555 capillos
1417 2515 1585 2547 scindunt
1612 2517 1646 2547 et

911 2561 1071 2594 clamant
1096 2562 1224 2602 mauis.
1262 2560 1410 2594 Genere
1428 2563 1553 2593 autem
1570 2571 1646 2595 ma-

912 2607 1062 2641 sculino
1078 2607 1226 2641 infinite
1244 2617 1336 2641 usus
1355 2607 1503 2640 videtur
1523 2609 1645 2651 poeta,

912 2657 954 2687 ut
974 2655 1180 2688 mutatione
1195 2664 1218 2687 a
1229 2653 1484 2687 Kirchmanno
1498 2656 1537 2687 et
1547 2653 1646 2687 Mar-

914 2699 1051 2735 klando
1076 2700 1270 2744 proposita
1294 2700 1448 2734 minime
1474 2710 1567 2744 opus
1586 2701 1647 2734 sit.
