1774 2930
655 161 748 196 LIB.
772 161 821 196 11.
868 158 1021 194 EPIST.
1045 160 1075 194 1.

1538 159 1627 202 405

230 263 319 306 Sed
346 267 445 305 tuus
476 262 547 305 liic
575 261 778 318 populus,
809 260 981 317 sapiens
1018 263 1061 302 et
1091 260 1230 302 iustus
1261 260 1308 301 in
1337 273 1442 312 uno,

231 333 297 376 Te
326 333 483 375 nostris
513 332 712 385 ducibus,
743 335 787 374 te
819 330 944 373 Grais
976 329 1272 384 anteferendo,

231 403 387 447 Cetera
415 416 685 459 nequaquam
716 402 846 444 simili
874 402 1039 444 ratione
1069 400 1280 457 modoque

1569 400 1626 441 20

229 474 444 517 Aestimat
475 477 537 527 et,
569 474 653 515 nisi
684 486 793 529 quae
822 472 948 515 terris
980 475 1145 514 semota
1174 472 1349 527 suisque

231 544 515 601 Temporibus
545 543 745 586 defuncta
774 539 910 595 videt,
942 541 1106 584 fastidit
1135 545 1179 585 et
1210 541 1320 595 odit,

232 614 304 657 Sic
332 614 473 657 fautor
501 618 716 667 veterum,
747 617 795 655 ut
825 613 992 655 tabulas
1023 626 1201 669 peccare
1232 616 1446 664 vetanteS,

232 684 348 734 Quas
378 685 446 727 bis
477 685 665 741 quinque
695 684 777 726 viri
808 687 1060 737 sanxerunt,
1093 683 1267 726 foedera
1300 696 1450 740 regum

210 834 265 866 18.
289 833 355 865 boc
379 841 400 866 e
426 830 516 864 Cod.
542 830 635 865 Coll.
662 830 766 863 Trin.
790 829 997 864 Bentleius.

111 954 169 989 cis
206 954 455 999 sapientiores
491 954 565 987 iam
600 963 702 986 nunc
742 953 842 986 ultro

113 1001 352 1046 agnoscimus
376 1000 591 1045 praeclaras
617 1003 702 1034 tuas
727 999 843 1033 virtu-

114 1051 172 1082 tes
204 1050 336 1092 teque,
368 1047 456 1081 dum
489 1047 589 1080 inter
622 1057 691 1080 nos
716 1057 842 1080 versa·

113 1094 180 1138 ris,
197 1095 459 1129 honoramus.“
475 1113 519 1118 -
531 1093 710 1136 maturos]
731 1096 843 1135 „tem-

112 1141 278 1186 pestivos
308 1142 350 1175 in
382 1141 477 1183 vita,
509 1151 586 1174 non
621 1151 725 1175 seros
758 1143 844 1184 post

113 1188 305 1222 mortem.“
322 1207 365 1212 -—
379 1188 545 1231 honores]
558 1187 779 1232 praesertim
797 1188 842 1220 li-

113 1235 298 1269 bationes.
315 1234 391 1269 Cfr.
408 1234 477 1268 Od.
491 1237 524 1277 4,
538 1236 571 1277 5,
586 1236 627 1268 31
645 1245 711 1278 sq.,
728 1236 842 1278 atque

113 1281 156 1315 in
179 1282 399 1316 univ'ersum
424 1282 469 1315 de
495 1281 690 1315 sacrificiis
707 1281 842 1326 virgil.

114 1327 209 1362 Aen.
236 1330 276 1371 1,
305 1330 392 1362 632:
426 1330 546 1362 divom
577 1329 718 1369 templis
749 1329 843 1361 indi-

115 1376 165 1408 cit
196 1376 378 1409 bonorem.
403 1394 447 1399 —
474 1376 732 1415 luranaasque
758 1374 843 1417 cet.]

119 1432 236 1466 „quas
269 1424 440 1456 tenentes
472 1432 539 1466 per
574 1424 678 1454 tuum
706 1432 844 1455 nomen

115 1468 317 1502 iuremus.“
345 1468 421 1502 Cic.
445 1479 514 1512 pro
539 1468 673 1516 Fla-cco
698 1470 755 1509 36,
780 1470 843 1502 90:

114 1517 166 1557 is,
204 1517 281 1557 mei,
317 1517 350 1548 si
385 1524 493 1548 aram
529 1517 656 1548 tenens
691 1517 844 1554 iuraret,

115 1563 278 1596 erederet
309 1571 424 1596 nemo.
475 1561 587 1596 Corn.
620 1562 714 1606 Nep.
743 1561 844 1595 Han-

114 1608 195 1643 nib.
220 1611 253 1642 2.
279 1608 432 1643 Sueton.
458 1608 586 1642 OctaV.
604 1611 672 1642 52:
699 1609 846 1650 Templa

115 1674 132 1681 ·
148 1673 164 1680 ·
180 1657 221 1689 in
243 1657 351 1689 nulla
377 1657 569 1697 provincia
592 1658 665 1689 nisi
688 1665 844 1689 commu-

115 1703 157 1735 ni
186 1711 252 1736 suo
275 1704 488 1744 Romaeque
521 1704 662 1735 nomine
696 1704 844 1744 recepit.

115 1750 213 1783 Nam
243 1750 284 1782 in
310 1751 400 1783 Urbe
425 1751 569 1790 quidem
599 1751 846 1791 pertinacissi-

115 1804 172 1830 me
197 1797 373 1830 abstinuit
388 1797 455 1830 boc
474 1798 621 1830 honore.
648 1796 709 1830 Sic
726 1797 844 1830 Inscr.

115 1853 164 1876 m.
204 1843 286 1877 Lat.
325 1843 370 1877 N.
412 1845 498 1877 606:
547 1845 731 1878 ROMAE.
772 1845 844 1877 ET.

114 1890 333 1924 AVGVSTO.
407 1891 645 1924 CAESARIS.
700 1893 746 1924 D.
804 1892 844 1924 F.

115 1937 276 1970 ΡΑΤΒΙ.
318 1938 541 1970 PATRIAE.
584 1937 758 1981 (Polae.)
799 1957 845 1962 —

116 1982 269 2025 nomen]
309 1983 361 2016 Ut
396 1983 626 2027 simplicius,
668 1985 845 2028 quoniam

118 2029 294 2063 iurabant
322 2038 390 2071 per
421 2030 574 2063 Genium
608 2032 844 2073 Caesaris,

77 2095 80 2097 Δ
119 2077 158 2108 et
189 2076 278 2119 quia
310 2075 459 2109 firmant
485 2076 642 2110 Codices
674 2078 748 2110 mei
780 2088 846 2110 an-

120 2121 341 2166 tiquissimi‚
378 2123 448 2156 hoc
484 2133 517 2155 v.
554 2124 705 2156 retinui.
743 2124 846 2157 Lect.

118 2176 255 2202 numen
288 2168 522 2202 commendat
546 2169 614 2202 Od.
639 2172 680 2212 4,
713 2172 753 2212 5,
779 2173 846 2204 33:

120 2216 155 2248 et
195 2216 351 2248 Laribus
394 2218 497 2248 tuum
534 2218 662 2251 Miscet
702 2225 848 2250 numen.

119 2279 165 2284 —
191 2263 254 2295 Nil
286 2264 467 2295 oriturum
501 2263 585 2306 cet]
620 2262 694 2296 Cfr.
720 2263 788 2297 od.
814 2267 847 2306 4,

120 2308 154 2350 2,
179 2310 242 2342 37:
270 2310 349 2350 Quo
374 2308 587 2354 (Augusto)
614 2311 705 2342 nibil
728 2312 848 2344 maius

119 2356 289 2388 meliusve
323 2358 429 2390 terris
454 2358 548 2390 Fata
583 2358 763 2391 donavere
789 2359 848 2391 bo·

119 2403 228 2442 nique
251 2403 327 2435 divi
351 2404 425 2437 Nee
450 2405 598 2437 dabunt.

170 2473 319 2506 18—22.
343 2474 413 2507 Sed
430 2474 515 2517 cet.]
544 2473 638 2516 „Sed
662 2474 725 2507 hic
750 2474 848 2508 idem

116 2519 295 2563 populus,
320 2520 388 2554 tibi
414 2531 459 2554 ex
483 2522 561 2555 toto
587 2520 736 2555 deditus
756 2521 847 2555 cet.“

121 2583 165 2588 ——
190 2567 230 2598 in
253 2566 349 2609 uno]
377 2567 439 2608 „in
463 2568 534 2601 hac
558 2578 635 2601 una
660 2579 721 2610 re,
748 2567 849 2612 quod

121 2613 159 2645 te
184 2613 356 2647 omnibus
382 2614 573 2648 antefert.“
616 2614 740 2648 Nolim
766 2616 850 2648 iun·

120 2667 209 2702 gere
240 2661 280 2692 in
310 2669 384 2693 uno
417 2663 651 2703 anteferendo
689 2664 735 2695 le.
783 2661 850 2696 Est

119 2703 164 2736 ἐν
189 2704 245 2738 ἑνὶ
268 2703 395 2753 μόνῳ,
424 2707 464 2740 ἐν
489 2708 540 2754 τῷ
566 2710 782 2756 προκρίνειν
807 2708 850 2742 σὲ

893 949 1057 986 πάντων.
1084 971 1127 976 -
1154 954 1264 986 terris
1288 953 1443 996 semota]
1470 963 1560 994 non,
1585 956 1629 987 ut

890 1000 1022 1034 volunt
1041 999 1231 1041 nonnulli,
1259 1000 1495 1045 „peregrina,
1513 1000 1628 1034 Grae-

892 1048 967 1089 oa,“
1008 1046 1099 1081 sed:
1139 1050 1305 1089 „remota
1342 1047 1416 1081 iam
1454 1058 1475 1081 e
1512 1047 1626 1081 terris

891 1093 991 1135 (der
1016 1095 1133 1127 Erae
1170 1095 1416 1137 enlruckt),
1453 1096 1628 1139 propter-

892 1151 936 1175 ea
973 1141 1074 1185 quod
1105 1142 1181 1174 sui-5
1207 1142 1429 1182 temporibus
1455 1142 1627 1183 defuncta

893 1191 994 1229 sunt,
1020 1188 1058 1221 id
1085 1190 1161 1229 est,
1188 1187 1290 1232 quod
1315 1199 1362 1222 ex
1386 1188 1451 1222 fati
1478 1188 1627 1233 legibus

891 1238 1047 1268 mortem
1082 1235 1260 1269 obierunt
1293 1245 1449 1280 operum
1474 1235 1627 1270 illorum

892 1284 1080 1316 auctores.

940 1353 1063 1385 23-25.
1095 1352 1281 1395 veterum]
1317 1363 1456 1397 genere
1491 1355 1626 1395 neuin,
1680 1378 1684 1381 .

895 1398 1083 1439 „omnium
1103 1401 1270 1432 veterum
1293 1399 1448 1444 linguae
1474 1403 1626 1434 nostrae

892 1447 1255 1480 monumentorum.“
1308 1445 1511 1480 Suetonius
1546 1445 1627 1481 Oct.

894 1495 950 1526 86.
976 1493 1077 1526 inter
1110 1493 1346 1538 antiquarios
1379 1493 1426 1527 ab
1451 1492 1624 1539 Augusto

893 1540 1144 1583 reprehensos
1202 1541 1370 1574 nominat
1418 1540 1626 1575 Veranium

893 1586 1088 1628 Flaccum,
1128 1587 1195 1631 qui
1232 1590 1328 1621 teste
1365 1587 1476 1621 Festo
1514 1588 1555 1622 in
1593 1599 1626 1622 V.

893 1634 999 1667 Mille
1039 1635 1187 1667 urbium
1228 1634 1439 1678 composuit
1476 1634 1627 1679 librum,

894 1691 1007 1724 quem
1031 1680 1228 1724 inscripsit
1256 1683 1464 1723 priscarum
1487 1690 1626 1717 vocum.

892 1727 964 1760 Hic
989 1727 1107 1772 igitur
1132 1728 1351 1772 similesque
1376 1727 1525 1762 Horatii
1550 1729 1625 1764 loci

893 1784 1119 1819 magnopere
1145 1775 1295 1819 placere
1320 1775 1490 1820 Augusto
1516 1775 1627 1810 debe·

893 1822 993 1854 bant.
1026 1840 1071 1845 —
1104 1822 1274 1865 tabulas]
1306 1821 1391 1855 ΧΠ.
1425 1833 1448 1856 a
1480 1823 1626 1857 decem-

893 1868 984 1902 viris
1019 1871 1198 1912 quattuor
1233 1869 1372 1903 seculis
1406 1872 1492 1904 ante
1529 1870 1627 1904 hanc

894 1915 1091 1959 epistolam
1148 1916 1400 1960 conscriptam
1450 1918 1626 1952 sancitas.

895 1962 971 1995 Cic.
999 1962 1044 1995 de
1070 1961 1133 1995 Or.
1161 1966 1200 2004 1,
1235 1965 1300 2004 43,
1337 1965 1426 1996 193:
1462 1965 1627 2005 plurima

895 2011 944 2041 est
970 2010 1011 2040 in
1035 2010 1133 2042 omni
1157 2011 1239 2043 iure
1264 2011 1362 2043 civili
1386 2012 1419 2043 et
1442 2012 1485 2043 in
1505 2013 1627 2052 ponti-

894 2056 1001 2096 ficum
1028 2057 1129 2088 libris
1155 2059 1188 2089 et
1212 2058 1252 2089 in
1283 2058 1369 2090 XII.
1400 2058 1534 2090 tabulis
1560 2067 1627 2091 an-

895 2102 1072 2141 tiquitatis
1109 2104 1262 2144 esfiqies,
1301 2105 1398 2143 quod
1431 2106 1464 2136 et
1500 2106 1626 2138 verbo-

894 2157 978 2180 rum
1020 2150 1145 2188 prisca
1190 2151 1350 2183 vetustas
1397 2152 1626 2192 coenose-itur

897 2197 966 2228 cet.
984 2195 1050 2228 ubi
1067 2195 1301 2230 Ellendtius:
1329 2196 1510 2242 „Perapte
1533 2198 1626 2232 dici-

895 2244 956 2274 tur
978 2243 1102 2283 prisca
1125 2245 1306 2284 vetustas,
1337 2243 1362 2277 i.
1388 2254 1420 2277 e.
1447 2247 1626 2288 vetustas,

896 2299 971 2332 qua
996 2288 1138 2331 effecit,
1169 2291 1212 2324 ut
1236 2290 1351 2324 verba
1376 2301 1422 2324 ex
1446 2292 1626 2327 memoria

894 2335 1088 2369 hominum
1105 2336 1254 2370 sublata
1278 2337 1319 2370 in
1336 2337 1626 2374 desuetudinem

894 2382 1102 2416 venirent.“
1131 2383 1206 2417 Cfr.
1226 2383 1376 2418 <Seneca
1399 2385 1518 2429 Epist.
1546 2388 1625 2429 114,

896 2430 959 2462 43:
993 2431 1103 2463 Multi
1129 2439 1175 2464 ex
1206 2431 1327 2464 alieno
1351 2433 1473 2465 seculo
1495 2435 1625 2474 petunt

894 2477 1028 2510 verba:
1060 2478 1248 2510 duodecim
1280 2479 1436 2512 Tabulas
1472 2480 1626 2520 loquun-

897 2525 968 2556 tur.
996 2542 1040 2547 —-
1064 2525 1214 2565 foedera
1239 2525 1382 2568 reoum]
1408 2525 1566 2565 Quintil.
1593 2528 1625 2569 8,

898 2570 938 2612 2,
966 2572 1027 2603 12:
1055 2572 1271 2616 pbscurilas
1303 2573 1342 2614 fil
1376 2574 1486 2605 etiam
1509 2574 1626 2606 verbis

898 2618 944 2649 ab
968 2625 1036 2650 usu
1062 2620 1227 2659 remotis,
1261 2621 1320 2660 ul,
1353 2620 1385 2651 si
1409 2622 1627 2654 commenta-

897 2664 971 2696 rios
997 2666 1076 2705 quis
1098 2666 1307 2706 pontificum
1334 2667 1366 2698 el
1382 2667 1626 2701 vetustissima

898 2711 1046 2751 foedera
1078 2714 1112 2745 et
1149 2712 1311 2746 exoletos
1343 2715 1526 2746 scrutatus
1559 2722 1626 2747 au-
