1774 2930
2 1892 17 1943 -ψῃιι

664 165 760 201 LIB.
782 165 814 200 1.
858 163 1013 200 BPIST.
1036 162 1139 198 xvl.

1576 161 1662 202 357
1727 143 1729 145 ’

265 268 409 312 Oorna
436 281 591 325 vepres
622 270 667 309 et
695 280 836 323 pruna
863 264 1034 308 ferant?
1064 263 1103 305 si
1134 276 1316 320 quereus
1347 267 1391 305 et
1420 262 1510 305 ilex

263 339 401 382 Multa
430 339 553 394 fruge
582 351 729 394 peous,
760 336 896 378 multa
926 334 1143 378 dominum
1172 334 1292 376 iuvet
1320 332 1501 375 umbra?
1610 332 1664 373 10

262 409 395 453 Dicas
426 409 655 452 adductum
684 407 860 464 propius
892 405 1089 448 frondere
1121 404 1371 448 Tarentum.

262 480 380 523 Fons
411 480 543 523 etiam
572 479 665 521 rivo
697 478 799 520 dare
828 491 1001 520 nomen*
1015 475 1210 530 idoneus,
1241 479 1290 517 ut
1318 489 1398 518 nee

262 550 480 607 Frigidior
511 550 722 592 Thracam
751 562 832 591 neo
861 548 1008 604 purior
1039 547 1199 589 ambiat
1227 546 1416 599 Hebrus,

263 621 436 664 Infirmo
466 621 597 677 capiti
628 620 722 661 fluit
750 619 885 673 utilis,
915 619 1033 660 utilis
1065 618 1175 660 alvo.

263 692 362 735 Hae
391 691 583 734 latebrae
614 690 773 743 dulces,
806 690 950 742 etiam,
983 689 1021 730 si
1051 688 1204 741 credie,
1237 701 1457 740 amoenae,
1612 686 1664 727 15

242 800 277 831 9.
316 799 440 839 serant
472 796 628 840 bSEedp
663 799 701 830 et
736 805 866 829 omnes
898 794 1093 835 Pottierii,
1130 792 1320 827 LCtFJO:
1357 794 1482 835 serunt
1506 792 1619 826 Bent-

192 844 292 879 leius
317 844 534 878 coniectura
559 847 597 878 et
620 842 668 876 M„
696 861 738 866 —-
767 846 800 875 et
827 850 980 882 quercus
1005 841 1116 874 bScd.

1155 840 1228 884 (Ut
1253 851 1334 881 nos,
1359 840 1427 884 Ep,
1451 839 1490 873 id
1517 839 1619 884 quod

193 891 306 936 longe
330 891 523 935 praestat.)
551 909 595 915 --
624 893 679 924 10.
711 891 807 922 iuvet
833 889 942 932 bodp,
968 887 1152 922 LCtFJO:
1186 889 1290 921 iuvat
1316 887 1372 920 SE
1399 890 1437 921 et
1461 897 1509 920 ex
1533 886 1618 920 aliis

192 938 400 980 Bentleius,
425 938 515 972 item
539 936 588 971 M.
606 955 650 960 —
672 939 726 970 14.
751 937 864 976 utili-5,
889 936 991 969 utilis
1016 935 1173 979 bSEodp
1200 945 1286 968 cum
1310 934 1506 978 plerisque
1530 933 1619 968 Pot-

193 985 316 1027 tierii,
346 986 437 1019 item
459 984 559 1027 Lct,
589 983 806 1024 Bentleius,
839 982 889 1023 O,
915 986 1025 1024 aptus
1050 985 1082 1016 et
1108 983 1210 1015 utitis
1237 982 1407 1026 quinque
1433 980 1619 1021 Pottierii,

193 1031 298 1065 m.
319 1049 368 1057 -
394 1033 450 1065 15.
475 1033 606 1073 etiam,
630 1032 663 1064 si
687 1032 820 1072 credis,
847 1038 1024 1063 amoenae
1049 1029 1159 1071 libri,
1184 1028 1371 1063 LOtFJO:
1406 1032 1440 1062 et
1466 1027 1564 1070 (iam
1587 1030 1620 1062 si

191 1079 323 1122 eredis)
347 1087 523 1112 amoenae
546 1077 743 1112 Bentleius
769 1077 868 1112 coni.
895 1080 933 1111 et
957 1076 1005 1110 M.

143 1173 334 1207 arna-et
354 1172 499 1216 pruna]
523 1172 770 1205 Kornetlen
793 1173 881 1204 aad

138 1220 372 1255 Schlehen.
398 1239 441 1244 —
467 1219 608 1262 ferant]
641 1218 879 1252 Conium-,tivi

141 1277 170 1300 a
185 1265 301 1300 Codd.
316 1266 454 1300 firmati
478 1267 551 1300 hoe
573 1267 657 1300 loeo
676 1266 787 1300 etiam
812 1276 881 1309 per

141 1323 188 1347 ae
210 1313 376 1357 aptiores
399 1315 506 1355 sunt,
540 1323 623 1346 eum
657 1323 739 1346 eam
770 1312 880 1346 villae

142 1358 376 1394 Horatianae
401 1360 582 1404 speeiem,
616 1370 713 1403 quae
738 1359 798 1393 his
823 1370 879 1392 vv.

146 1406 257 1440 lectis
274 1405 428 1445 Quintio
451 1409 537 1440 ante
555 1406 684 1440 oculos
702 1412 802 1440 esset
818 1406 882 1439 ob·

147 1457 360 1494 versatur-a,
400 1453 624 1498 significent.
650 1472 693 1476 —
727 1461 880 1493 quercus

144 1502 183 1533 et
204 1499 304 1543 ilex]
339 1502 563 1534 summer·
590 1502 692 1539 ,und
728 1501 882 1533 Stein-

148 1547 277 1580 cicae
300 1546 470 1589 Passow3
495 1548 575 1580 der
598 1542 772 1580 'E'ichen
797 1548 880 1580 Ge-

144 1594 412 1627 echlechter
442 1593 550 1628 Voss.
578 1613 622 1617 —
646 1593 776 1636 fraqe]
812 1605 880 1637 pro

148 1639 335 1683 ,fruetu“,
363 1640 583 1686 glandibus,
608 1641 749 1685 quibus
773 1641 879 1684 porei

141 1689 365 1731 pascuntur.
396 1687 500 1721 Alibi
523 1698 612 1722 sane
632 1687 760 1733 fruges
776 1688 881 1733 glan-

144 1732 260 1768 dibus
292 1737 548 1779 opponuntur.
599 1734 676 1769 Cic.
710 1734 813 1769 Orat.
845 1738 879 1777 9,

143 1781 215 1814 31:
250 1782 353 1823 Quae
386 1784 437 1815 est
468 1784 589 1815 autem
611 1783 653 1814 in
677 1783 880 1815 hominibus

143 1829 254 1861 tanta
274 1830 509 1871 per-versitas,
542 1831 583 1862 ut
604 1825 771 1874 {inventis
800 1831 880 1870 sra-

144 1875 250 1915 aitms
279 1876 412 1916 alaude
443 1878 661 1909 vescantur?
687 1895 731 1900 -
755 1876 881 1919 pecus]

145 1920 270 1955 Etiam
287 1922 497 1957 Columella
521 1924 553 1964 7,
572 1925 606 1965 9,
624 1926 657 1956 6.
682 1923 728 1957 de
755 1923 881 1967 porcis

145 1971 308 2012 usurpat
330 1979 387 2001 vv.
409 1978 519 2010 pecus
543 1972 620 2003 hoc.
645 1970 787 2003 Ibidem
810 1971 881 2003 Ne-

143 2022 270 2056 mora,
295 2015 440 2059 inquit,
463 2019 546 2048 sunt
572 2017 728 2059 (porcis)
755 2026 882 2050 conve-

79 2099 83 2101 ,
148 2062 385 2104 acutissima,
402 2071 495 2102 quae
511 2064 714 2095 vestiuntur
734 2072 880 2105 quercu,

147 2108 296 2150 tubere,
328 2109 433 2149 fauo,
459 2111 589 2149 cer-ris,
623 2111 783 2151 ilicibus,
810 2111 883 2143 ole-

150 2155 273 2186 astris.
298 2173 344 2178 —
375 2155 597 2198 Tarentum]
639 2157 746 2189 ouius
789 2157 883 2190 situs

147 2202 209 2234 est
241 2210 423 2244 perquam
459 2212 650 2236 amoenus.
706 2202 782 2236 Cfr.
814 2202 882 2236 od.

150 2247 193 2288 2,
217 2249 259 2289 6,
286 2249 352 2280 11:
391 2252 550 2290 reqnata
587 2252 710 2290 petam
747 2251 883 2283 Laconi

148 2294 257 2327 Rura
297 2296 477 2328 Phalanto
518 2298 588 2329 cet.
643 2296 725 2330 Hoc
765 2297 881 2341 igitur

147 2339 263 2374 dicit:
304 2341 433 2384 „Quid
463 2343 607 2376 multa?
645 2343 735 2376 Tam
760 2354 883 2377 amoe-

149 2397 241 2421 num
265 2399 388 2422 meum
414 2392 470 2423 est
498 2390 711 2434 praedium,
747 2393 788 2424 ut
813 2390 883 2424 Ta-

147 2437 298 2468 rentum
339 2437 414 2469 huo
454 2437 628 2470 tralatum
669 2437 791 2480 dicas3
841 2441 883 2471 ut

147 2482 258 2526 quasi
291 2482 450 2516 alterum
482 2483 685 2518 Tarentum
717 2484 779 2518 hic
813 2485 881 2519 tibi

146 2528 278 2563 videre
302 2529 499 2564 videaris.“

197 2623 333 2657 12-14.
358 2624 467 2667 Fons]
491 2624 646 2659 Fontem
663 2626 765 2659 hune
784 2625 882 2658 Ban-

147 2667 294 2703 dusiam
320 2671 428 2716 volgo
461 2672 671 2716 appellant,
706 2672 771 2706 sed
798 2673 881 2706 vide

148 2714 199 2747 ad
222 2714 290 2750 od.
315 2719 349 2759 3,
376 2720 430 2751 13.
471 2719 548 2751 Alii
574 2720 715 2753 rectius
739 2720 880 2753 fontem

929 1181 1081 1215 quoque
1107 1174 1149 1204 ut
1171 1170 1294 1204 rivum
1310 1170 1511 1215 Digentiae
1538 1169 1667 1212 (hodie

928 1219 1102 1259 Licenza)
1137 1228 1274 1251 nomen
1306 1217 1487 1251 habuisse
1520 1220 1666 1251 rentur.

931 1284 974 1288 -
1000 1267 1090 1298 dare
1131 1264 1304 1307 idoneus]
1349 1262 1484 1306 ἱκανὸς
1523 1263 1667 1304 δοῦναι,

929 1311 969 1345 id
995 1315 1069 1354 est,
1104 1311 1227 1353 „adeo
1252 1312 1352 1356 aqua
1377 1311 1593 1352 abundans,
1625 1314 1668 1346 ut

930 1362 967 1392 et
992 1359 1087 1392 fonti
1114 1362 1151 1392 et
1174 1359 1267 1401 rivo,
1292 1359 1358 1402 qui
1377 1369 1423 1392 ex
1440 1369 1484 1392 eo
1501 1358 1667 1402 profluit,

930 1406 1125 1450 proprium
1158 1405 1357 1450 Digentiae
1395 1416 1532 1440 nomen
1569 1405 1667 1440 indi-

930 1454 1010 1486 tum
1034 1453 1094 1494 sit,
1119 1463 1205 1486 oum
1230 1453 1394 1487 minores
1418 1453 1488 1486 rivi
1511 1453 1666 1497 proprio

930 1500 1082 1534 nomine
1095 1510 1225 1534 carere
1242 1500 1467 1544 plerumque
1484 1499 1665 1534 soleant.“

930 1566 976 1570 -
999 1550 1040 1580 ut
1065 1556 1129 1580 nec
1154 1546 1244 1590 cet]
1284 1550 1351 1588 „et
1384 1546 1536 1592 quidem
1569 1547 1667 1590 talis,

931 1593 1002 1626 ut“
1029 1598 1101 1627 oet.
1127 1613 1168 1617 —
1197 1594 1392 1637 Thracam]
1429 1590 1599 1640 Θρᾴκην,
1625 1597 1667 1628 ut

929 1640 1023 1685 Epp.
1050 1644 1090 1682 1,
1116 1644 1156 1683 3,
1182 1643 1215 1674 3.
1234 1659 1277 1664 —
1295 1641 1465 1684 Hebrus]
1497 1641 1668 1675 Venusta

929 1688 1136 1732 hyperbole
1172 1688 1386 1733 Digentiam
1421 1699 1507 1722 oum
1537 1689 1666 1722 Hebro

928 1746 1037 1768 amne
1064 1745 1175 1779 saepe
1200 1746 1223 1769 a
1247 1736 1370 1780 poetis
1404 1736 1443 1768 in
1475 1735 1589 1769 rebus
1619 1735 1667 1770 ad

928 1782 1107 1816 Liberum
1124 1785 1268 1826 patrem
1290 1782 1552 1827 spectantibus
1570 1783 1668 1817 cele·

928 1830 1034 1863 brato
1060 1832 1264 1874 comparat.
1290 1849 1333 1853 —
1361 1831 1513 1871 Infirma
1538 1829 1667 1873 capiti]

930 1876 1025 1910 Vide
1050 1877 1144 1921 Epp.
1171 1879 1203 1918 1,
1223 1879 1278 1917 15,
1296 1878 1328 1909 8.
1344 1877 1518 1920 —utilifl
1545 1877 1668 1919 „saln-

930 1923 1044 1961 bris“,
1070 1926 1114 1957 ut
1137 1923 1238 1968 apud
1263 1923 1370 1957 Ovid.
1388 1924 1502 1958 Trist-
1521 1927 1554 1966 3,
1573 1926 1605 1965 3,
1623 1927 1665 1959 9:

929 1979 1003 2004 non
1027 1972 1083 2003 hic
1108 1973 1208 2004 cibus
1225 1972 1327 2004 utilis
1344 1980 1467 2013 aegro,
1492 1981 1536 2004 ao
1554 1982 1666 2015 saepe

931 2018 1043 2051 etiam
1068 2018 1168 2061 apud
1195 2018 1357 2051 Celsum.
1391 2018 1452 2052 Sic
1477 2021 1510 2060 4,
1539 2020 1604 2052 10:
1628 2020 1667 2052 si

929 2066 1133 2098 stomachus
1147 2067 1284 2106 pituita
1300 2066 1483 2107 impletur,
1500 2083 1516 2089 -
1533 2084 1549 2090 -
1564 2066 1667 2098 utitis

931 2113 1095 2152 yenatio,
1120 2113 1253 2152 frictio.

981 2206 1035 2237 15.
1063 2207 1118 2238 16.
1145 2205 1321 2248 latebrae]
1347 2208 1390 2238 ut
1414 2207 1572 2247 annulus
1596 2205 1665 2240 Od.

932 2252 966 2293 2,
991 2253 1024 2292 6,
1052 2254 1106 2284 14.
1143 2251 1237 2296 Epp.
1266 2254 1297 2292 1,
1324 2254 1379 2294 14,
1405 2254 1461 2286 23.
1481 2272 1525 2276 —
1542 2254 1665 2287 dulces

930 2298 1016 2340 oet]
1044 2298 1146 2340 „Hae
1164 2298 1388 2333 solitudines
1412 2301 1535 2334 dulces
1561 2301 1665 2342 mihi,

930 2344 1054 2386 immo,
1079 2348 1122 2379 ut
1145 2347 1231 2390 plus
1256 2346 1391 2389 dicam,
1417 2348 1527 2380 ctiam
1542 2356 1665 2381 amoc-

929 2400 1012 2434 nae,
1037 2392 1076 2426 id
1101 2396 1170 2434 est,
1194 2393 1254 2426 vel
1278 2393 1386 2436 tales,
1413 2396 1479 2436 „ut
1501 2396 1543 2427 tu
1569 2406 1665 2439 quo-

931 2449 1006 2482 que
1037 2450 1213 2474 amoenas
1239 2451 1324 2474 esse
1349 2441 1597 2483 concederes,
1631 2442 1663 2475 si

929 2486 1029 2530 apud
1054 2497 1112 2520 me
1138 2488 1277 2529 esses“,
1304 2487 1402 2521 illud
1427 2491 1515 2522 ante
1539 2489 1665 2522 omnia

929 2533 1019 2566 mihi
1043 2534 1244 2577 praebent,
1270 2538 1312 2568 ut
1335 2537 1491 2579 propter
1516 2536 1664 2569 eaelum

929 2579 1080 2614 salubre
1095 2584 1133 2615 et
1148 2592 1284 2625 aquam
1297 2582 1538 2625 purissimam
1552 2582 1664 2616 etiam

929 2627 1149 2671 gravissimo
1174 2629 1263 2662 anni
1290 2631 1457 2672 tempore
1495 2629 1663 2670 (letifero

929 2677 1152 2708 „autumno
1176 2675 1307 2708 Iuven.
1326 2677 1359 2715 4,
1378 2675 1450 2716 56.)
1481 2674 1542 2708 hic
1566 2676 1663 2710 bene

929 2721 1090 2764 valeam3
1127 2722 1165 2755 id
1192 2722 1293 2766 quod
1317 2722 1384 2755 tibi
1410 2726 1557 2765 gratum
1582 2723 1663 2756 fore
