1774 2930
175 156 264 197 480

837 155 1042 191 HORATn

296 256 442 299 Prima
471 257 651 299 eadunt:
685 258 746 299 ita
777 257 1003 299 verborum
1034 264 1159 300 vetus
1189 260 1337 303 interit
1370 265 1509 315 aetas,

294 327 353 369 Et
384 328 586 370 iuvenum
617 329 701 369 ritu
733 329 886 370 florent
915 329 1042 371 modo
1073 334 1176 372 nata
1205 318 1461 388 vigenniuess

295 399 515 441 Debemur
545 400 671 441 morti
703 413 781 441 nos
810 402 1064 455 nostraque,
1098 402 1189 444 sive
1220 411 1417 458 receptus
1472 424 1474 426 v

295 470 430 511 Terra
459 470 684 526 Neptunus
716 470 874 513 classes
906 471 1175 527 aquilonibus
1207 477 1342 526 arcet,

295 540 426 596 Regis
460 555 590 597 opus,
624 542 837 584 sterilisve
869 541 940 583 diu
972 542 1095 598 palus
1128 548 1313 600 aptaque
1344 545 1472 587 remis
1539 574 1541 576 v

1639 547 1696 587 65

271 679 326 711 62.
363 678 556 718 ‘ciuemque
594 677 731 712 BbSTc
771 682 808 711 et
844 688 975 712 omnes
1014 677 1197 721 Gonodii,
1234 680 1322 713 item
1354 679 1434 714 Lct
1466 684 1503 714 et
1535 680 1648 715 Bent—

225 725 338 757 leius:
366 726 554 765 virentque
581 736 626 758 ex
651 736 728 759 uno
756 725 846 759 Cod.
871 725 949 758 ΕΜ.
978 744 1019 748 —
1049 728 1103 759 65.
1129 727 1334 767 stecilisqae
1358 727 1448 770 Bbc,
1473 727 1527 761 FJ
1552 729 1644 771 (non

224 771 301 812 ST,
330 771 441 805 FOtM
476 775 513 806 et
543 772 774 813 Bentleius).
802 792 845 796 ——
872 775 1026 813 actaque
1062 784 1161 807 unus
1187 773 1302 816 Feae,
1333 776 1508 809 sterilisve
1537 777 1646 817 palus

174 883 248 916 cito
297 884 465 918 labentes
507 888 619 928 atque
668 885 907 927 instabiles,“

174 941 284 974 quam
329 931 397 973 „ad
440 931 550 965 finem
590 934 822 976 vergentes,“
869 936 910 966 ut

171 986 310 1019 pronus
339 980 452 1012 Orion
477 978 545 1012 Od.
574 981 606 1019 3,
633 981 689 1019 27,
718 982 793 1022 18.;
823 989 909 1021 „per

173 1027 409 1059 autumnalia
432 1026 633 1067 tempora.“
660 1026 775 1059 HAND
799 1027 907 1060 Turs.

171 1071 237 1105 ΠΙ.
287 1084 322 1116 p.
374 1075 454 1107 335.
498 1093 540 1097 -
583 1073 738 1116 Prima]
787 1074 908 1108 Pleri-

174 1130 246 1164 que
281 1121 492 1165 explicant:
531 1132 650 1165 „quae
682 1122 789 1165 prius
823 1133 907 1167 ger-

172 1167 422 1210 minaverunt,
437 1168 547 1202 etiam
562 1168 670 1212 prius
684 1169 906 1212 decidunt3⁴⁶

173 1225 270 1259 quae
306 1215 507 1260 explicatio
541 1226 612 1250 nec
637 1226 706 1260 per
733 1227 772 1250 se
797 1216 908 1250 folio-

171 1272 255 1295 rum
274 1263 410 1296 natura
427 1263 573 1306 nititur,
591 1263 778 1307 siquidem
797 1273 908 1307 saepe

172 1309 278 1353 prius
305 1309 488 1344 decidunt
514 1321 567 1354 ea,
595 1321 691 1355 quae
717 1312 907 1355 posterius

173 1359 261 1391 nata
301 1360 410 1399 sunt,
459 1368 584 1402 neque
633 1358 678 1391 ad
721 1358 906 1402 poeticam

172 1404 355 1438 rationem
383 1404 586 1449 quidquam
611 1406 787 1439 attineret
813 1405 906 1454 ordo

171 1451 391 1494 decidendi,
426 1464 537 1496 quem
566 1453 708 1486 statuit.
758 1452 906 1497 Optime

172 1502 304 1533 contra
325 1500 548 1534 Fischerus:
577 1500 715 1543 „Folia,
743 1511 839 1545 quae
866 1500 905 1534 in

171 1547 372 1581 arboribus
400 1550 491 1581 sunt
514 1548 672 1582 ineunte
698 1558 806 1589 vere,
841 1547 905 1582 de-

171 1594 294 1627 fluunt
327 1598 507 1629 autumno
534 1595 734 1629 extremo.“
776 1595 906 1637 „Com-

171 1642 316 1685 paratio
343 1642 445 1676 enim
471 1642 526 1676 sic
554 1642 743 1686 procedit:
776 1642 826 1676 Ut
850 1643 905 1676 fo-

170 1688 238 1731 lia,
270 1690 412 1730 primus
438 1689 618 1723 silvarum
644 1691 775 1732 honos,
805 1701 904 1724 anno

170 1736 217 1768 ad
250 1736 362 1770 finem
397 1740 573 1782 vergente
612 1737 812 1780 decidunt,
852 1737 906 1771 ita

172 1784 352 1827 temporis
379 1784 657 1829 longinquitate
672 1786 797 1826 prima
821 1795 905 1818 ver—

169 1829 304 1863 borum
323 1834 427 1864 aetas
443 1833 581 1871 interit,
604 1831 678 1865 alia
695 1834 904 1865 nascuntur

170 1877 303 1919 verba,
330 1888 446 1919 nova,
480 1889 577 1922 quae
605 1881 641 1911 et
665 1878 748 1922 ipsa
772 1879 903 1911 iuven-

171 1926 231 1958 tae
256 1925 333 1958 ritu
351 1925 487 1958 florent
504 1935 548 1958 ac
566 1925 727 1970 vigent.“
756 1924 902 1958 OBBAR.

171 1990 213 1995 —
240 1975 343 2005 velus
359 1991 374 1998 -
391 1972 515 2014 aclas]
551 1972 686 2014 „verba
716 1972 904 2006 invetera-

169 2020 313 2053 scentia
326 2022 439 2064 atque
455 2019 657 2053 obsoleta.“
671 2039 714 2043 -
725 2020 815 2061 ritu!
829 2019 903 2053 Ofr.

171 2065 244 2100 Sat.
280 2069 321 2108 2,
354 2068 394 2108 3,
421 2069 501 2100 268.
553 2066 614 2100 Sic
648 2067 721 2100 iam
754 2067 903 2100 Ennius

168 2113 267 2147 Ann.
289 2115 343 2156 15,
370 2116 411 2146 8:
438 2115 512 2147 tela
539 2115 674 2147 Crebra
698 2115 790 2147 nivis
815 2115 902 2147 ritu.

171 2180 213 2184 —-
239 2161 453 2204 ciuemque]
485 2161 592 2195 Hanc
630 2162 715 2195 lect.
754 2161 904 2195 fir'mant

170 2207 287 2241 Codd.
314 2208 514 2253 antiquiss.
550 2212 586 2242 et
613 2211 669 2242 est
693 2209 765 2243 hoc
791 2209 902 2254 longe

169 2255 377 2298 venustius,
403 2259 446 2289 ut
470 2256 601 2298 verba,
627 2267 724 2301 quae
749 2257 902 2300 proprie

169 2302 214 2336 de
233 2303 434 2336 iuvenibus
452 2303 699 2347 us'urpantur,
725 2303 772 2337 ad
790 2303 904 2337 verba

168 2350 467 2393 transferantur-3
507 2361 590 2384 nam
625 2361 659 2384 v.
693 2351 822 2392 florere
856 2350 902 2384 de

167 2397 384 2430 hominibus
416 2400 636 2442 usurpatum
671 2399 767 2441 tropi
795 2401 903 2431 natu-

167 2454 244 2478 ram
272 2444 346 2478 iam
372 2449 537 2479 exuerat.

216 2540 367 2573 63—69.
419 2541 601 2572 Debemur
651 2538 734 2581 cetu]
785 2539 902 2573 Simo-

169 2585 277 2620 nides
303 2597 337 2631 p.
359 2587 438 2620 178.
466 2586 596 2619 Schn.:
622 2584 779 2632 θανάτῳ
806 2583 902 2619 πάν-

168 2643 228 2674 τες
253 2630 508 2676 ὀφειλόμεθα.
535 2633 642 2667 Ovid.
669 2633 816 2668 Metam.
846 2637 900 2675 10,

168 2682 233 2713 32:
262 2682 394 2714 Omnia
419 2682 592 2714 debemur
615 2683 716 2714 vobis
743 2681 826 2722 (diis
843 2682 900 2714 in-

167 2729 298 2770 seris),
339 2729 564 2769 paulumque
607 2730 741 2761 morali
776 2730 900 2762 Serius

961 889 1026 918 aut
1069 887 1175 918 cilius
1211 888 1330 920 sedem
1363 895 1606 929 properamus
1643 890 1694 922 ad

959 941 1083 966 unam.
1111 933 1259 967 Similes
1286 934 1496 969 sententiae
1512 937 1605 969 sunt
1622 933 1690 968 Od.

960 982 999 1021 2,
1028 982 1089 1022 14,
1117 983 1155 1014 2]
1197 991 1277 1025 sqq.
1303 1000 1351 1005 —
1374 990 1439 1015 nos
1474 982 1693 1026 nostraque}

959 1026 1034 1060 Cfr.
1073 1027 1167 1072 Epp.
1206 1030 1246 1069 2,
1289 1031 1326 1071 1,
1365 1030 1421 1063 89.
1449 1048 1491 1053 —-
1525 1031 1691 1071 receptas

958 1076 1070 1107 Terra
1097 1074 1180 1118 cet]
1206 1074 1370 1121 Egregia
1393 1078 1474 1110 arte
1499 1087 1592 1110 usus
1616 1076 1693 1110 Au-

957 1122 1055 1166 gusti
1110 1122 1240 1156 laudes
1288 1125 1442 1167 propter
1491 1123 1726 1169 magnifica?

957 1169 1690 1261 figzzaqussgtffip2‡}⁶.{2f‚’..32{32⁰52

957 1263 1127 1308 Heynius
1169 1263 1215 1297 ad
1256 1263 1361 1308 Virg.
1404 1263 1472 1298 Ge.
1508 1266 1555 1306 ·2,
1598 1266 1690 1299 1612

959 1311 1023 1352 ,A.
1038 1322 1075 1344 u.
1091 1321 1122 1344 o.
1136 1313 1216 1345 717.
1235 1322 1319 1345 cum
1338 1314 1471 1351 contra
1483 1310 1567 1345 Sex.
1580 1310 1693 1345 Pom·

957 1358 1083 1401 poium
1120 1358 1217 1392 male
1250 1369 1329 1392 rem
1361 1358 1542 1403 gessisset
1578 1357 1690 1392 Octa·

956 1405 1090 1439 vianus
1149 1405 1310 1449 Caesar,
1371 1407 1415 1439 ut
1474 1405 1691 1440 reficiendis

957 1453 1142 1487 classibus
1183 1453 1309 1487 locum
1357 1455 1480 1486 tutum
1521 1453 1692 1496 haberet,

954 1500 1144 1545 Agrippae
1186 1500 1346 1535 consilio
1387 1502 1538 1544 portum
1579 1500 1688 1534 Baia-

955 1558 1046 1580 num
1083 1548 1123 1581 in
1163 1549 1249 1581 sinu
1281 1548 1489 1582 Puteolano
1528 1557 1691 1581 commo-

956 1594 1098 1629 diorem
1123 1596 1176 1629 ita
1200 1594 1377 1637 reddidit,
1402 1597 1444 1628 ut
1467 1595 1591 1629 lacum
1613 1594 1700 1628 Lu-·

956 1642 1107 1676 crinum
1138 1642 1337 1677 interiecto
1369 1652 1506 1688 aggere
1539 1653 1563 1676 a
1593 1641 1688 1676 mari

956 1690 1145 1724 seclusum
1179 1700 1265 1723 cum
1299 1690 1385 1724 lacu
1417 1690 1588 1730 Averno,
1621 1688 1687 1733 qui

955 1736 1120 1772 Lucrino
1163 1736 1376 1778 ediscebat,
1425 1736 1687 1780 coniungeret,

954 1795 1127 1829 aggerem
1154 1787 1289 1824 autem,
1316 1783 1380 1827 qui
1407 1782 1452 1815 V.
1478 1782 1686 1816 stadiorum

954 1833 1054 1871 erat,
1091 1834 1290 1874 postquam
1325 1841 1368 1863 eo
1401 1829 1571 1873 perfosso
1605 1829 1686 1863 adi-

953 1880 1031 1910 tum
1069 1877 1228 1911 navibus
1265 1877 1305 1910 in
1345 1879 1496 1921 portum
1532 1876 1687 1919 fecerat,

952 1925 1005 1958 ita
1029 1925 1211 1965 muniret,
1244 1926 1286 1957 ut
1318 1934 1341 1958 a
1364 1922 1544 1958 fluctibus
1573 1934 1686 1968 supe-

953 1972 1028 2005 rari
1076 1971 1254 2015 nequiret
1298 1970 1535 2015 navibusque
1581 1973 1687 2005 tutus

952 2019 1053 2053 intra
1100 2029 1184 2052 eum
1232 2020 1333 2052 esset
1380 2021 1566 2062 receptus.
1616 2018 1687 2052 Hie

952 2066 1090 2100 Portus
1114 2066 1237 2100 Iulius
1262 2069 1429 2100 vocatus.
1479 2064 1603 2108 (Nune
1628 2067 1687 2099 est

952 2113 1221 2147 arundinetum
1255 2113 1441 2157 palustre,
1473 2114 1562 2147 Mar
1588 2121 1686 2146 mor·

952 2161 1040 2203 to.)“
1092 2160 1166 2194 Cfr.
1193 2160 1347 2194 Sueten.
1373 2159 1455 2194 Oct.
1490 2161 1546 2194 16.
1572 2159 1686 2198 Dion.

953 2207 1057 2242 Cass.
1083 2210 1148 2249 48,
1173 2210 1230 2241 50.
1256 2207 1357 2241 Plin.
1382 2206 1430 2241 H.
1447 2205 1498 2240 N.
1525 2209 1565 2248 3,
1591 2208 1625 2249 5,
1650 2209 1684 2243 9.

953 2257 1017 2297 36,
1057 2257 1120 2297 15,
1157 2255 1235 2288 24.“
1272 2274 1315 2279 ——
1354 2253 1566 2297 Neptunus]
1607 2253 1684 2288 Gfr.

951 2303 1044 2347 Epp.
1081 2305 1119 2345 1,
1160 2305 1221 2344 11,
1263 2304 1317 2335 10.
1353 2321 1395 2325 -—
1431 2301 1684 2344 aquilonibus]

952 2360 1020 2394 pro
1059 2349 1232 2383 omnibus
1266 2348 1463 2393 procellis,
1500 2350 1543 2382 ut
1577 2347 1683 2393 Virg-

951 2397 1044 2431 Aen.
1071 2400 1112 2439 4,
1147 2399 1232 2430 310:
1270 2398 1316 2429 Ει
1348 2397 1475 2430 mediis
1504 2403 1683 2437 properas

952 2445 1183 2485 aquilonibus
1230 2445 1283 2476 ire
1321 2452 1389 2485 per
1437 2444 1566 2476 allum.
1615 2442 1686 2476 Est

951 2494 1074 2525 autem
1108 2491 1305 2525 ablativus.
1357 2490 1431 2524 Cfr.
1457 2489 1550 2535 Epp.
1582 2492 1622 2530 1,
1647 2490 1683 2531 8,

952 2542 1006 2573 10.
1054 2539 1099 2572 In
1136 2549 1248 2583 prosa
1285 2538 1471 2572 oratione:
1511 2535 1683 2581 „aquilo-

950 2597 1017 2620 nes
1044 2590 1147 2620 arcet
1171 2595 1193 2618 a
1226 2584 1444 2619 classibus.“
1497 2583 1570 2617 Sed
1596 2593 1680 2617 oum

949 2633 1076 2667 verbis
1109 2632 1283 2673 arcendi,
1316 2631 1563 2671 defendendi,
1601 2640 1682 2663 mu-

950 2681 1053 2715 tandi
1095 2679 1338 2726 άντίστροφα
1378 2689 1489 2723 saepe
1529 2688 1683 2722 permu—

950 2731 1088 2762 tantur.
1124 2746 1165 2751 -—
1202 2727 1309 2768 Reqis
1347 2725 1459 2768 opus]
1502 2724 1680 2770 „dignum
