1774 2930
120 169 206 211 356
225 205 227 207 ,

594 168 802 203 HORATII
826 169 1175 205 EPISTOLARUM

240 268 460 312 Scribetur
490 269 570 311 tibi
602 269 739 311 forma
768 270 1004 325 loquaciter
1036 274 1080 313 et
1110 271 1217 313 situs
1250 272 1355 328 agri.
1381 304 1386 310 .

240 340 443 383 Continui
475 343 663 394 montes,
695 340 741 381 ni
773 340 1057 383 dissocientur
1089 355 1224 398 opaca
1470 333 1474 336 ⁴
1605 343 1644 396 ‚5

237 411 382 464 Valle,
418 411 495 453 sed
525 414 573 452 ut
602 411 782 453 veniens
815 411 1014 454 dextrum
1043 412 1155 454 latus
1189 412 1398 470 adspiciat
1429 413 1521 467 Sol,

237 482 433 525 Laevum
465 481 690 524 discedens
724 496 850 524 curru
881 482 1073 538 fugiente
1104 487 1296 540 vaporet.

240 553 515 609 Temperiem
545 552 708 596 laudes.
758 552 890 607 Quid,
924 554 961 595 si
991 554 1228 597 rubicunda
1257 555 1434 611 benigni

217 690 248 722 7.
282 691 495 722 descendens
522 688 638 723 Oodd.
664 689 774 733 aliq„
808 690 979 722 decedens
1004 689 1201 724 Bentleius
1235 690 1464 725 coniectura.
1491 709 1534 714 -
1562 693 1595 724 8.

169 738 319 778 beniqne
345 736 395 770 bd
423 739 460 770 et
484 747 540 780 pr.
558 736 601 779 E,
626 736 799 780 plerique
825 736 1010 779 Pottierii,
1036 737 1127 780 LCt,
1153 739 1328 780 benianae
1353 737 1396 772 O.
1423 737 1489 781 (Ut
1514 748 1595 780 nos,

168 783 253 828 Scp,
279 794 374 818 corr.
399 783 443 827 Ε,
468 783 677 826 Bentleius,
701 783 821 826 FMJ.)

120 895 313 941 Singulari
350 898 430 930 arte
468 895 520 941 τῷ
557 892 706 943 ἅκύρῳ,
745 895 856 939 quasi

119 945 240 977 ulmus
272 944 407 978 herum
431 945 621 988 pasceret,
659 953 735 976 non
762 944 856 985 mlix,

120 1002 214 1025 usus
241 993 317 1034 est,
351 994 393 1025 ut
417 991 457 1023 in
494 1001 639 1024 summa
669 990 855 1024 sermonis

73 1068 75 1072 ,
121 1038 361 1082 simplicitate
386 1040 498 1082 poeta
523 1039 649 1072 tamen
674 1040 855 1071 maneret.

120 1085 264 1119 Colum.
283 1087 316 1128 5,
343 1087 375 1128 6,
403 1087 466 1118 19:
494 1086 598 1119 Circa
623 1093 779 1118 vernum
796 1093 856 1118 ae-

120 1134 344 1173 quinoctium
362 1134 467 1166 binae
484 1133 586 1175 vites,
613 1141 683 1173 quo
702 1133 856 1165 celerius

119 1181 260 1214 ulmum
290 1181 505 1223 vestiant,
537 1181 666 1221 pedem
698 1180 795 1212 inter
820 1188 856 1212 se

119 1229 293 1261 distantes
318 1228 503 1260 scrobibus
529 1227 774 1269 deponendae.
799 1226 856 1260 De

121 1285 162 1308 re
189 1275 257 1308 cfr.
285 1273 353 1308 Od.
373 1277 406 1316 2,
435 1277 489 1317 15,
516 1276 611 1308 5.0—
631 1273 768 1316 forma]
795 1273 857 1307 Sic

119 1321 241 1356 Varro
282 1322 327 1356 R.
365 1321 409 1355 R.
454 1324 493 1364 1,
536 1325 576 1364 6,
618 1323 660 1355 1:
701 1323 857 1354 Formae

122 1369 268 1412 (fundi)
294 1378 377 1402 cum
401 1371 473 1403 duo
499 1377 635 1410 qenera
659 1370 753 1402 sint.-
780 1377 857 1402 una

121 1426 232 1458 quam
253 1419 394 1450 natura
419 1418 493 1459 dat,
520 1417 644 1450 altera
670 1425 782 1457 quam
798 1424 857 1449 sa-

120 1466 235 1498 tiones
259 1465 469 1506 imponunt.-
491 1465 609 1506 prior,
637 1465 734 1504 quod
760 1464 857 1496 alius

120 1521 210 1553 aqer
228 1513 315 1545 bene
332 1514 454 1554 natus,
482 1513 579 1544 alius
596 1512 713 1551 male‚·
736 1513 857 1552 poste-

120 1560 221 1602 rior,
255 1561 351 1599 quod
376 1560 473 1592 alius
499 1559 634 1600 fundus
661 1560 748 1592 bene
774 1567 857 1591 con-

119 1608 209 1639 situs
236 1608 305 1649 est,
337 1607 434 1639 alius
459 1607 576 1639 male:
610 1607 729 1639 dicam
751 1607 857 1647 prius

121 1655 164 1687 de
214 1651 386 1687 n'aturali
433 1656 503 1688 cet.
547 1673 589 1677 —
636 1652 857 1695 loquaciter]

123 1701 403 1745 „compluribus
430 1701 592 1743 verbis“,
626 1703 667 1734 ut
692 1701 858 1734 solemus

121 1748 167 1782 de
207 1748 320 1782 rebus
359 1748 470 1782 nobis
504 1748 600 1782 caris
636 1748 684 1781 ad
718 1747 858 1781 amicos

122 1795 301 1829 scribere.

169 1844 244 1876 5—7.
273 1843 441 1876 concinui
466 1841 623 1884 montes]
651 1843 856 1885 „perpetuo

121 1889 232 1923 dorso
266 1890 365 1923 inter
400 1900 439 1923 se
474 1889 624 1923 iuncti⁴⁴
662 1888 765 1930 (Liv.
800 1890 858 1930 41,

123 1937 207 1979 18.),
235 1937 332 1979 „nisi
351 1936 650 1970 dissociarentur
676 1935 775 1969 valle
793 1946 858 1968 an—

123 1988 253 2029 gusta„
284 1984 450 2026 (reducta
475 1982 544 2017 Od.
565 1986 596 2026 1,
616 1985 672 2025 17,
700 1983 770 2025 17.)
799 1984 859 2025 „et

121 2034 322 2076 propterea
347 2040 463 2073 opaca
495 2033 651 2075 propter
675 2030 859 2064 montium

123 2079 274 2112 umbras
302 2089 341 2113 se
375 2089 492 2123 prope
519 2077 751 2123 tangentes.“
803 2077 860 2110 Ex

124 2125 284 2160 Sickleri
339 2125 595 2170 descriptione
646 2127 703 2159 est
751 2135 859 2158 mons

122 2173 262 2215 Ustica,
280 2173 321 2206 in
340 2174 449 2207 cuius
469 2173 659 2207 radicibus
677 2172 768 2206 villa
782 2172 859 2206 Ho-

122 2221 210 2254 ratii
237 2221 309 2255 sita
335 2223 433 2263 erat,
467 2223 504 2254 et
530 2216 624 2254 alter
651 2220 792 2262 clivus,
818 2219 858 2252 in

123 2279 198 2312 quo
217 2267 400 2302 Vacunae
425 2268 604 2312 templum
629 2269 721 2309 erat,
747 2266 859 2308 hodie

122 2317 244 2348 Rocca
270 2316 434 2356 aiovine3
467 2315 577 2349 vallis
607 2316 732 2348 autem
758 2314 859 2347 inter

123 2365 328 2406 utrumque
361 2364 527 2396 montem
562 2365 619 2396 est
652 2362 761 2395 vallis
794 2361 859 2394 Di-

123 2409 293 2455 gentiae,
340 2409 454 2443 hodie
506 2410 572 2444 Val
618 2411 656 2442 di
697 2410 859 2451 Licenza,

124 2467 223 2501 quae
265 2456 454 2490 clauditur
491 2456 695 2498 Lucretili,
736 2457 860 2491 Monte

126 2505 309 2538 Gennaro.
348 2503 465 2537 Totus
492 2506 618 2537 autem
644 2505 787 2537 tractus
814 2503 860 2546 ei,

125 2551 191 2596 qui
217 2562 239 2585 a
265 2549 405 2584 Tibure
431 2550 492 2584 via
516 2550 670 2584 Valeria
694 2561 761 2594 per
787 2549 861 2584 Va-

125 2599 219 2632 riam
275 2597 498 2641 (Vicovaro)
558 2600 595 2630 et
648 2597 860 2632 Mandelam

127 2645 342 2688 (Bandela)
377 2645 512 2679 vallem
538 2644 640 2678 illam
673 2645 860 2689 ingredie-

125 2693 254 2734 batur,
289 2692 335 2726 ab
372 2692 518 2726 oriente
552 2691 598 2725 ad
626 2692 861 2725 occidentem

125 2750 281 2784 vergere
299 2739 508 2782 videbatur,
534 2738 587 2773 ita
610 2742 652 2771 ut
678 2740 733 2773 sol
750 2750 861 2773 mane

906 895 1024 930 radiis
1043 896 1286 931 collustraret
1302 897 1452 931 Horatii
1470 896 1646 939 fundum,

907 944 976 976 sub
1003 954 1198 988 vesperam
1218 944 1413 979 sinistrum
1438 944 1551 987 latus,
1577 943 1645 977 cli-

905 1001 991 1024 vum
1026 990 1217 1026 Vacunae.
1268 991 1414 1032 Quodsi
1448 991 1535 1036 quis
1568 990 1646 1024 Lu-

906 1038 1077 1072 cretilem
1115 1039 1244 1072 enisus
1283 1039 1323 1072 in
1361 1041 1495 1083 poetae
1536 1048 1646 1082 prae-

906 1084 1009 1118 dium
1035 1085 1299 1128 descenderet,
1333 1086 1442 1119 vallis
1469 1085 1515 1120 ab
1541 1086 1644 1119 occi-

906 1132 1019 1166 dente
1045 1132 1092 1166 ad
1110 1133 1296 1167 orientem
1314 1132 1466 1167 extendi
1491 1132 1646 1166 videba-

905 1182 978 1213 tur.
1006 1198 1049 1203 -
1077 1180 1270 1224 dextrum]
1295 1180 1476 1214 nimirum
1501 1180 1551 1223 ei,
1576 1180 1643 1224 qui

907 1238 952 1261 ex
977 1227 1103 1261 antica
1128 1227 1240 1262 villae
1265 1230 1372 1271 parte
1397 1229 1544 1261 montes
1564 1227 1643 1261 val-

906 1275 1058 1318 lemque
1083 1277 1352 1319 prospectaret.
1375 1294 1421 1299 —
1446 1274 1645 1318 discedens]

906 1321 1009 1356 Haec
1035 1321 1316 1366 simplicissima
1339 1321 1453 1356 lectio
1479 1324 1644 1366 apteque

906 1368 1141 1413 respondens
1177 1369 1293 1404 verbo
1329 1370 1477 1403 veniens
1515 1367 1644 1414 (Virg.

905 1416 999 1450 Aen.
1036 1418 1100 1459 10,
1135 1418 1200 1450 241
1219 1427 1228 1450 :
1254 1418 1405 1450 Aurora
1421 1434 1437 1441 -
1453 1416 1643 1459 veniente.)

907 1465 998 1498 satis
1031 1463 1201 1498 firmatur
1235 1474 1258 1498 a
1283 1463 1400 1498 Godd.
1431 1463 1527 1498 meis
1553 1473 1645 1497 con-

906 1513 965 1545 tra
1001 1510 1170 1556 reliquas
1203 1513 1376 1545 decedens
1414 1510 1540 1556 (Virg.
1575 1509 1644 1544 Ge.

909 1560 948 1601 1,
981 1559 1069 1592 450:
1109 1567 1251 1592 emenso
1285 1567 1367 1592 cum
1398 1559 1474 1591 iam
1506 1559 1646 1592 decedit

909 1607 1009 1649 (sol)
1040 1607 1204 1648 Olympo.
1232 1605 1299 1640 Ge.
1324 1608 1359 1647 4,
1383 1607 1474 1639 466:
1510 1606 1557 1638 Te
1581 1614 1644 1639 ve-

907 1655 1029 1688 niente
1063 1655 1140 1696 die,
1174 1656 1208 1687 le
1241 1654 1432 1687 decedente
1461 1651 1644 1694 canebat.)

908 1704 944 1734 et
969 1702 1197 1743 descendens,
1224 1700 1326 1745 quod
1353 1701 1453 1734 esset
1476 1701 1519 1732 ut
1542 1698 1644 1742 apud

907 1747 987 1782 Liv.
1014 1751 1047 1790 9,
1075 1751 1138 1781 23:
1171 1748 1228 1780 sol
1251 1747 1401 1780 meridie
1425 1754 1461 1779 se
1485 1746 1644 1779 inclina-

907 1796 971 1828 vit.
999 1815 1041 1818 -
1069 1803 1182 1827 curru
1214 1792 1398 1835 saviente]
1432 1791 1501 1826 Od.
1537 1795 1578 1835 3,
1609 1794 1645 1836 6,

907 1843 972 1875 44:
1009 1843 1164 1875 abeunte
1190 1849 1320 1883 curru,
1355 1839 1446 1874 item
1479 1840 1525 1873 de
1551 1840 1642 1874 sole.

909 1888 984 1922 Cfr.
1012 1888 1131 1922 Carm.
1159 1887 1240 1922 Sec.
1259 1891 1292 1922 9.
1311 1906 1354 1910 -
1371 1886 1540 1929 eaporet]
1559 1886 1644 1920 Non

908 1938 982 1969 tam
1002 1935 1260 1980 „tepefaciat“,
1285 1936 1327 1968 ut
1346 1934 1521 1978 plerique
1540 1934 1643 1976 (coll.

907 1983 1025 2027 Epod.
1041 1985 1074 2025 3,
1088 1984 1144 2017 15.
1162 1982 1314 2016 Lucret.
1329 1983 1362 2024 2,
1377 1983 1457 2016 150.
1473 1979 1642 2026 Lachm.)

910 2031 1112 2075 explicant,
1139 2040 1252 2074 quam
1277 2029 1430 2074 propria
1455 2027 1645 2073 significa-

907 2078 1023 2121 tione,
1050 2087 1209 2122 „vapore
1227 2076 1411 2111 obducat“
1437 2075 1645 2119 (amdan-

907 2125 1030 2169 stet),
1057 2127 1100 2158 ut
1124 2125 1166 2158 fit
1190 2124 1338 2169 vesperi
1361 2122 1431 2158 sub
1449 2123 1554 2157 caelo
1570 2122 1646 2157 Ita-

909 2172 995 2206 lico.

958 2268 1055 2300 8-11.
1084 2267 1190 2308 Quid,
1215 2267 1247 2299 si
1273 2265 1358 2308 cet.]
1386 2264 1510 2308 „Quid
1528 2264 1645 2307 dices,

910 2314 942 2348 si
968 2314 1036 2348 tibi
1063 2313 1225 2347 scribam
1251 2323 1385 2357 vepres
1402 2312 1502 2346 ferre
1528 2321 1645 2346 corna

910 2361 1001 2395 cet.“
1014 2362 1030 2394 ἲ
1048 2380 1092 2384 -
1111 2360 1272 2402 beniqni]
1300 2359 1461 2404 „largi;“
1489 2359 1555 2394 cfr.
1574 2357 1644 2393 od.

911 2411 951 2451 1,
978 2410 1041 2450 17,
1070 2409 1125 2442 15.
1173 2407 1251 2440 Alii
1284 2408 1479 2450 beniqnae,
1513 2409 1555 2440 ut
1587 2407 1646 2440 est

909 2466 994 2501 gen.
1019 2455 1105 2489 fem.
1131 2454 1281 2489 Lucret.
1309 2456 1348 2497 4,
1384 2456 1440 2488 62.
1490 2452 1644 2487 Lachm.

909 2502 1100 2547 Vepribus
1130 2502 1243 2546 ‚ipsis
1291 2502 1388 2535 hanc
1430 2500 1644 2545 largitatem

910 2550 1028 2584 tribui
1043 2560 1133 2584 sane
1149 2544 1446 2595 ποιητικώτερον
1460 2549 1518 2581 est
1530 2557 1644 2591 quam

910 2597 1069 2631 aliorum
1109 2597 1270 2637 benique.
1323 2594 1382 2629 Sic
1416 2593 1523 2628 Ovid.
1559 2592 1643 2627 Am.

914 2647 952 2687 1,
980 2646 1043 2686 10,
1069 2645 1134 2678 56:
1159 2644 1344 2676 Praebeat
1368 2642 1510 2675 Alcinoi
1531 2649 1644 2682 poma

912 2692 1086 2733 beniqnus
1112 2699 1212 2731 aqer.
1252 2689 1507 2734 Opponuntur
1532 2688 1642 2721 colles

910 2739 1065 2780 maligni
1113 2737 1217 2783 Virg.
1266 2736 1331 2771 Ge.
1381 2738 1401 2770 2
1417 2761 1426 2779 ,
1476 2737 1556 2769 179.
1598 2753 1642 2758 --
