1774 2930
722 182 816 218 ΔΒΕ
840 180 1064 216 Pomm.

1567 179 1656 221 493

255 285 347 330 Nec
376 284 507 329 verbo
539 284 717 328 verbum
748 282 915 326 curabis
944 280 1125 325 reddere
1154 279 1264 323 fidus

255 356 494 413 Interpres,
525 369 606 398 nec
637 353 809 397 desilies
840 353 1029 395 imitator
1058 352 1105 394 in
1135 355 1294 405 artum,

256 426 381 470 Unde
411 426 567 484 pedem
596 425 787 482 proferre
816 423 954 480 pudor
982 426 1100 466 vetet
1130 426 1204 465 aut
1235 422 1377 478 operis
1406 421 1493 464 lex.

1574 420 1657 462 135

256 497 348 541 Nec
379 498 442 540 sic
470 497 672 552 incipieS,
702 499 752 537 ut
782 495 965 551 scriptor
995 494 1179 550 cyclicus
1211 493 1338 535 olim:

237 645 315 679 133.
347 645 456 679 verbo
488 644 639 677 verbum
662 641 824 676 BbETc:
856 642 1007 674 verbum
1029 641 1136 674 verbo
1162 639 1208 683 S,
1239 638 1410 674 LctFMJ
1435 640 1473 674 et
1496 638 1611 672 Bent-

191 692 303 726 leius.
329 710 374 716 —
404 693 482 725 136.
516 691 670 732 cyclicus
702 688 827 730 bSTe,
858 687 970 733 Regii
1002 698 1120 733 prope
1159 697 1307 730 omnes,
1343 685 1440 721 LCt:
1477 687 1611 727 evetius

186 738 263 782 BE,
285 738 395 784 Regii
421 738 508 781 duo,
532 736 743 779 Bentleius,
765 735 845 769 Fu.

142 872 274 896 novam
322 861 363 895 in
404 863 441 895 te
490 860 748 894 inventionem
789 868 872 893 esse

143 910 242 943 ultro
267 918 526 954 agnoscamus.

192 957 358 990 133-135.
390 957 467 990 Nec
497 954 582 997 cet]
609 953 686 988 Cic.
718 953 765 988 de
798 954 874 997 opt.

142 1013 228 1048 gen.
277 1013 332 1037 or.
377 1003 424 1044 5,
467 1004 534 1036 14:
584 1002 667 1035 Non
712 1001 875 1034 converti

142 1048 361 1093 (Aeschinis
386 1051 424 1082 et
445 1044 711 1082 Demosthenis
737 1047 874 1081 oratio-

141 1096 233 1139 nes)
267 1098 308 1129 ni
339 1097 537 1138 interpres,
568 1096 632 1128 sed
663 1097 705 1127 ui
734 1096 875 1137 orator,

140 1143 327 1176 sententiis
358 1143 488 1176 iisdem
521 1144 554 1175 ei
587 1150 715 1175 earum
747 1142 875 1183 formis

142 1192 332 1231 tamquam
347 1190 487 1232 Muris,
512 1189 631 1222 verbis
647 1190 696 1221 ad
713 1191 875 1221 nostram

142 1238 436 1270 comeludinem
460 1237 574 1278 aptis,·
598 1237 638 1268 in
655 1236 786 1276 quibus
802 1244 876 1268 non

145 1284 295 1316 verbum
333 1291 402 1324 pro
441 1284 548 1316 verbo
588 1291 729 1316 necesse
765 1283 876 1315 habui

142 1330 312 1372 reddere,
336 1331 399 1363 sed
423 1338 534 1371 oenus
559 1338 661 1362 omne
685 1330 877 1363 verborum

142 1377 289 1417 vimque
318 1378 472 1410 temari.
500 1395 542 1399 —
567 1377 680 1409 verbo
704 1376 876 1419 verbum]

145 1422 219 1457 Cfr.
252 1422 300 1457 ad
323 1422 418 1468 Epp.
447 1426 485 1466 1,
513 1425 634 1470 19,..6.
660 1441 703 1446 --
731 1424 876 1456 curabis

143 1470 312 1514 reddere]
339 1480 445 1513 „nec,
471 1470 503 1504 si
528 1471 640 1514 poeta
656 1469 815 1504 Latinus
841 1472 879 1504 et

144 1527 227 1551 esse
254 1519 292 1551 et
315 1517 504 1551 nominari
528 1517 643 1559 voles,
667 1517 707 1550 in
733 1527 777 1550 eo
803 1517 878 1550 ela-

142 1563 311 1606 borabis,
337 1566 380 1597 ut
396 1574 509 1608 quam
525 1563 743 1597 fidelissime
762 1563 879 1598 Grae-

145 1621 230 1644 cum
253 1610 409 1655 aliquod
426 1610 615 1655 exemplar
640 1610 681 1644 in
698 1611 876 1644 Latinum

145 1659 360 1700 convertam
393 1668 481 1691 nam
512 1668 668 1702 pravum
701 1658 774 1692 hoc
800 1661 876 1691 stu-

143 1704 247 1738 dium
285 1704 402 1739 officit
436 1704 548 1738 etiam
582 1705 766 1739 sermonis
800 1706 876 1739 ele-

141 1751 294 1797 gantiae
327 1754 365 1785 et
395 1752 578 1796 pusillum
610 1751 736 1796 prodit
769 1751 875 1797 inge-

142 1799 281 1832 nium.“
310 1818 352 1822 —
380 1798 595 1832 Secundum
619 1799 691 1832 hoc
718 1801 797 1833 erat
821 1799 875 1832 vi-

143 1845 258 1888 tium,
294 1845 342 1879 ad
378 1846 480 1890 qnod
512 1846 624 1890 proni
662 1847 770 1879 erant
802 1845 875 1880 Ro-

144 1893 266 1935 mani,
300 1903 384 1926 eum
418 1892 582 1926 Graecos
616 1892 875 1936 imitarentur;

144 1938 228 1972 vide
261 1939 371 1972 modo
403 1939 556 1973 Medeae
588 1939 783 1974 Ennianae
816 1951 875 1974 re-

145 1983 299 2027 liquias.
322 1985 453 2028 Eurip.
477 1985 574 2019 Med.
600 1988 687 2019 502:
712 1986 793 2019 Νῦν
812 1991 880 2020 ποῖ

144 2026 348 2077 τράπωμαι
355 2043 371 2070 ,·
417 2027 558 2078 πότερα
598 2030 693 2078 πρὸς
734 2031 878 2079 πατρὸς

145 2073 309 2119 δόμους,
357 2073 430 2119 Οὓς
470 2079 535 2111 σοὶ.
575 2077 772 2125 προδοῦσα
812 2081 877 2112 καὶ

147 2121 295 2171 πάτραν
311 2121 515 2168 ἀφικόμην
524 2137 539 2164 ,·
556 2121 606 2157 Ἤ
628 2123 723 2171 πρὸς
747 2125 878 2159 ταλαί-

146 2182 216 2212 νας
239 2168 451 2213 Πελιάδας,·
474 2171 642 2205 Ennius:
678 2173 756 2214 Quo
782 2181 877 2207 nunc

145 2226 202 2252 me
242 2220 412 2252 vortam?
460 2220 555 2259 quod
594 2220 665 2252 iter
704 2220 878 2261 incipiam

146 2266 313 2306 inaredi?
389 2267 545 2299 Domum
605 2268 877 2307 pater-namne?

147 2320 243 2345 anne
277 2314 327 2345 ad
359 2313 485 2345 Peliae
518 2313 640 2354 filias?
688 2313 807 2347 Bothe
839 2325 876 2358 p.

148 2359 227 2400 54.)
267 2378 310 2382 —
349 2368 414 2392 nec
455 2360 596 2392 desilies
635 2361 798 2393 imitator
838 2362 878 2394 in

147 2405 286 2448 arium]
314 2405 375 2448 „Si
400 2406 440 2438 in
465 2406 578 2440 rebus
603 2417 646 2440 ac
673 2409 878 2453 περιπετεί-

147 2463 208 2493 αις
246 2452 316 2494 (de
349 2452 472 2486 verbis
509 2456 620 2488 antea
656 2455 875 2497 monuerat)

147 2499 271 2532 statim
297 2499 343 2532 ab
376 2499 483 2534 initio
515 2500 627 2534 nimis
652 2503 688 2534 te
714 2502 877 2545 applica·

147 2546 247 2580 veris
264 2546 480 2591 tragoediae
503 2547 618 2581 alicui
638 2547 815 2591 Graecae,
838 2551 875 2583 te

148 2593 335 2627 coartabis
376 2593 457 2637 ipse
499 2597 535 2627 et
576 2595 683 2638 quasi
725 2595 877 2629 vincula

146 2636 215 2672 tibi
241 2639 410 2683 iniicies3
445 2651 490 2674 ex
515 2652 590 2685 quo
615 2641 698 2683 fiet,
725 2645 766 2675 ut
790 2653 877 2676 mox

147 2686 325 2730 proprius
361 2687 483 2731 pudor
520 2691 556 2722 te
594 2688 790 2732 impediat,
827 2700 875 2723 ne

148 2731 304 2767 liberius
330 2734 518 2768 interdum
538 2736 756 2780 exspatiere.
782 2735 875 2770 Tuis

920 858 1020 892 enim
1045 857 1127 902 ipse
1162 857 1307 891 viribus
1342 856 1439 891 nihil
1464 856 1658 892 confidens

924 915 1001 939 non
1035 905 1193 939 audebis
1226 915 1352 950 neque
1385 904 1524 939 addere
1548 902 1659 949 quid-

924 962 1036 996 quam
1061 962 1132 986 nec
1158 951 1308 986 demere
1333 961 1403 986 neo
1427 954 1588 994 mutare,
1612 951 1659 984 ti-

922 1009 1048 1041 mens,
1081 1010 1130 1033 ne
1156 999 1312 1044 quaevis
1341 999 1549 1033 immutatio
1575 1009 1660 1043 spe-

923 1045 1130 1080 ctatoribus
1155 1046 1294 1080 inscita
1317 1056 1362 1080 ac
1381 1046 1583 1081 temeraria
1606 1045 1659 1079 vi-

923 1093 1056 1127 deatur
1107 1103 1247 1138 eosque
1296 1093 1456 1128 laedat!
1500 1112 1543 1117 —
1592 1095 1658 1126 aui

924 1142 1043 1182 operis
1082 1140 1163 1184 lex]
1203 1141 1449 1183 ,οἰκονομίω
1488 1140 1580 1174 ordo
1614 1150 1659 1174 ac

924 1187 1130 1231 descriptio
1164 1187 1247 1221 eius
1280 1187 1514 1232 tragoediae,
1547 1197 1659 1232 quam

924 1234 1143 1268 imitandam
1170 1235 1383 1278 sumpsisti3
1417 1235 1660 1269 oeconomica

925 1281 1123 1326 dispositio
1150 1281 1326 1316 omnibus
1359 1284 1449 1316 nota
1474 1284 1513 1316 et
1536 1293 1559 1315 a
1584 1292 1662 1326 qua

925 1328 1124 1362 deflectere
1149 1329 1211 1362 vix
1226 1329 1381 1373 poteris,
1407 1340 1503 1371 cum,
1529 1329 1561 1362 si
1586 1329 1659 1363 hoe

925 1376 1049 1409 facere
1074 1375 1237 1418 audeas,
1270 1375 1449 1410 mutando
1474 1376 1658 1420 imprimis

926 1421 1660 1514 5³“50e‘2‘53502215551333555333

927 1517 1050 1551 statim
1088 1528 1216 1551 omnes
1250 1516 1423 1561 imperite
1461 1519 1498 1552 te
1537 1517 1659 1563 egisse

926 1565 1123 1598 clament.“

974 1613 991 1644 1
998 1613 1053 1645 36.
1067 1611 1237 1654 καίριον]
1250 1611 1295 1644 111
1304 1612 1377 1645 hoc
1385 1611 1570 1646 vocabulo
1580 1621 1659 1645 non

924 1660 1015 1702 puto
1041 1659 1166 1692 inesse
1192 1658 1374 1698 ironiam,
1408 1669 1521 1703 quam
1546 1658 1587 1692 in
1613 1669 1660 1693 eo

926 1705 1104 1739 odoratus
1129 1708 1187 1739 est
1210 1705 1436 1739 Welckerus
1460 1707 1537 1739 der
1562 1706 1659 1747 epi·

923 1754 1025 1786 sche
1065 1753 1217 1793 cyclus
1249 1763 1286 1797 p.
1322 1754 1402 1786 113.
1437 1752 1513 1786 Cfr.
1546 1753 1590 1786 A.
1615 1752 1658 1786 P.

927 1801 1006 1836 120.
1032 1801 1131 1841 235„
1163 1800 1253 1833 item
1277 1799 1372 1844 Epp.
1399 1802 1437 1842 2,
1466 1802 1504 1842 1,
1530 1801 1587 1834 36.
1610 1817 1660 1824 -·

925 1846 1093 1889 cyclicus]
1111 1846 1218 1880 Hanc
1240 1846 1409 1889 formam,
1434 1849 1565 1891 utpote
1584 1858 1660 1891 qua

923 1893 1159 1938 grammatici
1199 1894 1422 1939 plerumque
1467 1895 1529 1928 usi
1570 1894 1659 1937 sint,

924 1940 1106 1975 firmatam
1154 1943 1353 1985 praeterea
1407 1952 1430 1975 a
1479 1943 1659 1985 quattuor

923 1988 1017 2021 meis
1042 1987 1169 2029 Codd.,
1196 1998 1280 2021 cum
1297 1988 1498 2022 Welckero
1522 1999 1558 2032 p.
1580 1990 1659 2022 117.

924 2034 1099 2077 praefero
1132 2035 1241 2068 alteri
1275 2036 1427 2076 cyclius,
1462 2035 1533 2069 etsi
1560 2035 1661 2070 hanc

924 2080 1081 2124 praebet
1122 2081 1234 2114 etiam
1276 2081 1365 2114 Cod.
1407 2081 1452 2115 B.
1491 2082 1659 2115 omnium

926 2127 1213 2171 antiquissimus
1239 2130 1276 2161 et
1291 2127 1488 2162 Pollianus
1505 2129 1658 2163 Anthol.

924 2172 1004 2206 Pal.
1020 2173 1069 2207 11.
1086 2185 1122 2218 p.
1141 2176 1230 2208 358:
1258 2172 1356 2216 Τοὺς
1373 2174 1553 2217 κυκλίους
1569 2173 1659 2209 τού-

927 2231 1015 2262 τους
1039 2219 1129 2262 τοὺς
1161 2219 1308 2269 αὐτὰρ
1342 2218 1501 2256 ἔπειτα
1526 2222 1659 2267 λέγον-
1725 2259 1730 2266 ,

926 2277 993 2309 τας
1016 2268 1128 2301 Μισῶ
1158 2268 1256 2309 κτλ,
1290 2269 1356 2313 (1111
1390 2272 1514 2303 tamen
1547 2271 1660 2315 poeta

925 2313 972 2348 de
997 2315 1220 2359 aequalibus
1245 2315 1342 2359 suis,
1368 2327 1445 2350 non
1472 2317 1519 2351 de
1544 2318 1659 2362 cycli-

926 2361 980 2395 cis
1017 2362 1185 2406 antiquis
1223 2363 1329 2407 loqui
1367 2374 1509 2408 eosque
1545 2365 1659 2398 intel—

924 2408 1044 2453 ligere
1069 2409 1230 2452 videtur,
1256 2410 1334 2455 qui,
1359 2413 1402 2444 ut
1426 2414 1484 2445 est
1507 2422 1542 2444 v.
1566 2413 1658 2454 132.‚

925 2457 1023 2489 circa
1047 2457 1156 2490 vilem
1185 2458 1427 2498 patulumque
1459 2460 1656 2491 moraban-

925 2505 986 2535 tur
1011 2504 1152 2546 orbem,
1176 2503 1381 2538 Homerum
1411 2505 1544 2549 putide
1574 2505 1658 2538 imi-

924 2549 1003 2583 tati.
1051 2550 1252 2584 Poiitarum
1278 2555 1403 2585 autem
1429 2552 1658 2596 cyclicorum

925 2596 1076 2631 nomine
1095 2597 1335 2632 Grammatiei
1354 2599 1603 2632 Alexandrini
1620 2602 1658 2633 et

923 2643 1072 2678 Horatii
1106 2646 1284 2689 aequales
1318 2656 1382 2679 eos
1419 2645 1656 2690 potissimum

925 2692 1291 2735 complectebantur,
1340 2703 1437 2737 quos
1486 2693 1658 2727 nominat

923 2737 1082 2772 Proclus
1108 2739 1146 2771 in
1175 2738 1492 2774 Chrestomathiae
1519 2739 1657 2775 Excer-
