1774 2930
173 172 259 213 244

676 170 884 206 HORATII
909 172 1191 206 SATIRARUM

289 271 453 315 Erucas
485 273 664 327 virides,
697 273 836 315 inulas
869 287 949 329 ego
979 274 1142 330 primus
1174 289 1339 317 amaras

289 343 524 386 Monstravi
555 345 805 400 incoquere,
838 345 997 386 inlutos
1031 345 1234 388 Curtillus
1268 336 1489 399 echinoss

288 415 347 457 Ut
376 415 529 458 melius
561 416 700 457 muria
731 415 844 471 quod
874 419 986 458 testa
1015 417 1181 459 marina
1210 418 1412 459 remittat.

289 486 460 529 Interea
491 500 703 543 suspensa
734 499 886 542 graves
918 487 1069 530 aulaea
1097 488 1242 529 ruinas

288 557 339 599 In
369 558 560 614 patinam
590 557 750 611 fecere,
783 557 997 600 trahentia
1026 558 1215 614 pulveris
1247 559 1328 600 atri

1635 559 1693 600 55

291 627 508 676 Quantum
538 642 624 670 non
654 627 813 685 Aquilo
845 628 1075 685 Campanis
1108 630 1266 671 excitat
1296 630 1423 685 agris.

288 699 377 742 Nos
408 700 545 742 maius
575 700 720 754 veriti,
752 703 980 756 postquam
1009 700 1118 742 nihil
1149 715 1245 743 esse
1276 701 1425 757 pericli

291 770 532 825 Sensimus,
565 771 781 827 erigimur.

288 841 426 883 Filius
458 842 709 884 immaturus
743 842 922 895 obisset,
954 843 1070 885 flere.

289 912 429 966 Finis,
462 914 507 954 ni
540 914 712 969 sapiens
746 913 807 955 sic
836 913 1131 956 Nomentanus
1165 914 1347 956 amicum

843 771 983 812 Rufus
1013 772 1154 827 posito
1187 772 1346 828 capite,
1377 775 1426 814 ut
1456 772 1493 814 si

1134 842 1240 891 Quis
1274 847 1388 886 esset

1635 914 1692 955 60

292 983 503 1026 Tolleret:
534 984 654 1038 Heu,
685 984 894 1038 Fortuna,
929 985 1023 1040 quis
1056 989 1121 1027 est
1154 985 1363 1027 crudelior
1394 985 1438 1026 in
1469 999 1546 1027 nos

267 1127 323 1159 53.
362 1127 458 1166 quod
491 1125 608 1170 bScp,
643 1125 733 1159 Cod.
766 1125 946 1169 Franeq..
938 1136 946 1143 ·

985 1134 1055 1166 quo
1082 1125 1171 1159 Cod.
1198 1125 1330 1159 Bland.
1356 1126 1644 1168 vetustissimus,

219 1181 332 1213 quam
355 1171 445 1215 LCt,
470 1172 678 1215 Bentleius,
703 1172 781 1206 ΕΜ.
801 1192 843 1196 -
863 1174 1024 1206 remittat
1050 1173 1108 1215 bc,
1134 1173 1224 1207 cod.
1249 1173 1410 1217 Franeq.
1420 1198 1429 1215 ,
1454 1175 1486 1207 t.
1519 1175 1643 1206 remit-

220 1221 261 1252 cic
287 1230 474 1264 superscr.
500 1229 524 1253 a
551 1220 586 1262 S,
610 1221 762 1254 remittit
786 1231 822 1264 p,
849 1219 939 1254 God.
957 1220 1092 1254 Bland.
1118 1221 1407 1263 vetustissimus,
1432 1219 1505 1263 Lo,
1530 1220 1643 1254 Bent-

220 1267 331 1310 leius,
355 1266 434 1300 ΕΜ.

220 1382 282 1413 51-
286 1381 342 1413 53.
356 1379 515 1422 Erucas]
530 1379 597 1414 Est
610 1379 779 1414 brassica
794 1389 907 1413 eruca

171 1425 282 1459 Linn.
275 1452 296 1469 .,
320 1428 350 1459 R
365 1428 493 1460 aulae.
525 1427 603 1461 Has
630 1427 770 1461 virides
796 1437 909 1471 appo-

172 1484 264 1508 nere
291 1484 331 1508 se
357 1474 531 1508 docuisse
555 1485 631 1508 non
661 1474 743 1508 sine
770 1474 909 1516 φιλαυ-

172 1522 234 1565 not
260 1525 409 1564 narrat,
445 1532 529 1555 cum
554 1525 664 1555 antea
700 1522 908 1556 seminibus

172 1568 364 1603 dumtaxat
382 1568 428 1602 ad
447 1569 680 1603 condiendos
707 1569 809 1603 cibos
828 1571 907 1603 ute-

171 1618 317 1650 rentur.
369 1615 443 1650 cfr.
485 1617 659 1661 Apicium
698 1619 735 1659 1,
779 1618 835 1650 27.
861 1634 908 1640 ——

171 1664 538 1706 inulas-—amaras]
572 1665 729 1697 Alam.-
774 1663 848 1697 Sat.
875 1666 907 1705 2,

173 1713 212 1753 2,
250 1714 313 1743 44:
348 1712 642 1744 acidas—inulas.
679 1730 723 1734 —-
757 1711 906 1754 inlutos]

174 1768 273 1799 „non
298 1769 397 1802 aqua
422 1758 524 1792 dulci
552 1758 669 1800 lotos,
697 1769 771 1802 quo
797 1759 907 1792 mari-

172 1815 243 1838 nae
278 1816 388 1849 sapor
421 1806 468 1839 iis
494 1805 712 1846 decederet,
751 1806 906 1839 echinos

170 1852 493 1896 praestantissimo
526 1853 615 1885 huic
652 1851 728 1885 iuri
762 1852 905 1886 muriae

171 1899 254 1933 loco
272 1899 415 1943 primus
441 1900 649 1943 incoquere
668 1899 795 1932 docuit
814 1899 906 1932 Cur-

170 1946 312 1988 tillus“,
350 1946 478 1980 helluo
515 1947 688 1991 ignotus,
726 1946 788 1980 cui
826 1946 905 1991 glo-

170 1994 289 2027 riolae
314 1996 458 2038 partem
488 1994 651 2027 libenter
678 1993 794 2035 cedit,
829 2005 904 2038 quo

171 2041 372 2074 artificium
389 2041 594 2095 perfecisse
620 2041 701 2085 ipse
719 2040 904 2075 videatur.

173 2108 215 2111 —
234 2090 275 2121 Ut
294 2089 436 2131 melius]
462 2085 514 2130 ὠς
539 2092 719 2135 κοεῖσσον
744 2084 801 2121 ὄν.
829 2087 904 2122 Cfr.

170 2146 203 2168 v.
231 2138 293 2170 89:
328 2138 367 2168 ut
403 2137 517 2169 multo
550 2137 711 2169 suavius.
738 2155 781 2158 —-
810 2138 906 2176 quod

171 2185 261 2216 testa
285 2184 435 2216 marina
459 2183 636 2226 remittat]
682 2182 803 2222 „Quia
826 2193 903 2216 me-

170 2230 244 2263 lius
265 2230 313 2264 sit
330 2241 439 2275 quam
457 2230 580 2264 muria
597 2242 619 2264 a
638 2231 777 2264 cetario
795 2241 903 2274 prae-

170 2280 318 2320 parata,
358 2289 469 2322 quam
502 2278 566 2311 alii
603 2278 693 2311 huic
729 2278 804 2311 iuri
840 2276 904 2311 ad-

169 2324 347 2366 miscent,
385 2325 443 2367 id,
482 2325 583 2369 quod
617 2327 714 2359 testa
746 2325 902 2367 marina,

169 2371 301 2405 illutus
328 2372 485 2406 echinus
510 2383 577 2416 per
604 2382 643 2406 se
670 2372 749 2416 ipse
775 2373 903 2406 remit-

169 2420 223 2452 tat
248 2420 379 2460 (sucus
415 2420 495 2453 eius
530 2420 712 2453 naturalis
745 2430 821 2453 non
849 2419 903 2452 di-

169 2465 273 2499 lutus
298 2476 396 2510 aqua
421 2466 575 2508 dulci).“
626 2467 823 2512 Volgatam
850 2466 901 2500 Ie-

170 2513 332 2546 ctioncm
358 2522 467 2553 quam
492 2514 595 2547 varie
622 2514 829 2558 explicant:
865 2514 900 2555 1)

171 2560 327 2602 „melius
351 2560 492 2602 muria,
532 2571 629 2604 quae
654 2562 902 2605 praeparatur

170 2618 214 2641 ex
235 2607 434 2641 conchulis
453 2608 627 2650 marinis3
635 2609 716 2650 “2)
746 2608 900 2649 „muria,

170 2665 265 2698 quae
285 2654 505 2689 defunditur
521 2665 565 2688 ex
583 2665 671 2688 orca
684 2655 898 2689 ΒνΖειιιῐίἢ-έ*

217 2704 278 2735 54-
282 2705 338 2735 64.
356 2701 517 2744 Jmerea]
537 2701 636 2735 Scite
655 2702 800 2736 duobus
818 2713 899 2735 ver-

170 2748 272 2783 sibus
297 2749 439 2783 heroici
467 2749 549 2783 soni
576 2760 668 2783 usus
695 2753 750 2783 est
775 2750 815 2782 in
842 2760 900 2783 ar-

958 1382 1135 1433 gumento
1161 1379 1335 1414 ridiculo.
1351 1398 1394 1403 —
1410 1379 1562 1422 aulaea]
1589 1389 1695 1426 περι-

959 1437 1001 1459 :lc
991 1437 1195 1460 τασιιατα.
1246 1426 1322 1460 Cfr.
1360 1425 1428 1460 Od.
1454 1429 1494 1468 3,
1529 1428 1592 1466 29,
1628 1428 1692 1468 14:

954 1482 1164 1516 pauperum
1203 1475 1319 1508 Cenae
1358 1475 1436 1507 sine
1477 1474 1622 1507 aulaeis
1659 1476 1694 1507 et

958 1524 1067 1555 ostro.
1097 1521 1362 1564 „Consuetudo
1388 1521 1487 1566 apud
1512 1521 1688 1566 antiquos

957 1569 1049 1611 fuit,
1083 1572 1126 1602 ut
1151 1570 1284 1603 aulaea
1314 1569 1383 1603 sub
1411 1578 1577 1603 cameras
1609 1571 1691 1602 ten-

958 1616 1102 1658 derent,
1129 1619 1180 1658 ut,
1207 1617 1238 1650 si
1265 1616 1358 1660 quid
1388 1616 1555 1660 pulveris
1581 1615 1689 1649 cade-

957 1666 1026 1706 ret,
1052 1663 1096 1697 ab
1123 1663 1216 1708 ipsis
1240 1663 1511 1707 exciperetur.“
1539 1662 1689 1696 PORPR.

958 1710 1110 1744 Servius
1128 1710 1174 1744 ad
1191 1710 1285 1743 Aen.
1305 1712 1337 1749 1,
1355 1711 1420 1743 701
1435 1720 1443 1742 :
1470 1710 1555 1743 Ideo
1578 1710 1690 1743 etiam

955 1759 995 1790 in
1019 1759 1182 1790 domibus
1208 1757 1449 1790 tendebantur
1473 1757 1621 1799 aulaea,
1648 1759 1689 1790 ut

955 1805 1111 1837 imitatio
1138 1805 1378 1837 tentoriorum
1400 1805 1522 1846 fieret:
1535 1821 1550 1828 -
1564 1823 1579 1829 -
1591 1805 1688 1838 unde

957 1854 989 1884 et
1021 1853 1061 1884 in
1094 1852 1264 1884 thalamis
1300 1852 1367 1884 hoc
1401 1851 1483 1893 fieri
1515 1852 1689 1892 hodieque

956 1899 1202 1940 conspicimus.
1269 1898 1383 1932 Varro
1433 1900 1554 1932 tamen
1602 1899 1688 1931 dicit

953 1946 1036 1979 vela
1072 1947 1189 1980 solere
1222 1946 1393 1988 suspendi
1427 1947 1476 1979 ad
1506 1946 1687 1986 excipien-

955 1995 1041 2026 dum
1086 1994 1296 2035 pulverem,
1343 1994 1440 2026 unde
1488 1993 1688 2025 Horatius.-

954 2040 1106 2074 Interea
1131 2043 1201 2074 cet.
1228 2060 1270 2063 —
1296 2041 1415 2073 maius
1438 2039 1559 2082 veriti]
1586 2039 1688 2081 „rui-

954 2098 1039 2121 nam
1082 2087 1214 2121 domus
1263 2088 1506 2121 metuentes.“
1558 2085 1686 2120 Comi.

954 2135 1075 2173 CRUQ.
1098 2155 1140 2158 —
1161 2135 1350 2178 eriqimur]
1377 2134 1565 2177 „animum
1589 2134 1685 2167 reci-

952 2182 1110 2226 pimus.“
1144 2202 1186 2206 —
1222 2181 1364 2224 Rufus]
1409 2181 1685 2224 „Nasidienus3

954 2232 1035 2263 erat
1049 2230 1148 2263 enim
1163 2229 1399 2263 binominis.“
1421 2228 1549 2263 Coma.
1564 2228 1685 2267 Onne.

955 2296 997 2300 -—
1020 2279 1140 2318 posito
1183 2276 1323 2319 capite]
1375 2275 1606 2318 „demisso.“
1641 2295 1684 2299 —

951 2324 1183 2366 immaturus]
1211 2323 1298 2368 „qui
1323 2323 1491 2357 nondum
1515 2325 1684 2356 maturus

952 2375 1051 2406 esset
1087 2371 1234 2405 morti.“
1286 2370 1424 2404 Tibull.
1464 2372 1504 2411 2,
1542 2372 1582 2410 6,
1620 2371 1684 2403 29:

951 2420 1088 2458 Parce,
1119 2427 1187 2459 per
1211 2419 1410 2450 immatura
1444 2418 1530 2450 tuae
1551 2424 1684 2458 precor

952 2474 1034 2499 ossa
1057 2467 1204 2498 sororis.
1223 2484 1268 2488 —
1287 2463 1494 2507 Tolleress„
1499 2465 1683 2497 maestum

951 2513 1167 2547 consolatus
1194 2513 1333 2554 esset;“
1366 2522 1424 2556 pr.
1450 2511 1496 2545 (10
1523 2521 1578 2552 00,
1603 2510 1684 2564 (1111,

952 2570 1036 2594 011111
1061 2559 1166 2592 humi
1191 2559 1366 2603 procidit,
1396 2559 1441 2592 ab
1468 2558 1542 2592 alio
1569 2557 1682 2602 erigi-

950 2610 1023 2641 tur.
1052 2606 1225 2640 Ceterum
1251 2605 1469 2650 imperfecta
1494 2604 1591 2638 coni.
1612 2614 1681 2648 pro

948 2654 1245 2698 plusquamperf.
1273 2664 1382 2698 saepe
1415 2652 1469 2687 sic
1494 2662 1681 2696 usurpan-

949 2705 1029 2744 tur,
1064 2701 1129 2735 ubi
1162 2702 1202 2734 in
1236 2701 1360 2745 ipsum
1391 2699 1488 2733 illud
1522 2701 1681 2743 tempus,

951 2760 1024 2793 quo
1044 2749 1133 2793 quid
1150 2749 1290 2782 factum
1309 2750 1376 2789 est,
1401 2746 1604 2781 revertitur
1622 2755 1680 2779 se-
