1786 2912
157 122 213 163 88
425 130 429 134 ’
657 121 863 156 ΗΟΒΑΤΠ
888 122 1173 157 SATIRARUM

157 222 275 255 ullum
295 222 535 266 splendorem
551 226 790 267 pepererant,
817 223 888 257 etsi
937 234 1119 269 arrogans
1143 224 1289 268 fuisset,
1314 225 1346 260 si
1373 228 1584 270 praetorem
1609 227 1670 262 vel

155 270 266 314 ipsis,
323 272 451 314 utpote
501 270 718 304 hominibus
768 270 888 312 novis,
937 271 1030 305 adeo
1057 272 1251 306 consulem
1283 283 1351 317 pro
1379 275 1577 318 quaestore
1602 285 1669 319 po-

155 317 290 350 honori
339 317 474 351 fuerat.
532 317 707 351 Ridicule
757 319 890 352 contra
938 319 1090 352 suisset.

688 461 1142 504 EXCURSUS

760 542 819 575 Ad
845 553 901 576 vv,
927 544 983 576 74.
1011 545 1065 577 75.

247 613 451 658 Ingeniosa
483 612 529 646 de
563 615 804 647 controverso
839 614 909 647 hoc
942 613 1024 647 loco
1059 617 1178 648 exstat
1210 614 1413 659 disputatio
1441 614 1481 650 G.
1507 616 1547 650 F.
1573 616 1668 650 Her-

155 661 295 702 manni,
320 659 512 706 Marburgi
543 662 656 703 1838„
682 672 795 705 quam
821 661 881 694 hie
909 672 1108 706 excerpere
1134 662 1247 696 iuvat.
1272 662 1314 697 P.
1340 665 1405 697 34:
1432 663 1566 706 „Quod
1590 663 1668 698 dixi

162 707 261 740 nullo
298 710 466 741 veterum
501 708 715 742 testimonio
749 708 862 742 aliam
897 710 1098 742 loculorum
1137 709 1451 755 significationem
1483 713 1668 754 constare,

162 755 227 787 nisi
254 766 350 799 quae
382 755 430 789 ad
461 755 660 799 pecuniam
694 756 831 790 aliasve
858 757 939 790 eius
973 757 1125 801 generis
1151 768 1211 791 res
1244 758 1428 802 pretiosas
1453 757 1668 792 condendas

159 806 358 846 spectaret,
389 813 466 836 non
492 814 573 836 eam
598 804 672 836 vim
697 804 828 845 habet,
860 807 903 837 ut
927 804 959 837 si
985 804 1057 838 loci
1081 804 1243 838 alicuius
1269 805 1456 839 sententia
1480 805 1520 839 id
1545 805 1668 850 ipsum

158 850 330 893 postulet,
356 850 537 884 librorum
562 851 704 894 pariter
730 861 773 884 ac
797 861 1027 895 gemmarum
1052 852 1111 885 vel
1136 852 1297 885 clavium
1323 852 1546 895 conditoria,
1573 863 1668 897 quae

157 896 246 930 alias
273 906 404 939 capsae
432 909 460 931 s.
485 899 622 931 scrinia
655 898 961 943 appellabantur,
996 899 1208 943 significare
1241 910 1352 944 posse
1378 910 1530 945 negem,
1565 911 1667 934 cum-

155 955 226 988 que
253 946 418 978 tabulam
443 945 515 978 iam
549 957 570 979 a
596 945 805 979 Scholiasta
838 946 884 979 ad
919 946 1107 979 scribendi
1140 946 1422 981 meditationem
1454 947 1588 982 referri
1615 948 1668 980 vi-

151 991 318 1034 deamus,
344 995 490 1026 tantum
515 993 621 1026 abest
645 996 687 1026 ut
710 992 900 1038 Epistulae
922 996 951 1034 1,
982 996 1010 1035 1,
1037 995 1092 1027 56.
1118 993 1242 1028 locum
1267 995 1339 1028 hoc
1362 996 1489 1028 vetare
1506 994 1669 1029 arbitrer

152 1049 199 1073 ne
228 1040 362 1072 loculos
388 1051 456 1084 pro
482 1040 666 1074 librorum
693 1041 984 1085 chartarumque
1018 1044 1056 1074 et
1082 1041 1160 1074 stili
1192 1041 1428 1086 repositoriis
1452 1042 1669 1084 habeamus,

151 1089 194 1120 ut
218 1088 277 1120 vel
302 1088 504 1120 maximum
531 1087 612 1121 eius
639 1097 796 1121 acumen
814 1089 1024 1131 periturum
1043 1099 1126 1122 esse
1144 1088 1277 1131 dicam,
1302 1089 1335 1123 si
1360 1089 1567 1134 gestamina
1592 1089 1668 1124 lae—

152 1134 207 1167 vis
234 1134 402 1168 humeris
429 1146 612 1179 suspensa
635 1135 891 1169 feneratorum
909 1139 1052 1169 tantum
1069 1136 1322 1170 instrumenta
1338 1137 1564 1179 necessaria,
1590 1146 1668 1170 non

151 1182 262 1216 simul
288 1183 398 1216 etiam
425 1183 733 1216 scholasticorum
759 1183 922 1227 speciem
955 1183 1120 1227 aliquam
1154 1183 1412 1226 continerent,
1447 1184 1585 1228 quibus
1611 1184 1669 1217 illi

152 1230 322 1274 quamvis
356 1229 474 1263 adulti
507 1229 677 1274 adeoque
702 1231 870 1274 provecti
896 1232 1017 1264 aetate
1051 1233 1175 1264 tamen
1207 1233 1361 1275 propter
1387 1231 1604 1265 caecitatem
1631 1233 1668 1265 et

151 1276 393 1310 illiberalium
428 1277 638 1311 studiorum
671 1277 927 1311 assiduitatem
959 1289 1036 1311 non
1062 1278 1143 1311 sine
1168 1288 1302 1323 magno
1335 1278 1500 1312 ludibrio
1526 1282 1563 1312 et
1589 1277 1667 1312 sale

150 1327 428 1368 comparantur.
475 1323 606 1369 Neque
640 1325 680 1358 in
707 1325 764 1359 his
799 1325 983 1366 consisto,
1018 1325 1083 1359 sed
1110 1325 1254 1359 Satirae
1286 1335 1438 1370 quoque
1463 1326 1575 1367 loco,=
1601 1324 1667 1359 illo

150 1382 263 1405 versu
290 1374 456 1413 servato,
492 1383 629 1406 novum
654 1383 812 1406 acumen
838 1372 1017 1406 accedere
1042 1374 1152 1416 puto,
1185 1372 1232 1407 de
1259 1383 1334 1417 quo
1359 1372 1428 1414 iis,
1461 1373 1527 1418 qui
1553 1374 1668 1406 totam

152 1420 361 1453 sententiae
387 1420 462 1453 vim
487 1420 527 1452 in
554 1420 806 1454 calculatoriis
833 1420 968 1454 studiis
994 1420 1199 1454 irridendis
1224 1420 1412 1454 contineri
1434 1419 1668 1454 arbitraban-

152 1469 225 1504 tur,
253 1467 349 1500 nihil
374 1467 552 1508 suboluit,
579 1467 689 1501 nobis
715 1470 857 1509 autem,
884 1467 949 1512 qui
976 1467 1239 1501 liberalitatem
1263 1467 1410 1501 Horatii
1435 1467 1554 1511 patris
1579 1477 1668 1501 cen·
1733 1497 1744 1506 ,

150 1514 345 1548 turionum
371 1514 622 1558 parsimoniae
650 1515 688 1547 in
707 1515 869 1548 filiorum
897 1525 1051 1548 suorum
1074 1515 1311 1548 institutione
1330 1515 1469 1559 opponi
1494 1514 1668 1557 vidimus,

151 1561 473 1605 exoptatissimum
500 1561 687 1595 calculum
714 1562 884 1595 adiiciat:
911 1561 1154 1595 solitudinem
1178 1562 1273 1603 dieo,
1300 1572 1376 1606 qua
1401 1562 1667 1596 centurionum

149 1609 258 1652 pueri
291 1609 436 1642 loculos
463 1608 685 1653 tabulasque
713 1610 791 1642 suis
816 1609 888 1653 ipsi
922 1609 1090 1642 humeris
1124 1612 1290 1653 gestasse
1323 1608 1523 1651 dicuntur,
1550 1619 1669 1652 quum

150 1656 329 1690 Horatius
355 1656 454 1690 inter
481 1656 648 1700 reliquas
672 1656 790 1700 patris
817 1656 877 1689 sui
909 1656 1040 1689 laudes
1067 1656 1164 1689 hanc
1190 1666 1343 1700 quoque
1368 1658 1502 1699 ponat:
1534 1658 1668 1695 vestem

148 1713 340 1744 servosque
364 1706 568 1745 sequentes,
594 1705 642 1736 In
664 1712 798 1745 maone
823 1706 863 1736 ut
887 1704 1043 1745 populo,
1070 1705 1102 1735 si
1126 1704 1206 1743 quis
1231 1704 1389 1745 vidisset,
1416 1704 1519 1736 avila
1542 1704 1603 1737 Ex
1625 1711 1667 1736 re

147 1753 320 1792 praeberi
343 1753 506 1793 sumptus
539 1752 627 1784 mihi.
659 1752 821 1784 crederet
853 1752 957 1784 illos.-
998 1761 1191 1795 quumque
1226 1752 1340 1784 totam
1374 1750 1667 1794 descriptionem

150 1798 203 1832 ita
228 1799 438 1832 institutam
465 1809 547 1832 esse
573 1796 775 1839 videamus,
802 1801 843 1831 ut
869 1798 1020 1843 singula
1045 1797 1204 1842 singulis
1230 1798 1502 1842 respondeant,
1528 1797 1667 1841 optime

149 1846 318 1890 profecto
345 1846 541 1880 nobiscum
567 1848 710 1887 actum,
744 1845 846 1890 quod
880 1845 938 1879 his
972 1855 1122 1889 quoque
1147 1845 1358 1887 invenitur,
1392 1845 1493 1890 quod
1526 1844 1667 1889 opponi

149 1894 279 1937 possit.
331 1892 485 1927 Scilicet
507 1904 646 1937 pueros
672 1893 711 1926 in
747 1892 894 1926 scholas
929 1895 1062 1926 euntes
1099 1892 1268 1926 comitari
1303 1893 1476 1926 solebant
1508 1893 1668 1934 capsarii

151 1951 237 1974 cum
262 1941 383 1974 thecis
411 1941 621 1974 calamariis
648 1941 704 1973 vel
731 1940 974 1985 graphiariis,
1001 1942 1043 1973 ut
1069 1938 1239 1973 Suetonii
1267 1939 1415 1982 (Claud.
1443 1940 1521 1985 35.)
1539 1938 1665 1972 verbis

151 1991 255 2030 utar,
287 1988 403 2032 idque
427 1987 568 2022 Romae
594 1987 686 2021 adeo
713 1988 892 2021 usitatum
926 1987 1043 2021 fuisse
1071 1986 1239 2029 videtur,
1274 1990 1317 2020 ut
1347 1986 1538 2021 Iuvenalis
1564 1989 1666 2020 certe

151 2038 270 2069 aetate
297 2036 356 2070 vel
382 2036 446 2080 qui
474 2037 592 2069 adhuc
615 2044 688 2068 uno
718 2037 871 2076 partam
896 2035 1030 2068 coleret
1065 2043 1144 2067 asse
1169 2036 1396 2076 Minervam,
1429 2045 1516 2068 eum
1541 2036 1667 2067 tamen

150 2086 267 2116 custos
293 2085 472 2124 angustae
497 2084 654 2116 vernula
679 2091 808 2124 capsae
834 2085 1058 2126 sequeretur
1083 2082 1155 2124 (10,
1175 2083 1292 2125 117.);
1317 2081 1454 2127 quodsi
1478 2082 1571 2115 haec
1588 2079 1666 2114 Ho-

150 2131 236 2164 ratii
264 2131 451 2164 sententia
475 2133 549 2172 est,
575 2130 765 2164 Venusiae
792 2140 839 2163 ne
866 2130 1131 2163 centurionum
1157 2129 1311 2174 quidem
1335 2139 1495 2174 pueros,
1521 2128 1588 2172 qui
1613 2127 1668 2162 fa-

151 2178 223 2212 cile
248 2178 441 2222 principes
466 2179 505 2211 in
532 2189 576 2212 eo
602 2177 810 2222 municipio
846 2179 990 2219 essent,
1025 2177 1179 2211 comites
1214 2187 1340 2211 secum
1366 2176 1564 2217 habuisse,
1598 2175 1666 2219 qui

149 2225 190 2259 in
217 2226 347 2258 ludum
372 2225 556 2259 itantibus
583 2226 718 2258 loculos
744 2225 979 2264 tabulamque
1004 2226 1216 2269 gestarent,
1243 2223 1333 2268 quid
1358 2224 1399 2257 in
1425 2223 1503 2257 illis
1529 2222 1666 2256 loculis

150 2272 342 2306 conditum
368 2272 502 2314 fuerit,
536 2283 612 2306 non
637 2273 796 2306 multum
822 2272 955 2316 opinor
982 2272 1215 2312 curabimus,
1246 2270 1357 2305 modo
1382 2270 1478 2304 illud
1503 2270 1667 2304 retinea-

150 2331 254 2361 mus,
288 2320 388 2364 quod
415 2320 489 2354 dici
523 2331 599 2354 non
625 2322 750 2363 potest
775 2322 956 2364 quantum
983 2319 1097 2353 totius
1130 2318 1303 2363 imaginis
1328 2318 1495 2362 vigorem
1520 2318 1666 2361 augeat,

150 2374 194 2400 ut
218 2368 287 2400 hac
313 2378 463 2411 quoque
490 2367 528 2400 in
556 2378 597 2400 re
621 2367 769 2400 Horatii
793 2367 912 2411 patris
938 2365 1194 2400 munificentia
1218 2365 1454 2410 apparuerit,
1489 2364 1554 2407 qui
1581 2374 1666 2397 cum

150 2414 191 2447 in
217 2415 340 2458 patria
366 2415 477 2448 etiam
504 2415 701 2449 comitatus
736 2414 944 2458 sumptibus
970 2424 1126 2458 parcere
1158 2415 1304 2458 posset,
1337 2422 1386 2445 ne
1418 2411 1490 2445 hac
1515 2410 1666 2455 quidem

150 2473 192 2496 re
217 2462 441 2496 absterritus
467 2466 535 2504 est,
561 2463 764 2506 quominus
791 2473 876 2495 eum
893 2461 1047 2495 Romam
1075 2460 1288 2502 deduceret,
1314 2459 1378 2493 ubi
1396 2469 1556 2503 puerum
1583 2458 1666 2492 sine

150 2510 327 2543 comitatu
353 2510 391 2542 in
418 2509 583 2543 scholam
610 2509 757 2543 mittere
784 2509 937 2543 omnino
963 2519 1039 2542 non
1067 2509 1246 2552 poterat!
