1774 2930
193 144 279 186 388

666 143 874 178 HORATII
897 144 1245 179 EPISTOLARUM

312 244 437 293 Quod
468 249 665 301 superest
692 223 810 298 aevi,
844 246 880 287 si
913 245 1016 301 quid
1045 260 1271 302 superesse
1301 247 1451 289 volunt
1485 248 1548 302 di3

312 316 378 358 Sit
407 316 521 359 bona
550 316 756 358 librorum
788 320 831 359 et
861 317 1058 372 provisae
1089 317 1223 373 frugis
1255 318 1300 359 in
1331 318 1490 361 annum

311 387 464 443 Copia,
497 402 582 430 neu
613 387 777 430 fluitem
809 387 964 430 dubiae
996 402 1071 444 spe
1102 388 1312 444 pendulus
1342 389 1487 432 horae.

1627 392 1711 433 110

312 458 398 501 Sed
429 459 533 500 satis
567 463 632 501 est
664 473 785 501 orare
814 459 960 501 Iovem
992 473 1101 515 quae
1133 459 1262 502 donat
1293 463 1336 502 et
1365 460 1524 503 aufert:

309 529 395 572 Det
416 530 567 583 vitam,
601 529 673 571 det
694 544 815 585 opes,
848 543 1031 586 aequum
1051 531 1111 572 mi
1133 531 1321 573 animum
1341 531 1434 587 ipse
1454 532 1628 588 parabo.

287 661 365 693 110.
391 668 463 693 neu
489 659 594 704 SEcp
621 663 657 694 et
683 670 777 694 corr.
804 660 856 702 b.,
890 660 978 694 item
1005 662 1036 702 t,
1076 660 1273 695 Bentleius
1297 663 1412 706 atque
1438 672 1474 695 s:
1505 670 1550 696 m
1568 662 1599 697 ,d
1625 665 1663 696 et

238 718 293 751 pr.
320 707 356 750 b,
381 706 522 740 LCFM.
541 727 584 731 -
613 710 692 741 111.
717 707 801 750 Sed]
826 709 929 741 Haec
954 719 1010 751 pr.
1038 707 1073 750 d,
1099 711 1174 742 tres
1199 708 1372 743 Pottierii
1397 708 1552 754 aliique.
1579 711 1663 752 (Sed

236 754 386 789 firmant
410 753 516 788 bSEc
543 760 579 788 et
603 766 676 800 mg.
702 755 752 797 d.)
780 774 822 778 —-
850 755 913 795 qui
938 756 1051 788 donat
1084 754 1204 798 bScd‚
1237 754 1367 799 Leto,
1405 757 1469 797 qui
1488 758 1593 798 ponit
1617 757 1660 799 E,

238 812 282 835 ex
309 802 467 847 Cruquii
494 801 609 836 Codd.
634 802 837 846 antiquiss.
886 802 1082 836 Bentleius
1109 806 1146 836 et
1171 813 1198 837 s.
1226 803 1344 845 (quae
1376 804 1487 837 donat
1521 814 1660 847 omnes,

237 854 278 883 ut
304 850 462 892 videtur,
487 849 672 891 Pottierii‚
699 859 793 890 quae
816 851 918 891 ponit
943 850 996 893 p.)

189 955 288 989 inest
326 955 365 989 in
399 967 432 989 v.
466 957 574 998 mihi,
613 956 652 989 id
687 960 760 989 est:

189 1013 264 1036 non
291 1003 453 1037 aliorum
478 1003 697 1037 arbitratu.“

801 981 817 998 ,,
831 967 925 993 meo,

238 1052 316 1084 109.
346 1052 423 1084 110.
458 1051 649 1093 provisae]
683 1050 766 1084 Non
802 1051 923 1084 avari-

187 1097 281 1138 tiae,
315 1098 381 1132 sed
415 1098 633 1132 securitatis
666 1098 922 1132 tantummodo

188 1154 302 1179 causa
328 1148 443 1190 optat,
468 1148 512 1179 ut
538 1145 608 1179 sibi
634 1145 756 1180 victus
780 1145 821 1178 in
848 1146 923 1179 sin-

187 1192 297 1236 gulos
331 1203 450 1227 annos
483 1192 658 1236 provisus
691 1193 741 1226 sit
765 1202 808 1225 ac
837 1203 923 1236 pro-

186 1241 316 1283 pterea
342 1243 482 1274 certus.
531 1240 694 1274 Prorsus
719 1239 924 1284 respondet

187 1286 345 1331 Epicuri
370 1291 589 1332 praecepto:
615 1284 788 1331 κτήσεως
814 1297 924 1334 ,τρο-

186 1331 467 1377 νοήσεσθαι
493 1332 575 1376 (τὸν
593 1332 737 1377 σοφὸν)
763 1336 830 1367 καὶ
855 1335 923 1368 τοῦ

184 1380 403 1424 μέλλοντος.
452 1382 559 1427 Diog.
597 1382 720 1416 Lacrt,
749 1385 808 1424 10,
843 1384 922 1416 120.

187 1448 231 1452 —-
258 1438 330 1463 neu
356 1430 446 1472 cet.]
490 1429 673 1469 Quartum
707 1432 781 1471 est,
822 1429 922 1473 quod

127 1499 129 1501 -
187 1480 308 1520 optat,
334 1480 377 1510 ut
402 1477 658 1521 tranquillitas
684 1479 796 1521 atque
823 1477 922 1511 vires

186 1524 300 1557 animi
328 1524 398 1558 sibi
425 1527 648 1569 suppetant,
682 1535 730 1558 ne
755 1535 921 1568 unquam

185 1571 284 1605 inter
320 1582 405 1616 spes
437 1582 479 1605 ac
513 1572 666 1606 timores
700 1574 921 1616 ceterasque

185 1618 323 1652 mentis
355 1619 662 1664 perturbationes
697 1622 733 1653 et
764 1619 821 1653 rei
856 1619 920 1653 do-

184 1666 363 1700 mesticae
383 1677 493 1701 curas
511 1667 646 1700 anxius
664 1669 775 1710 atque
798 1667 921 1701 incer-

184 1716 245 1747 tus
271 1713 387 1747 animi
412 1714 588 1758 pendeat.
615 1733 660 1738 —
687 1714 838 1757 fluitem]
863 1714 919 1747 De

185 1760 314 1794 eadem
341 1772 382 1795 re
407 1764 538 1794 natare
564 1761 655 1794 dicit
673 1760 747 1794 Sat.
767 1763 800 1802 2,
826 1763 858 1802 7,
885 1764 917 1795 7.

182 1806 368 1842 Usitatius
393 1808 549 1842 verbum
576 1811 634 1841 est
657 1809 845 1849 fluctuare.
874 1827 916 1831 -—

179 1855 384 1897 pendulus]
418 1855 527 1889 nobis
552 1855 725 1899 proprie:
765 1856 812 1887 in
836 1856 918 1888 der

181 1903 403 1938 Schwebe.
431 1921 473 1925 —
500 1903 635 1944 horae]
663 1903 770 1934 Hora
804 1902 839 1934 h.
875 1902 917 1944 1.‚

183 1951 227 1982 ut
267 1948 371 1994 Virg.
422 1948 539 1983 Oatai.
581 1950 647 1991 12,
691 1951 745 1982 10.
795 1949 918 1990 sallao:

185 1997 288 2040 hora,
316 2000 372 2030 est
388 1996 541 2030 fortuna
565 1996 604 2029 in
622 1997 735 2030 horas
752 1996 916 2038 varians,

183 2054 281 2088 quae
315 2044 416 2078 bona
449 2046 606 2078 externa
631 2054 676 2077 ex
700 2043 846 2077 incerta
875 2054 918 2078 ac

181 2091 313 2125 mobili
347 2094 449 2125 sorte
481 2091 686 2135 pendentia
715 2090 827 2125 modo
853 2090 918 2124 do-

182 2141 259 2181 nat,
284 2138 395 2173 modo
421 2139 555 2172 aufert.

233 2188 311 2219 111.
331 2188 411 2220 112.
427 2187 496 2220 sed
511 2187 601 2219 satis
620 2188 670 2218 est
691 2185 776 2228 cet]
805 2185 918 2228 „Post

182 2236 269 2267 vota
293 2233 339 2267 de
364 2233 441 2267 vita
467 2234 568 2276 (vere
594 2233 714 2275 vitali)
741 2235 778 2267 et
802 2233 918 2267 libro-

181 2290 265 2313 rum
308 2281 507 2326 frugisque
555 2280 655 2314 bona
695 2280 803 2325 copia
843 2281 916 2314 iam

181 2327 294 2361 aliam
319 2338 469 2372 precem
494 2327 701 2369 addiderat,
727 2329 833 2369 Neve,
860 2328 917 2360 in-

183 2374 284 2418 quit,
319 2377 455 2416 fluitem
485 2376 616 2408 dubiae
644 2383 706 2416 spe
734 2375 917 2416 pendulus

181 2422 316 2462 horae,
350 2423 420 2456 hoc
446 2424 520 2465 est,
554 2425 597 2455 ut
621 2432 654 2455 v.
682 2424 725 2456 99
753 2421 915 2456 dixerat:

973 957 1054 989 Neu
1091 965 1209 997 pavor
1247 959 1282 990 et
1318 965 1443 990 rerum
1478 958 1709 991 mediocriter

973 1004 1119 1036 utilium
1155 1012 1235 1045 spes
1270 1007 1374 1038 vemet
1411 1013 1467 1038 me
1505 1006 1706 1046 aailelque:

1392 1051 1400 1060 2
1435 1053 1444 1068 ,
1484 1049 1494 1059 .
1530 1055 1546 1062 „

973 1107 1041 1131 sua
1055 1100 1240 1141 potestate
1265 1100 1375 1140 esset,
1401 1102 1531 1143 utpote
1556 1109 1633 1132 non
1659 1099 1706 1133 ad

971 1144 1071 1178 bona
1119 1148 1293 1188 externa,
1342 1145 1408 1179 sed
1449 1145 1497 1179 ad
1538 1146 1705 1180 animum

973 1194 1165 1236 spectans,
1198 1194 1350 1227 revocat
1382 1193 1480 1227 illud
1513 1196 1639 1226 votum
1664 1196 1707 1227 ut

973 1249 1018 1272 ex
1041 1240 1141 1284 volgi
1167 1236 1347 1284 opinione
1375 1240 1493 1285 magis
1519 1251 1633 1284 quam
1659 1251 1706 1274 ex

971 1297 1061 1320 vera
1085 1286 1232 1320 ratione
1250 1289 1484 1331 conceptum,
1510 1289 1547 1320 et
1563 1298 1604 1321 se
1621 1297 1706 1321 cor-

971 1333 1117 1378 rigens,
1157 1334 1254 1377 „sed
1292 1335 1382 1368 satis
1421 1335 1525 1376 est‚“
1567 1334 1707 1379 inquit,

974 1381 1044 1423 „in
1101 1381 1249 1415 duobus
1303 1381 1381 1415 illis
1429 1382 1525 1415 votis
1583 1382 1705 1416 subsi-

972 1431 1090 1469 stere,
1129 1439 1288 1473 quorum
1325 1439 1442 1473 penes
1476 1428 1567 1463 deos
1599 1431 1704 1474 pote-

972 1479 1046 1510 stas
1065 1478 1132 1518 cst,
1157 1487 1282 1520 neque
1299 1476 1338 1510 id
1355 1486 1420 1510 eos
1437 1486 1583 1522 rogare,
1601 1476 1703 1520 quod

970 1523 1010 1556 in
1035 1534 1118 1557 mea
1151 1524 1270 1557 solius
1294 1533 1408 1557 manu
1433 1526 1509 1566 est,
1542 1526 1585 1557 ut
1615 1534 1703 1558 con-

971 1580 1120 1614 sequar.
1169 1570 1242 1604 Det
1273 1570 1383 1605 modo
1415 1579 1547 1604 sanum
1570 1571 1701 1613 vivere,

970 1617 1034 1651 det
1070 1619 1203 1651 bonam
1243 1619 1404 1661 copiam;
1446 1628 1514 1663 ego
1550 1628 1610 1652 me
1650 1618 1704 1652 ita

969 1665 1122 1708 parabo,
1143 1668 1184 1698 ut
1199 1674 1244 1699 ne
1262 1666 1391 1699 dubius
1409 1666 1558 1707 fluitem.
1583 1664 1700 1698 Vides

968 1714 1060 1754 iam,
1088 1712 1242 1756 opinor,
1272 1723 1341 1746 cur
1365 1721 1437 1745 neu
1461 1714 1500 1745 et
1521 1713 1592 1746 Sed
1616 1711 1701 1756 (pro

967 1770 1000 1792 V.
1026 1760 1144 1801 Haec)
1177 1760 1311 1793 merito
1343 1759 1631 1803 amplectamur,
1663 1762 1701 1792 et

966 1806 1124 1849 proinde
1151 1814 1244 1846 quae
1260 1806 1322 1839 hic
1344 1806 1470 1839 Iocum
1488 1806 1561 1840 sibi
1578 1805 1702 1839 vindi·

967 1863 1064 1895 care,
1090 1863 1166 1887 non
1193 1854 1266 1894 qui.
1299 1854 1418 1886 Orare
1435 1861 1542 1895 quae,
1568 1855 1611 1886 ut
1628 1852 1698 1887 Od.

968 1902 999 1942 1,
1026 1901 1082 1942 31,
1108 1902 1149 1933 2:
1175 1901 1262 1940 quid
1285 1902 1393 1933 orat?
1419 1903 1456 1934 et
1473 1899 1595 1934 Oarm.
1622 1910 1697 1934 sec.

966 1949 1030 1980 49:
1071 1948 1244 1989 Quaeque
1267 1956 1328 1981 vos
1353 1948 1466 1981 bubus
1498 1949 1699 1981 veneratur

966 1995 1070 2037 albis,
1097 1995 1163 2028 ubi
1185 1994 1328 2039 pariter
1346 2004 1390 2028 ac
1405 1994 1467 2028 hic
1492 1993 1698 2029 deteriores

967 2041 1124 2076 Codices
1152 2043 1224 2083 Qui
1248 2041 1461 2076 exhibent.“
1487 2041 1634 2075 Binum.
1653 2060 1696 2065 -

966 2089 1098 2132 donat}
1151 2089 1244 2132 Hic,
1286 2089 1352 2123 ubi
1393 2090 1506 2134 poeta
1544 2088 1699 2122 intimos

967 2136 1343 2181 simplicissimosque
1375 2136 1491 2170 animi
1523 2136 1580 2170 sui
1612 2146 1698 2170 sen-

967 2195 1031 2218 sus
1055 2184 1197 2229 aperit,
1230 2183 1444 2218 necessario
1474 2183 1584 2218 etiam
1609 2184 1698 2217 sim-

965 2231 1173 2276 plicissimo
1198 2231 1313 2265 verbo
1346 2241 1438 2265 usus
1465 2232 1539 2265 est:
1571 2231 1695 2264 donat.

965 2297 1013 2304 —
1037 2278 1402 2322 aequum-animum]
1427 2277 1586 2312 Plautus
1610 2276 1696 2310 Aul.

966 2327 999 2368 2,
1025 2327 1058 2369 2,
1085 2328 1148 2359 10:
1173 2327 1244 2359 Pol
1266 2326 1300 2359 si
1323 2328 1374 2359 est
1399 2326 1542 2358 animus
1559 2332 1697 2365 aequus

965 2375 1048 2416 libi,
1081 2374 1171 2407 satis
1204 2374 1330 2416 habes,
1365 2374 1430 2413 qui
1462 2373 1550 2406 bene
1581 2373 1696 2405 vitam

965 2422 1074 2454 colas.
