1774 2930
182 160 268 202 292

657 159 865 195 HORATII
887 160 1234 196 EPISTULARUM

298 259 482 315 Invitus,
514 275 569 304 ne
599 265 725 318 turpe
755 262 884 315 toral,
914 276 972 305 ne
1003 262 1174 304 sordida
1202 277 1360 320 mappa

301 331 512 388 Corruget
542 347 688 386 nares,
719 347 776 375 ne
805 347 892 374 non
923 336 966 375 et
999 333 1226 376 cantharus
1258 339 1301 377 et
1321 335 1431 377 *lanx
1488 339 1493 340 ⁷

300 403 511 446 Ostendat
540 403 620 445 tibi
650 408 714 457 te,
746 418 801 446 ne
832 404 939 446 fidos
970 405 1083 447 inter
1114 405 1272 447 amicos

300 474 366 516 Sit
397 475 470 531 qui
501 474 615 517 dicta
644 475 758 517 foras
794 475 1004 529 eliminet,
1035 479 1084 517 ut
1115 479 1237 518 coeat
1266 491 1344 532 par

1643 479 1699 519 25

298 546 590 602 Iungaturque
621 547 728 602 pari.
779 545 961 589 Butram
990 547 1071 589 tibi
1103 546 1446 604 Septiciumque,

297 617 356 658 Et
386 617 470 658 nisi
503 631 610 660 cena
638 618 755 673 prior
785 618 1009 674 potiorque
1039 618 1184 674 puella
1215 618 1423 661 Sabinum

298 687 495 742 Detinet,
528 703 767 743 assumam3
800 690 918 731 locus
951 694 1017 732 est
1048 693 1091 732 et
1121 690 1315 746 pluribus
1347 690 1533 732 umbris:

300 759 386 803 Sed
415 760 544 802 nimis
576 764 669 803 arta
697 764 898 817 premunt
930 760 1067 804 olidae
1100 761 1295 803 convivia
1325 776 1491 818 caprae.

277 898 332 930 26.
357 898 641 938 septimumque
667 896 703 940 d,
731 897 899 941 quinque
918 896 1091 931 Pottierii
1110 899 1147 931 et
1163 897 1254 931 LCt.
1296 897 1361 940 (Ut
1385 908 1467 940 nos,
1492 897 1653 943 bScEp.)

179 1014 252 1048 hoc
296 1014 372 1049 dici
411 1015 530 1049 cuivis
572 1015 810 1049 manifestum
849 1018 916 1049 est.

181 1061 358 1096 Ceterum
398 1064 560 1104 imperor
600 1073 669 1107 pro
711 1065 917 1104 imperatur

179 1110 268 1142 mihi
294 1109 388 1143 dixit
413 1121 457 1144 ex
476 1110 753 1144 consuetudine
773 1110 917 1144 Graeca

180 1159 219 1191 et
254 1157 302 1191 ad
339 1157 550 1202 analogiam
586 1168 617 1190 v.
651 1159 788 1191 iubeor.
840 1157 915 1191 Ofr.

178 1203 223 1238 A.
248 1204 289 1238 P.
317 1206 381 1238 56:
406 1205 581 1238 invideor.
602 1224 644 1228 ——
673 1207 779 1246 turpe
804 1205 915 1248 toral]

180 1250 267 1285 vid.
293 1251 340 1286 ad
367 1251 440 1285 Sat.
460 1254 492 1293 2,
518 1254 552 1294 4,
579 1254 642 1285 84;
668 1253 791 1286 inluta
817 1254 916 1285 tora-

183 1299 246 1332 lia.
272 1318 319 1323 —
343 1299 494 1342 mappa]
535 1299 610 1333 Cfr.
638 1299 712 1333 Sat.
740 1301 773 1342 2,
799 1301 833 1341 8,
859 1302 916 1333 63.

181 1365 225 1370 -—
253 1347 450 1389 Corruoel]
490 1346 647 1385 Quintil.
677 1349 739 1389 11,
775 1350 815 1389 3,
851 1349 915 1381 80:

180 1395 342 1428 Naribus
385 1395 566 1435 labrisque
576 1412 591 1418 -
601 1414 615 1419 -
625 1395 768 1427 derasus
782 1420 791 1436 ,
833 1403 917 1427 con-

181 1444 345 1484 temptus,
371 1443 562 1483 fastidium
586 1443 789 1483 siqnificari
813 1443 915 1475 solet.

180 1490 277 1523 Nam
311 1491 342 1522 et
376 1499 581 1533 corrugare
615 1499 744 1531 nares,
776 1492 814 1522 ut
840 1491 917 1522 Ho-

181 1538 302 1570 ratius
328 1538 399 1579 ait,
434 1539 466 1569 el
498 1538 916 1578 inflare--indecorum

182 1586 245 1618 est.
274 1603 317 1607 —
344 1593 388 1617 ne
414 1592 488 1617 mon
513 1584 597 1626 cet.]
627 1586 690 1626 „ut
715 1584 853 1628 pocula
880 1587 917 1617 et

180 1631 332 1676 patinae
370 1633 632 1676 argenteorum
676 1631 916 1675 speculorum

180 1679 300 1712 instar
350 1679 611 1723 splendeant.“
657 1698 696 1702 —-
726 1679 915 1722 'elimineq

183 1728 311 1769 „extra
351 1726 466 1760 limen
508 1726 641 1760 domus
682 1737 787 1760 meae
830 1736 915 1759 cum

182 1774 335 1815 exierit,
374 1775 528 1818 propter
566 1774 824 1818 garrulitatem
861 1775 915 1806 te-

180 1831 282 1854 mere
309 1821 472 1866 divolget
498 1821 739 1854 convivarum
774 1831 914 1853 sermo-

180 1869 282 1902 nes.“
327 1887 370 1891 -
414 1870 516 1901 coeat
554 1876 627 1909 par
669 1867 758 1910 cet.]
807 1867 914 1900 Plato

178 1915 349 1964 Sympos.
374 1926 410 1958 p.
438 1916 517 1948 195.
536 1914 584 1947 B:
612 1911 634 1947 ὁ
661 1911 824 1956 παλαιὸς
849 1911 916 1947 λό-

181 1973 248 2007 γος
289 1963 330 1995 εὐ
371 1973 467 2003 εχει,
517 1959 569 2003 ὦς
608 1959 749 2016 ὁμρῖον
789 1960 915 2007 ὁμοίῳ

182 2008 296 2052 (κατὰ
333 2007 377 2043 τὸ
415 2010 523 2043 θεῐιν
559 2009 619 2043 his
658 2009 751 2054 ipsis
789 2010 914 2043 verbis

180 2058 315 2092 inserit
354 2057 617 2091 Aristaenetus
658 2057 813 2100 1,10.)
856 2054 916 2090 ἀεὶ

183 2102 342 2147 πελάζει.

230 2179 286 2211 26.
302 2178 358 2210 27.
386 2175 839 2219 Butram-Septiciumque]
858 2186 917 2209 so-

181 2224 285 2258 dales
324 2223 506 2268 Torquati
544 2226 580 2257 et
616 2223 763 2257 Horatii
806 2222 916 2257 nobis

181 2271 343 2316 ignotos.
392 2271 511 2305 Butra
526 2271 758 2304 Horatianus
785 2282 829 2304 ex
854 2281 916 2304 eo-

182 2318 266 2352 dem
304 2329 442 2363 genere
480 2319 687 2352 facetorum
723 2318 916 2352 hominum

182 2365 300 2400 fuisse
325 2366 515 2410 putandus
542 2368 616 2408 est,
651 2376 726 2410 quo
752 2366 915 2400 Mulvius

184 2415 215 2446 et
239 2422 392 2446 scurrae
419 2413 491 2446 Sat.
518 2415 558 2455 2,
585 2415 626 2455 7,
652 2415 728 2455 36.,
761 2412 917 2457 quibus-

183 2470 267 2494 cum
295 2460 409 2493 animi
437 2471 549 2494 causa
582 2460 772 2494 interdum
798 2460 915 2493 libere

182 2506 388 2549 iocabatur,
412 2519 474 2541 eos
493 2508 622 2542 eadem
641 2518 755 2552 opera
773 2507 915 2541 cibans.

185 2556 226 2597 Q.
250 2556 421 2596 Septicius
448 2555 518 2597 (sic
550 2555 689 2597 editur)
717 2563 822 2595 eques
847 2556 914 2587 Ro.

184 2605 242 2636 est
267 2602 378 2637 etiam
412 2602 513 2646 apud
540 2602 616 2635 Cic.
643 2601 753 2636 Verr.
778 2601 915 2635 Accus.

184 2652 225 2691 3,
265 2652 328 2692 14,
365 2651 421 2683 36.
462 2667 503 2672 -—
543 2658 632 2682 cena
669 2649 800 2692 prior]
839 2648 916 2691 „ad

183 2708 296 2741 quam
328 2696 435 2741 prius
467 2707 579 2741 quam
613 2695 660 2730 ad
690 2707 808 2730 meam
841 2696 916 2729 for-

182 2747 281 2778 tasse
298 2744 477 2779 invitatus
490 2743 580 2778 est.“
597 2762 639 2767 -—
652 2744 795 2786 puella]
812 2743 915 2786 „sive

967 1025 1102 1050 cenare
1136 1016 1247 1049 hodie
1284 1016 1423 1050 mavolt
1456 1026 1541 1050 cum
1579 1016 1703 1050 amica

967 1073 1077 1107 quam
1104 1063 1337 1096 nobiscum.“
1359 1083 1401 1086 —
1419 1064 1609 1107 sabinum]
1636 1063 1701 1098 Sa-

966 1110 1098 1143 binum
1134 1111 1236 1143 hunc
1273 1110 1338 1144 alii
1376 1111 1510 1144 volunt
1547 1121 1628 1145 esse
1653 1111 1698 1145 A.

967 1156 1164 1200 Sabinum,
1192 1157 1318 1190 Ovidii
1343 1157 1503 1191 amicum
1537 1158 1638 1200 (Am.
1665 1159 1700 1200 2,

967 1206 1023 1246 18,
1049 1205 1148 1247 27.),
1175 1204 1236 1238 cui
1262 1205 1352 1239 olim
1377 1204 1596 1238 tribuebant
1621 1208 1697 1239 tres

964 1251 1149 1286 Heroides
1165 1251 1359 1286 Ovidianis
1371 1252 1596 1296 plerumque
1611 1252 1698 1286 sub-

966 1299 1133 1341 iunctas,
1167 1310 1208 1332 re
1241 1309 1331 1333 vera
1362 1302 1487 1332 autem
1516 1299 1698 1343 composi-

965 1349 1021 1380 tas
1064 1346 1213 1380 demum
1255 1346 1405 1380 circiter
1443 1357 1476 1380 a.
1516 1348 1617 1380 1467.
1652 1346 1701 1380 ab

964 1393 1112 1438 Aug-elo
1139 1393 1298 1433 Quirino
1327 1393 1485 1436 Sabino,
1544 1404 1700 1428 rammar

964 1441 1040 1475 tico
1063 1441 1178 1483 Italo,
1211 1441 1276 1475 alii
1304 1440 1483 1475 Sabinum
1542 1441 1700 1484 ironem,

965 1489 1031 1533 qui
1067 1488 1207 1522 librum
1242 1489 1456 1532 Cepuricssn
1488 1487 1699 1523 Maecenati

965 1536 1115 1570 dicavit.
1162 1536 1274 1578 (Plin.
1300 1536 1347 1569 H.
1371 1535 1415 1569 N.
1443 1537 1506 1578 19,
1535 1538 1598 1579 10,
1623 1535 1697 1578 57.)

965 1583 1108 1617 Verum
1135 1583 1227 1618 certi
1254 1583 1405 1617 definiri
1436 1583 1533 1616 nihil
1564 1585 1700 1627 potest.

1013 1656 1133 1688 28-31.
1147 1655 1319 1696 pluribus
1336 1653 1487 1695 umbris]
1507 1653 1699 1695 „convivis

964 1713 986 1736 a
1013 1702 1253 1735 convivatore
1291 1711 1367 1734 non
1405 1700 1594 1742 invitatis,
1633 1701 1698 1734 sed

966 1760 1060 1793 quos
1081 1749 1143 1792 qui
1161 1748 1309 1782 invitati
1327 1749 1417 1781 sunt
1433 1747 1624 1781 interdum
1643 1758 1699 1782 se-

965 1806 1048 1829 cum
1074 1795 1253 1829 ducunt.“
1297 1794 1373 1828 cfr.
1406 1794 1480 1828 sat.
1507 1796 1548 1837 2,
1574 1797 1614 1837 8,
1640 1797 1697 1829 22.

963 1844 1093 1876 Plures
1129 1844 1255 1876 autem
1291 1841 1384 1875 dicit
1420 1842 1468 1876 ad
1509 1852 1695 1876 summum

965 1892 1154 1934 quattuor,
1170 1890 1305 1934 quibus
1320 1889 1454 1924 solitus
1469 1890 1698 1924 novenarius

964 1937 1206 1971 convivarum
1230 1947 1410 1971 numerus
1442 1937 1615 1981 expletus
1641 1947 1699 1971 es-

964 1987 1033 2018 set.
1081 1983 1202 2018 Varro
1233 1984 1332 2028 apud
1358 1983 1454 2018 Gell.
1483 1985 1546 2026 13,
1575 1985 1637 2025 11,
1663 1986 1697 2017 2.

965 2032 1058 2065 dicit
1067 2032 1309 2066 convivarum
1320 2041 1519 2065 numerum
1528 2030 1696 2075 incipere

964 2090 986 2113 a
1013 2078 1230 2113 Gratiarum
1263 2089 1419 2114 numero
1451 2080 1489 2112 et
1519 2078 1697 2122 progredi

965 2127 1012 2161 ad
1027 2126 1231 2160 Musarum.
1249 2145 1291 2150 —
1309 2128 1379 2161 Sed
1403 2125 1523 2168 nimis]
1552 2124 1697 2168 „Nolim

965 2176 1090 2208 tamen
1115 2173 1254 2208 nimius
1289 2174 1338 2208 sit
1371 2174 1590 2208 umbrarum
1615 2175 1698 2206 tua-

965 2232 1050 2255 rum
1067 2232 1260 2264 numerus,
1282 2232 1331 2255 ne
1350 2231 1436 2255 cum
1452 2222 1532 2254 arte
1550 2229 1699 2254 accum-

964 2269 1054 2303 bere
1068 2280 1256 2314 cogamur,
1273 2269 1395 2302 foetor
1408 2269 1565 2309 alarum,
1583 2277 1697 2312 quem

966 2325 1118 2358 caprum
1144 2315 1296 2359 (Oatull.
1318 2317 1374 2359 69,
1400 2317 1441 2350 6..
1460 2317 1498 2348 et
1522 2313 1627 2347 Ovid.
1652 2313 1697 2347 A.

964 2363 1008 2397 A.
1035 2365 1075 2406 3,
1104 2365 1189 2397 193;
1227 2364 1347 2405 Quam
1365 2341 1486 2405 ’paene
1511 2362 1698 2403 admonui,

965 2420 1009 2444 ne
1033 2413 1122 2444 trum
1146 2419 1255 2452 caper
1280 2411 1350 2443 iret
1366 2411 1406 2443 in
1423 2409 1540 2451 alass)
1567 2411 1604 2442 et
1620 2409 1695 2441 hir-

965 2467 1046 2492 cum
1071 2457 1203 2502 (Epod.
1232 2459 1287 2500 12,
1313 2458 1346 2490 5.
1389 2456 1463 2490 Sat.
1492 2458 1531 2498 1,
1557 2457 1598 2498 2,
1625 2454 1695 2498 27.)

964 2505 1168 2548 vocabant,
1227 2504 1515 2546 (Geissdusl,
1522 2503 1538 2546 )
1587 2502 1696 2537 nobis

964 2553 1144 2586 molestus
1168 2552 1266 2585 fiatst‘
1310 2551 1435 2586 Locus
1461 2549 1571 2584 nobis
1596 2549 1698 2583 haud

965 2600 1078 2634 nimis
1111 2602 1241 2645 gratus
1274 2599 1394 2633 risum
1425 2597 1599 2632 movebat
1622 2595 1696 2630 Ro-

963 2647 1097 2683 manis.
1134 2647 1258 2691 Atque
1278 2646 1429 2680 omnino
1448 2644 1593 2678 delecto
1610 2654 1697 2689 gen.

965 2695 1049 2729 fem.
1084 2695 1204 2728 olidae
1242 2702 1376 2735 caprae
1412 2691 1581 2737 putidam
1617 2701 1696 2725 rem

965 2742 1200 2786 aliquantum
1241 2739 1424 2786 mitigavit
1460 2739 1542 2784 ipse
1578 2737 1698 2772 Hora-
