1786 2912
722 128 816 163 LIB.
840 127 890 162 11.
938 126 1042 162 SAT.
1066 127 1096 162 L

1575 127 1658 169 133

265 230 366 274 Sive
397 230 511 286 quod
540 229 684 286 Apula
714 243 820 284 gens
851 242 928 271 seu
959 227 1073 285 quod
1100 227 1294 270 Lucania
1323 226 1483 270 bellum

263 301 479 344 Incuteret
508 300 720 343 violenta.

771 298 858 342 Sed
885 298 957 340 hic
985 298 1107 340 stilus
1137 297 1254 340 haud
1283 301 1402 354 petet
1431 297 1542 340 ultro

266 371 533 428 Quemquam
562 371 821 413 animantem
851 373 895 412 et
924 383 993 412 me
1022 369 1155 412 veluti
1185 367 1396 411 custodiet
1425 368 1541 411 ensis
1602 367 1660 410 40

265 441 434 498 Vagina
463 445 626 494 tectus,
659 455 785 497 quem
817 454 890 482 cur
920 439 1185 495 destringere
1217 453 1345 482 coner

266 511 404 554 Tutus
435 511 489 554 ab
520 511 688 554 infestis
718 510 986 553 latronibus?
1017 509 1054 552 O
1085 514 1208 566 pater
1240 513 1283 552 et
1312 523 1391 552 rex

263 582 474 639 Iuppiter,
506 586 553 623 ut
584 586 730 638 pereat
760 581 947 638 positum
976 581 1173 636 rubigine
1205 581 1356 634 telum,

262 652 354 695 Nec
384 653 609 709 quisquam
638 656 789 694 noceat
820 650 973 707 cupido
1004 651 1110 692 mihi
1140 651 1282 707 pacis!
1315 650 1374 692 At
1403 650 1496 703 ille,

266 722 350 772 Qui
371 737 440 765 me
462 723 702 776 commorit,
725 746 779 752 —
797 722 950 764 melius
975 735 1062 763 non
1083 721 1284 778 tangere!
1308 722 1462 773 clamo,
1487 744 1540 750 —
1604 719 1660 761 45

242 830 299 882 45..
336 829 553 862 common-om
570 826 695 862 Codex
719 826 861 873 Regius
886 826 986 871 apud
1011 827 1246 869 Bentleium,
1279 829 1321 860 ut
1347 826 1495 861 volebat
1518 824 1613 859 Rut-

195 885 354 920 gerslus.

146 950 231 984 loco
265 950 438 985 nonnulli
463 961 496 984 v,
522 959 592 992 quo
619 951 807 984 omittunt.
833 969 876 973 —

143 996 314 1040 sabelus]
340 997 426 1031 Vid.
451 997 498 1031 ad
523 997 591 1031 Od.
618 1000 658 1040 3,
684 1000 724 1039 6,
751 999 807 1030 38.
834 1015 877 1020 —-

146 1052 193 1078 ne
214 1052 282 1086 per
304 1053 463 1078 vacuum
487 1044 571 1087 cet.]
606 1044 694 1087 „sed
719 1047 762 1077 ut
785 1045 879 1078 resi-

148 1093 291 1124 sterent
314 1091 413 1126 hosti
440 1091 565 1126 coloni
582 1091 790 1125 Venusiam
815 1090 879 1124 de-

145 1137 284 1171 ducti.“
313 1157 356 1162 —
389 1138 577 1181 Romano]
612 1139 670 1172 vel
704 1149 773 1183 pro
807 1139 879 1171 Ro-

146 1186 284 1227 manis,
310 1187 354 1218 ut
379 1184 452 1220 Sat.
480 1187 512 1228 1,
537 1188 570 1226 4,
596 1187 653 1218 85.
701 1184 819 1229 Epod.
845 1187 879 1226 7,

146 1233 181 1265 6.
217 1231 260 1265 A.
286 1231 327 1266 P.
353 1233 428 1274 54.,
465 1232 525 1267 vel
550 1232 683 1276 supple
709 1241 813 1274 auro,
837 1234 880 1265 ut

150 1277 228 1312 Cic.
246 1277 355 1312 Verr.
380 1279 470 1313 Acc.
496 1281 528 1322 3,
556 1281 612 1320 15,
638 1280 702 1311 38:
728 1288 808 1312 cum
835 1288 880 1312 ex

148 1325 321 1358 Leontino
353 1335 466 1366 usque
498 1327 546 1359 ad
579 1327 786 1366 Lilybaeum
811 1327 881 1359 ali-

148 1379 256 1412 quem
278 1373 493 1406 vadaretur.
539 1373 594 1406 Ib.
621 1374 662 1414 5,
688 1375 728 1414 4,
756 1375 817 1406 1οε
842 1373 881 1404 in

151 1419 368 1452 fflocalino.
415 1419 515 1452 Illud
554 1421 678 1453 tamen
727 1419 792 1462 (ut
834 1419 882 1452 sit

152 1475 222 1509 pro
235 1466 427 1508 Romanis)
439 1468 616 1510 praestat.
630 1485 674 1489 —
686 1467 769 1500 Sive
786 1467 882 1506 quod

149 1513 342 1545 ”bellum
373 1512 578 1556 Ine-uteret]
615 1513 655 1545 in
692 1523 793 1556 pros.
827 1523 880 1546 or.

152 1558 260 1602 „sive
299 1559 454 1604 aliquod
494 1559 636 1593 bellum
676 1559 878 1601 inferret3¹⁴

150 1605 294 1639 dictum
311 1609 367 1640 est
383 1608 425 1640 ut
439 1607 603 1640 incutere
619 1607 783 1647 verbera,
809 1610 881 1639 ter-

149 1659 281 1693 rorem,
305 1655 450 1686 metum.
491 1653 553 1687 Sic
577 1654 740 1686 incutere
763 1655 880 1686 minas

150 1697 257 1732 Ovid.
271 1698 383 1734 Trist.
400 1703 430 1742 1,
447 1702 502 1741 11,
514 1701 572 1733 42.
588 1699 686 1733 Male
704 1700 879 1733 nonnulli

149 1747 360 1787 quod-quod
366 1746 543 1781 dixerunt
553 1757 635 1781 esse
644 1747 880 1791 particulam.

199 1794 260 1826 39-
263 1795 318 1827 46.
344 1795 412 1827 Sed
435 1795 491 1827 hic
513 1795 618 1827 stilus
643 1793 729 1836 cet.]
755 1793 880 1838 Oppo-

150 1842 294 1874 nuntur
308 1840 402 1874 haec
415 1840 538 1874 verbis
549 1842 688 1881 sequor
703 1842 797 1874 hunc
809 1843 878 1875 cet.

150 1886 201 1929 (V.
219 1887 291 1929 34)
319 1887 500 1930 „Videtur
524 1887 646 1932 lepide
673 1888 795 1942 quasi
808 1890 880 1921 ter-

149 1943 273 1967 rorem
297 1934 488 1968 incutiens
514 1935 738 1968 adversariis
765 1930 881 1979 signi-

150 1979 282 2014 ficasse
307 1980 381 2014 sibi
404 1981 570 2015 animum
588 1992 670 2015 esse
691 1983 828 2015 natura
845 1984 882 2015 et

153 2026 299 2070 origine
317 2027 364 2061 ad
380 2028 637 2073 pugnandum,
664 2028 695 2062 si
713 2039 808 2082 opus
827 2039 883 2062 es-

151 2074 229 2115 set,
261 2084 406 2118 semper
436 2077 625 2118 paratum3
658 2075 796 2128 quippe
823 2086 885 2108 eo-

153 2129 237 2152 rum
263 2130 302 2153 se
328 2131 409 2154 esse
436 2121 675 2166 sanguinem,
702 2123 768 2165 qui
795 2121 883 2155 olim

152 2164 361 2200 Venusiam
376 2167 480 2201 missi
499 2170 626 2201 essent
642 2167 687 2201 ad
712 2168 806 2201 fines
825 2179 884 2201 ar-

152 2212 224 2246 mis
242 2213 417 2247 tutandos
442 2224 679 2258 pugnasque,
706 2214 738 2247 si
755 2225 815 2248 res
832 2214 885 2248 ita

150 2258 287 2302 ferret,
321 2260 489 2304 quotidie
522 2260 725 2303 ineunda83
758 2263 820 2294 sed
844 2262 883 2294 in

154 2316 199 2340 eo
225 2317 374 2351 quoque
407 2307 610 2341 retinuisse
644 2318 787 2341 morem
819 2318 884 2352 pa-

153 2355 270 2395 trum,
306 2353 458 2398 quibus.
476 2354 710 2398 propulsatio
740 2357 884 2388 tantum

152 2400 319 2434 hostium
335 2401 510 2435 mandata
534 2401 677 2443 fuisset,
704 2402 804 2445 quod
821 2412 885 2436 ne-

152 2447 292 2480 minem
309 2448 408 2482 ultro
434 2451 590 2492 peteret,
615 2459 744 2482 verum
767 2448 885 2482 laces-

152 2493 263 2527 situs.
300 2493 393 2528 Inde
415 2505 503 2529 sane
530 2506 606 2529 non
630 2495 766 2528 mirum
791 2506 884 2537 esse,

154 2540 188 2574 si
206 2540 264 2582 iis,
283 2552 380 2585 quae
398 2552 420 2574 a
436 2544 571 2575 natura
588 2542 659 2576 sibi
677 2544 885 2576 monstrata

154 2590 293 2629 essent,
317 2589 430 2622 armis
448 2599 486 2622 se
505 2588 734 2631 defenderet,
752 2600 883 2633 nempe

155 2634 254 2675 stilo,
279 2635 303 2668 i.
322 2646 353 2669 e.
371 2635 543 2669 versibus
569 2636 715 2670 acerbis
734 2639 770 2670 et
786 2647 884 2670 ama-

155 2681 220 2714 ris.
269 2681 368 2715 Hinc
401 2682 521 2718 lucem
553 2683 744 2727 accipiunt
774 2684 884 2717 etiam

925 949 1011 983 illa:
1053 951 1220 983 Lucanus
1259 958 1309 983 an
1340 950 1482 991 Apulus
1519 957 1661 990 aucep-3,

927 997 1065 1041 quibus
1083 1007 1159 1030 non
1179 997 1301 1030 solum
1323 1007 1363 1031 se
1388 996 1428 1030 in
1453 995 1662 1040 municipio

927 1046 1057 1078 natum
1084 1043 1241 1088 opponit
1265 1043 1415 1078 Lucilio
1442 1043 1562 1088 equiti
1587 1043 1661 1077 Ro-

927 1101 1037 1124 mano
1063 1091 1121 1133 (ut
1145 1090 1335 1124 Iuvenalis
1362 1092 1500 1133 6,167.
1533 1089 1662 1123 Venu-

928 1137 1049 1171 sinam
1082 1137 1202 1172 nobili
1226 1138 1460 1179 Romanae),
1494 1136 1560 1171 sed
1590 1137 1662 1171 hoc

928 1195 1082 1239 quoque
1108 1184 1313 1229 significat:
1349 1185 1380 1218 si
1414 1184 1559 1230 ingenii
1585 1194 1661 1218 non

928 1231 1039 1265 nimis
1057 1231 1150 1265 lenti
1171 1243 1264 1274 sum,
1288 1231 1352 1266 sed
1371 1232 1461 1266 satis
1479 1231 1662 1273 bellicosi,

927 1279 1080 1312 minime
1106 1279 1253 1313 mirum.
1278 1279 1371 1312 Nam
1389 1281 1551 1323 utraque
1568 1289 1662 1332 gens

928 1325 1000 1358 fuit
1035 1325 1131 1359 dura
1167 1336 1210 1359 ac
1253 1325 1458 1367 bellicosa,
1497 1327 1662 1366 pernices

927 1371 1063 1416 Apuli,
1088 1372 1231 1406 Lucani
1264 1373 1398 1406 saltem
1428 1372 1661 1406 venatores.“

929 1418 1246 1452 Rivcmmsmrx.
1257 1438 1300 1443 —
1314 1419 1429 1462 ultro]
1445 1420 1549 1461 „sine
1563 1420 1663 1454 iusta

930 1468 968 1500 et
989 1466 1093 1509 gravi
1120 1476 1245 1508 causa,
1270 1466 1418 1500 scilicet
1441 1469 1593 1510 propter
1611 1466 1664 1500 vi-

929 1512 1000 1554 tia,
1038 1513 1177 1556 quibus
1207 1513 1333 1555 stulti,
1371 1523 1466 1557 quos
1497 1512 1663 1555 derideo,

930 1559 1083 1593 obnoxii
1108 1561 1230 1594 sunt.“
1250 1579 1293 1583 —
1315 1560 1552 1603 animantem]
1577 1571 1662 1605 gen.

929 1616 1041 1640 masc.
1074 1607 1184 1640 etiam
1219 1606 1320 1650 apud
1355 1607 1431 1641 Cic.
1466 1607 1560 1640 Tim.
1601 1610 1661 1641 11:

929 1655 990 1686 Ita
1008 1654 1172 1686 orientur
1195 1656 1411 1696 animantes,
1438 1663 1527 1695 quos
1553 1657 1585 1687 et
1609 1656 1663 1687 vi-

928 1709 991 1733 vos
1025 1702 1136 1734 atatis
1170 1704 1202 1734 et
1236 1704 1464 1742 consumptos
1497 1703 1581 1734 sinu
1605 1711 1664 1735 re-

929 1749 1081 1788 cipiatis.
1101 1767 1144 1771 —
1168 1748 1406 1791 destrinaere]
1434 1759 1502 1789 „ex
1527 1749 1663 1793 vagina

930 1795 1158 1828 extrahere.“
1185 1795 1287 1829 Lect.
1312 1796 1529 1836 distrinoere
1555 1806 1663 1839 prae·

928 1841 1015 1874 tulit
1027 1841 1269 1876 Heindorfius
1288 1843 1499 1886 explicans:
1528 1843 1664 1885 „strin-

929 1888 1051 1932 gendo
1078 1888 1303 1932 distrahere3
1337 1898 1415 1922 aus
1442 1891 1663 1923 einander

927 1936 1085 1968 ziehn.“
1149 1935 1222 1970 Sed
1258 1936 1325 1970 cfr.
1362 1936 1471 1970 Halm
1506 1936 1552 1970 ad
1586 1936 1662 1970 Cic.

931 1981 1023 2016 Sest.
1053 1983 1117 2025 35,
1151 1984 1214 2016 76:
1255 1984 1431 2016 destrictis
1464 1984 1596 2024 aladiis
1631 1987 1663 2017 et

933 2030 1100 2062 cruentis.
1145 2049 1188 2053 —
1230 2029 1364 2073 Tutus]
1408 2030 1525 2072 „dum
1568 2031 1664 2065 latro

932 2076 1061 2109 nullus
1086 2087 1144 2110 me
1171 2077 1341 2119 infestat3
1373 2077 1474 2121 quod
1499 2077 1565 2110 ubi
1590 2077 1664 2120 fiet,

933 2124 1023 2155 tunc
1060 2122 1226 2166 gladium
1264 2123 1534 2168 destringam.“
1563 2142 1605 2147 —
1634 2126 1664 2158 0

929 2172 1039 2209 pater
1064 2169 1149 2212 cet.]
1177 2169 1253 2202 Cic.
1272 2170 1317 2203 de
1338 2170 1430 2213 Rep.
1458 2172 1489 2212 1,
1516 2172 1573 2212 36,
1599 2173 1663 2205 56:

933 2216 987 2257 (ut
1012 2217 1194 2259 Iuppiter)
1221 2219 1253 2249 et
1277 2225 1346 2250 rex
1370 2220 1402 2249 et
1423 2219 1533 2258 pater
1557 2219 1664 2252 habe-

932 2264 1036 2295 retur
1053 2264 1224 2296 omnium.
1240 2282 1283 2286 —-
1298 2266 1337 2296 ut
1361 2264 1504 2307 pereat]
1532 2263 1662 2299 Simile

933 2308 1174 2353 aliquatenus
1216 2314 1272 2343 est
1309 2310 1526 2345 Callimachi
1567 2312 1664 2346 illud

932 2355 1067 2389 Blomf.
1084 2367 1121 2400 p.
1141 2358 1228 2390 321:
1254 2357 1325 2390 Ζεῦ
1351 2354 1478 2405 πάτερ,
1504 2355 1556 2400 ὥς
1580 2359 1665 2392 Χα-

932 2399 1059 2442 λύβων
1084 2402 1159 2436 πᾶν
1182 2401 1369 2438 ἀπόλοιτο
1393 2407 1514 2448 γένος,
1542 2403 1665 2449 Τηλό-

931 2449 1000 2482 θεν
1040 2448 1268 2484 ἀντέλλοντα
1306 2450 1428 2485 κακὸι
1465 2450 1590 2493 φυτὸι
1628 2453 1669 2485 οἵ

931 2508 999 2539 μιν
1025 2507 1173 2540 εφηναν
1198 2499 1397 2543 (chalybe).
1430 2499 1487 2532 Ex
1504 2510 1578 2543 quo
1598 2499 1665 2533 Ca-

933 2543 1051 2578 tullus
1077 2546 1138 2586 66,
1164 2547 1228 2578 48:
1267 2548 1443 2587 Iuppiter,
1469 2549 1509 2579 ut
1537 2547 1665 2587 Chaly-

934 2591 1017 2623 bum
1034 2599 1137 2624 omne
1162 2601 1273 2633 oenus
1296 2595 1444 2634 pereat!
1460 2611 1502 2615 —
1520 2595 1665 2625 noceat-

932 2637 1034 2680 mihi]
1053 2639 1233 2681 „lacessat
1250 2650 1308 2672 me
1326 2639 1501 2672 iniuria.“
1520 2658 1562 2662 —
1576 2639 1665 2682 Nec]

933 2695 1001 2728 pro
1015 2686 1105 2727 Neu,
1118 2689 1161 2719 ut
1170 2685 1238 2720 Od.
1252 2689 1282 2727 1,
1295 2689 1348 2727 11,
1364 2689 1395 2719 2.
1408 2703 1452 2709 —-
1464 2686 1665 2729 commorit]
