1774 2930
682 118 777 154 LIB.
800 118 851 154 11.
891 117 996 153 SA'r.
1017 117 1088 153 111.

1558 120 1640 161 171

240 219 400 269 Quanti
420 220 622 277 emptae?
650 219 806 263 Parvo.
839 219 1000 268 Quanti
1021 219 1157 275 ergo?
1184 218 1454 262 Octussibus.
1489 216 1641 263 Eheu!

239 290 351 339 Quid
379 290 525 344 refert,
555 291 706 333 morbo
737 304 794 333 an
822 290 948 332 furtis
977 302 1236 346 pereamque
1265 290 1429 346 rapinis
1442 291 1464 331 Ρ

238 360 447 409 Quisnam
474 362 608 418 igitur
638 361 797 404 sanus?
849 360 933 409 Qui
963 374 1051 403 non
1081 361 1250 403 stultns.
1310 360 1425 409 Quid
1455 361 1642 403 avarus?

238 431 404 474 Stultus
434 436 479 475 et
509 432 700 474 insanus.
743 431 871 485 Quid,

237 502 453 546 Continuo
483 504 647 546 sanus?
677 503 867 545 Minime.

903 432 939 474 si
972 431 1068 488 quis
1099 444 1187 473 non
1216 431 1274 472 sit
1303 445 1471 485 avarus,

904 501 1005 555 Cur,
1037 501 1215 544 Stoice?
1243 501 1410 544 Dicam.
1556 503 1640 544 160

234 572 334 615 Non
364 577 431 616 est
461 573 679 616 cardiacus
703 597 759 603 —
781 573 1006 615 Craterum
1038 573 1201 616 dixisse
1231 576 1382 629 putato
1404 597 1461 602 -—

235 643 320 686 Hic
350 658 502 700 aeger:
535 648 653 687 recte
684 649 750 687 est
779 644 913 699 igitur
943 644 1207 699 surgetque?
1236 643 1439 699 Negabit,

238 713 363 762 Quod
392 715 504 758 latus
534 719 610 757 aut
638 727 764 757 renes
795 714 944 756 morbo
975 717 1196 756 tentantur
1226 718 1365 756 acuto.

215 833 294 865 163.
318 834 541 874 temptentur
565 842 632 865 seu
657 834 844 865 tententur
867 830 979 876 bScp,
1003 831 1177 865 Pottierii
1202 831 1380 877 plerique
1405 835 1443 866 et
1468 834 1493 865 t.
1520 831 1591 874 (Ut

168 889 249 920 nos,
273 877 435 913 Bentleii
462 881 558 921 octo,
582 878 757 913 Pottierii
782 881 871 921 tres,

117 982 171 1016 kii
195 983 257 1017 Fr.
281 982 383 1018 Com.
398 982 476 1027 cm.
499 995 535 1040 p.
553 985 642 1018 568:
667 981 758 1025 τοὺς
780 983 852 1027 μὲν

116 1030 228 1072 ἰχθῦς
261 1041 332 1074 μοι
368 1027 475 1064 κάλει
516 1027 705 1072 Ιχθύδιον·
742 1027 852 1072 ὄψον

115 1075 147 1109 δ’
170 1072 220 1111 ἂν
235 1077 349 1123 λέγῃς
362 1074 507 1125 ἕτερον,
531 1075 641 1111 κάλει
653 1074 851 1124 Ὀψάριον.

114 1123 218 1158 Idem
258 1125 365 1160 iocus
405 1125 468 1159 hic
505 1137 657 1171 quoque
695 1126 850 1160 obtinet.

117 1170 297 1205 Consulto
331 1173 431 1207 enim
463 1173 583 1206 utitur
617 1173 850 1207 deminutivo

111 1219 379 1262 plicamur-tam,
413 1230 462 1253 ne
487 1220 598 1254 nimis
623 1220 850 1264 perterrefa-

117 1264 194 1298 ciat
224 1275 378 1300 avarum
410 1270 679 1312 aegrotantem.
728 1266 851 1312 Oryza

115 1314 241 1345 autem
273 1315 365 1347 tunc
390 1314 558 1347 nondum
588 1314 629 1347 in
654 1314 765 1348 Italia
790 1325 851 1348 co-

116 1357 275 1401 lebatur,
295 1360 362 1393 sed
380 1370 427 1394 ex
442 1361 609 1406 Aegypto
626 1362 850 1406 plerumque

117 1404 164 1438 ad
187 1415 282 1440 usus
304 1407 470 1441 medicos
495 1407 760 1441 advehebatur.
789 1408 851 1441 In-

116 1454 174 1485 ter
192 1462 238 1486 ea
250 1452 429 1487 alimenta
445 1457 687 1488 enumeratur
704 1466 727 1488 a
740 1454 849 1489 Celso

117 1498 159 1541 2,
184 1500 261 1541 20.,
293 1511 392 1544 qnae
426 1501 515 1535 boni
547 1502 651 1535 succi
677 1505 776 1536 sunt.
805 1521 847 1526 —

118 1546 340 1590 omnibus]
374 1547 420 1581 In
445 1548 517 1582 hoc
541 1549 682 1592 plurali
707 1549 851 1583 iniuria

115 1592 282 1627 haesisse
306 1593 531 1629 Lambinnm
555 1595 752 1629 Bentleius
785 1596 850 1630 do·

115 1638 196 1672 cui‘t
219 1639 357 1675 collato
381 1641 493 1676 Festo
519 1636 560 1675 ii
585 1652 676 1676 voce
695 1644 849 1676 Pocula-

114 1688 192 1720 επιστ
214 1687 412 1729 Postquam
432 1697 517 1723 aere
533 1691 678 1731 sinnam
694 1691 751 1723 uli
767 1699 845 1723 coe-

111 1734 170 1774 pa
201 1734 239 1767 P.
276 1736 340 1778 11„
379 1737 535 1778 Tarpeia
578 1738 655 1778 leae
696 1740 844 1770 cautum

115 1782 183 1822 ecl,
206 1782 249 1814 ul
274 1782 335 1815 boe
358 1784 591 1825 centu-esibus,
617 1785 694 1817 ovis
718 1785 844 1817 decus·

112 1827 208 1861 stou·
232 1830 501 1864 aestimaretur.

163 1899 242 1932 157.
259 1899 356 1941 Quia
370 1900 500 1943 refert]
516 1900 562 1934 In
579 1900 744 1944 pedestri
762 1912 844 1935 ora-

114 1943 216 1978 tione
230 1956 241 1978 :
267 1945 389 1988 „Quid
404 1947 532 1989 refert,
555 1948 735 1982 morbone
760 1959 845 1992 per-

115 2000 207 2033 eam,
230 2002 280 2026 an
302 1993 416 2027 furtis
435 1992 680 2039 rapinisque?
693 1995 710 2012 ¹⁴
737 1995 844 2028 Furti

114 2040 240 2071 autem
248 2041 285 2072 et
291 2041 446 2083 rapinae
456 2051 591 2075 avarus
604 2042 724 2076 iratus
738 2043 844 2084 (sane

116 2083 203 2116 καθ’
218 2082 449 2132 ὑπερβολὴν)
475 2088 670 2122 insimulat
686 2099 762 2122 non
779 2089 844 2122 he-

114 2130 244 2173 redes,
277 2133 343 2166 sed
373 2137 637 2177 mercatorem,
670 2135 736 2179 qui
763 2146 846 2179 ory-

115 2188 195 2211 zam
232 2179 347 2213 nimio
381 2180 535 2220 vendat,
572 2184 610 2214 et
645 2181 845 2222 medicum,

114 2225 181 2269 qui
213 2229 288 2260 tam
320 2237 407 2261 cara
437 2227 711 2262 medicamenta
737 2239 845 2273 prae-

114 2271 266 2307 scribat.

163 2344 329 2377 158-163.
368 2345 543 2386 Quisnam
568 2345 652 2388 cet]
680 2344 845 2388 „Omnis,

114 2389 178 2432 qui
197 2400 272 2423 non
291 2393 349 2425 est
365 2391 515 2434 stultus,
542 2402 668 2426 sanus.
698 2393 845 2427 Avarus

114 2439 238 2470 antem
262 2447 338 2471 non
365 2438 505 2472 stultus
539 2439 682 2481 solum,
715 2450 844 2473 verum

113 2483 224 2516 etiam
249 2483 420 2519 insanus.
466 2485 543 2519 Nec
567 2490 692 2520 tamen
718 2497 763 2520 ex
789 2497 845 2530 eo,

114 2529 216 2574 quod
234 2531 318 2575 quis
336 2542 413 2566 non
433 2532 482 2566 sit
499 2543 645 2576 avarus,
663 2534 844 2568 continuo

113 2577 240 2622 colligi
256 2580 381 2622 potest
397 2590 482 2613 enm
500 2590 631 2614 sanum
650 2583 764 2624 atque
788 2581 847 2614 in·

114 2625 241 2668 tegi-ae
257 2625 392 2659 mentis
406 2636 500 2660 esse.
517 2627 613 2661 Aliis
628 2628 727 2661 enim
741 2627 843 2662 vitiis

112 2669 209 2704 idem
226 2670 385 2706 fortasse
402 2672 635 2718 deturpatur,
654 2685 751 2718 quae
769 2685 842 2719 quo

900 878 1085 912 Priscian.
1112 881 1146 921 6,
1171 880 1205 921 6,
1230 879 1304 921 30.)

900 985 1026 1019 minus
1067 995 1153 1019 enm
1194 995 1263 1030 pro
1305 995 1396 1019 sano
1434 985 1638 1019 habeamus

899 1035 1038 1066 vetant.
1086 1033 1144 1066 Ab
1186 1032 1362 1066 omnibus
1404 1042 1493 1077 ergo
1534 1032 1638 1067 vitiis

900 1078 996 1113 liber
1022 1079 1072 1113 sit
1097 1082 1254 1124 oportet,
1284 1089 1397 1124 quem
1422 1090 1492 1113 nos
1518 1079 1636 1113 Stoici

900 1136 1033 1160 sanum
1059 1127 1271 1161 vocamus.“
1299 1145 1342 1150 —
1371 1129 1453 1168 Cur,
1476 1126 1637 1170 Stoicen

900 1172 947 1207 Se
979 1173 1061 1217 ipse
1093 1174 1302 1219 interrogat
1327 1173 1539 1208 Stertinius.
1589 1173 1635 1208 In

898 1230 1012 1264 prosa
1028 1221 1220 1255 oratione:
1240 1220 1352 1263 „Cur,
1370 1232 1415 1255 ex
1428 1232 1511 1255 mea
1523 1221 1638 1255 disci-

898 1267 1005 1311 plina
1029 1267 1156 1302 Stoica
1193 1267 1349 1301 dicam.“
1400 1267 1462 1301 Sic
1500 1268 1638 1302 crebro

898 1314 938 1346 in
965 1314 1117 1348 Arriani
1142 1314 1326 1358 Epicteto,
1351 1318 1394 1348 nt
1418 1317 1456 1356 2,
1482 1317 1539 1357 20,
1565 1317 1634 1349 22:

900 1361 1109 1405 τί-λέγεις,
1142 1359 1359 1403 φιλόσοφε;
1392 1362 1481 1395 ibid.
1507 1363 1539 1405 ξ.
1565 1364 1638 1396 242

898 1407 970 1449 Εὐ,
1004 1405 1213 1449 φιλόσοφε.
1231 1427 1274 1432 -
1293 1409 1503 1451 cardiacus]
1530 1409 1636 1456 Καρ-

898 1453 1063 1489 δὶα““ηοιι
1089 1456 1212 1490 solum
1238 1466 1314 1497 cor,
1347 1455 1414 1490 sed
1446 1456 1558 1490 etiam
1590 1467 1639 1492 os

897 1502 1098 1536 ventriculi
1118 1502 1324 1547 significat;
1349 1503 1416 1547 qui
1438 1503 1553 1538 huius
1576 1504 1638 1537 in-

897 1548 1072 1583 firmitate
1097 1549 1262 1592 laborat,
1294 1553 1451 1584 vocatur
1475 1550 1636 1595 καρδια-

897 1593 977 1637 κός.
1020 1596 1118 1630 Oels.
1145 1599 1178 1639 3,
1205 1599 1271 1630 19:
1305 1598 1371 1630 His
1395 1599 1531 1631 morbis
1556 1599 1639 1640 (va-

896 1643 965 1677 riis
991 1643 1164 1678 insaniae
1188 1644 1408 1689 generibus)
1431 1647 1638 1687 praecipue

893 1692 1123 1724 contrarium
1140 1694 1191 1724 est
1210 1693 1247 1724 id
1264 1700 1389 1733 oenus,
1416 1694 1514 1732 quoa
1537 1703 1632 1738 καρ-

891 1734 1029 1771 ‹scazon›
1054 1747 1077 1771 a
1104 1739 1254 1772 Graecis
1280 1740 1504 1772 nominatur.
1552 1740 1629 1774 Cfr.

892 1795 925 1817 v·
944 1786 999 1818 28.
1026 1804 1070 1808 —
1099 1786 1305 1828 Craterum]
1334 1786 1522 1820 illustrem
1547 1787 1635 1821 illo·

892 1842 975 1865 rum
1001 1835 1210 1876 temporum
1234 1833 1433 1875 medicum,
1459 1844 1535 1877 quo
1557 1834 1631 1868 iam

890 1878 1038 1913 Atticus
1061 1890 1154 1913 usus
1176 1883 1268 1913 erat.
1310 1880 1389 1914 Cic.
1407 1880 1454 1914 ad
1481 1882 1555 1914 Att.
1576 1883 1635 1925 12,

894 1928 956 1968 13,
985 1930 1015 1959 l.
1044 1929 1105 1968 12,
1134 1929 1191 1967 14,
1219 1930 1252 1959 4.
1271 1946 1314 1951 ——
1337 1930 1435 1960 recte
1461 1928 1525 1970 est]
1552 1928 1630 1962 Cic.

892 1973 939 2006 ad
964 1973 1039 2007 Att.
1066 1976 1106 2016 1,
1131 1976 1175 2007 7:
1209 1976 1317 2015 Apud
1346 1977 1503 2008 matrem
1535 1979 1632 2009 recte

894 2023 957 2053 est.
1007 2020 1083 2053 Ofr.
1110 2020 1185 2054 Sat.
1212 2024 1253 2061 2,
1278 2023 1320 2060 2,
1349 2024 1428 2055 106.
1455 2041 1498 2045 ——
1527 2023 1637 2063 Quod

896 2067 992 2099 latus
1010 2067 1095 2109 cet.]
1113 2067 1216 2100 Idem
1234 2069 1444 2102 versiculus
1462 2074 1519 2102 est
1535 2068 1630 2113 Epp.

896 2115 927 2153 1,
953 2116 985 2154 6,
1012 2116 1068 2146 28.
1117 2113 1174 2147 De
1206 2114 1366 2148 laterum
1399 2115 1530 2148 dolore
1561 2116 1630 2150 cfr.

895 2159 968 2192 Sat.
996 2162 1035 2201 1,
1061 2163 1095 2202 9,
1121 2162 1178 2193 32.
1205 2179 1248 2184 —
1275 2162 1477 2204 tentantur]
1505 2163 1635 2204 „labo-

893 2209 979 2239 rant
1019 2209 1085 2240 aut
1124 2207 1326 2251 pleuritide
1376 2213 1443 2242 aut
1493 2220 1630 2243 renum

893 2253 1035 2295 morbo,
1060 2258 1103 2288 nt
1119 2265 1187 2288 nos
1203 2255 1278 2298 ipsi
1293 2254 1500 2290 videmus.“
1531 2256 1633 2291 Con·

894 2300 1084 2335 iunctivns
1098 2304 1281 2335 tentemur
1291 2302 1521 2347 significaret
1530 2304 1633 2338 hanc

893 2347 1078 2381 rationem
1095 2359 1118 2381 a
1134 2348 1288 2383 Cratero
1305 2350 1441 2392 afferri,
1467 2350 1506 2383 id
1524 2351 1628 2395 qnod

892 2394 1018 2428 minus
1044 2397 1171 2439 aptum
1197 2401 1264 2430 est.
1294 2416 1334 2420 —
1362 2398 1482 2440 acuto]
1518 2396 1629 2442 ὀξείᾳ

892 2437 1008 2487 νόσῳ.
1035 2442 1133 2476 Cels.
1159 2446 1192 2484 3,
1218 2446 1262 2476 1:
1290 2445 1448 2485 Quidam
1473 2445 1628 2486 (morbi)

893 2489 1016 2522 breves
1048 2491 1217 2530 acutique
1249 2494 1353 2532 sunt,
1387 2493 1451 2531 qui
1475 2493 1544 2524 cilo
1568 2492 1630 2524 vel

893 2536 1026 2568 tollant
1050 2537 1229 2570 hominem
1244 2539 1303 2571 vel
1318 2539 1389 2579 ipsi
1406 2540 1476 2571 cilo
1493 2540 1630 2579 fintan-

894 2585 974 2621 har,-
998 2584 1148 2623 quidam
1174 2585 1292 2626 lunai,
1318 2587 1383 2618 sub
1411 2586 1539 2625 quibus
1564 2593 1632 2617 ne·

892 2638 961 2669 que
977 2631 1118 2663 sanitas
1133 2632 1174 2664 in
1187 2633 1398 2673 propinquo
1415 2640 1531 2671 neque
1549 2633 1630 2665 εει-ι’-

891 2677 983 2709 lium
1007 2680 1069 2710 eet.
