1774 2930
172 167 258 207 490

290 267 480 324 Scriptor
511 268 766 310 honoratum
799 270 835 310 si
866 269 976 312 forte
1006 271 1179 327 reponis
1210 270 1453 327 Achillem,

825 167 1032 203 HORATII

1607 274 1711 315 120-

287 339 488 395 Impiger,
520 339 763 393 iracundus,
795 341 1086 395 inexorabilis,
1119 355 1217 385 acer

287 410 385 452 Iura
415 414 545 466 neget
577 410 658 452 sibi
690 415 803 465 nata,
835 411 943 453 nihil
973 426 1060 454 non
1091 416 1261 469 arroget
1292 414 1434 456 armis.

289 481 354 522 Sit
383 481 537 523 Medea
566 481 687 524 ferox
719 482 977 538 invictaque,
1009 483 1168 527 flebilis
1200 483 1291 538 Ino,

287 552 481 594 Perfidus
513 552 656 606 Ixion,
688 553 734 595 Io
765 567 894 609 vaga,
926 554 1062 595 tristis
1094 554 1286 597 Orestes,

167 704 288 738 fendit
346 708 600 750 spectatores,

167 752 352 786 Achillem
403 764 484 787 esse
534 764 663 787 verum
704 753 903 796 Achillem,

167 810 242 833 non
270 811 446 844 perverse
470 801 625 834 mixtum
650 812 733 835 cum
751 801 837 843 alia,
862 804 904 835 ut

166 850 275 891 puta,
314 847 483 882 Nestoris
510 848 569 882 vel
594 848 695 881 Ulixi
722 859 902 893 persona,

167 897 233 928 aut
258 894 290 928 si
315 898 579 940 argumentum
606 896 722 940 eliges
748 907 769 929 a
795 896 903 929 nullo

165 941 288 975 adhuc
314 945 512 976 tractatum
539 944 597 977 vel
631 954 653 976 a
678 946 791 977 temet
821 944 903 987 ipso

165 989 361 1023 inventum
396 991 460 1033 (ut
493 990 533 1023 in
559 990 766 1035 Agathonis
792 990 903 1024 Flore

168 1039 205 1070 et
255 1037 352 1071 facta
400 1040 436 1071 et
482 1038 634 1072 nomina
674 1037 761 1072 ficta
802 1040 903 1080 sunt,

165 1082 320 1118 Aristot.
346 1084 450 1119 Poet.
477 1087 509 1127 9,
537 1085 598 1127 7.)‚
623 1085 694 1127 fac,
720 1088 762 1118 ut
785 1085 903 1118 omni-

164 1130 233 1164 bus
269 1131 350 1165 eius
388 1132 560 1176 partibus
598 1131 698 1166 inter
736 1143 776 1166 se
816 1143 904 1166 con·

164 1178 290 1212 veniat
321 1189 364 1213 ac
389 1190 637 1223 personarum
663 1179 904 1226 χαρακτῆρες

164 1226 256 1259 scite
275 1228 490 1268 serventur,
516 1227 554 1260 id
573 1226 686 1271 quod,
712 1237 842 1260 verum
861 1229 904 1260 ut

163 1272 299 1316 fatear,
337 1273 449 1319 longe
482 1273 676 1308 difficilius
709 1277 767 1308 est
793 1285 903 1318 quam

164 1320 279 1365 sequi
312 1320 449 1355 famam
487 1322 681 1366 antiquam
709 1322 902 1366 semelque

163 1367 210 1401 ab
249 1369 423 1402 omnibus
466 1372 674 1413 receptam,
716 1368 844 1411 μῦθον
881 1380 903 1402 a

162 1416 284 1459 poetis
312 1415 467 1450 Graecis
493 1416 673 1450 traditum
713 1416 902 1458 (Tradi-

163 1464 280 1503 tion,
308 1464 484 1507 Saye).“

211 1558 408 1592 120-122.
435 1558 610 1600 scriptor]
649 1557 685 1591 h.
711 1559 735 1592 1.
764 1561 903 1602 „potita

162 1605 256 1649 tragi
263 1615 340 1639 cus.
348 1606 364 1623 ‘⁴
381 1625 423 1630 -—
441 1607 657 1639 honoralum
666 1623 680 1630 -
689 1624 703 1630 -
712 1606 901 1648 Achillem]

160 1651 314 1686 Homeri
352 1650 511 1696 ἀγαυῶν,
546 1650 685 1686 κλυτὸν
706 1651 902 1696 Ἀχιλλῆα,

162 1700 175 1741 (
190 1699 339 1746 πρῶτον
387 1697 565 1742 Ἑλλάδος
618 1703 727 1734 vocat
782 1703 900 1735 mater

162 1746 291 1780 Thetis
310 1748 409 1792 apud
427 1747 558 1792 Eurip.
573 1747 752 1781 Androm.
771 1748 901 1790 1237.)‚

160 1795 242 1827 den
269 1796 537 1838 qeseierlem
577 1798 679 1837 „tam
713 1795 901 1828 illustrem

161 1843 203 1873 ut
229 1852 358 1875 omnes
392 1845 580 1886 tamquam
607 1842 739 1875 summi
773 1841 900 1875 herois

161 1889 351 1932 exemplar
386 1890 485 1923 ultro
520 1900 605 1922 eum
644 1888 896 1932 praedicent,“

159 1939 204 1968 ut
231 1934 307 1969 Cic.
334 1935 398 1970 Or.
425 1939 457 1977 9,
484 1938 551 1969 32:
578 1944 659 1969 cum
680 1937 900 1977 praesertim

158 1983 283 2023 suisset
318 1983 604 2028 (Thucydides)
641 1985 840 2016 honoratus
867 1986 899 2016 et

159 2031 300 2063 nobilis.
328 2030 374 2065 de
399 2030 513 2075 Legg.
543 2033 582 2073 1,
610 2033 670 2071 11,
697 2031 761 2064 32:
789 2032 900 2063 hono-

158 2079 250 2110 ratis
277 2081 520 2122 opponuntur
548 2079 711 2119 inplorii.
732 2096 774 2101 -—
794 2086 899 2119 repo-

158 2125 235 2167 m's]
286 2126 347 2167 „si
384 2128 470 2170 post
513 2128 567 2159 tot
604 2125 699 2159 alios
737 2125 899 2170 tragicos

158 2183 292 2206 rursus
318 2172 478 2207 Achillis
512 2183 712 2217 personam
744 2172 783 2213 in
820 2182 899 2206 sce-

159 2229 244 2252 nam
283 2220 469 2254 reducis.“
523 2220 596 2254 Cfr.
631 2231 662 2253 V.
701 2222 790 2253 190:
828 2221 898 2253 Fa-

159 2268 262 2307 bula,
303 2276 398 2308 quae
428 2270 528 2309 posci
560 2268 633 2301 volt
667 2269 700 2300 et
735 2269 899 2308 spectata

158 2316 296 2354 reponi.
311 2333 351 2338 -
365 2315 542 2358 Impiqer]
567 2314 783 2359 „pugnandi
803 2324 898 2348 sem-

157 2371 225 2405 per
252 2362 412 2405 cupidus
437 2362 635 2406 otiumque
654 2362 895 2405 aspernans.“

156 2409 475 2452 -ineoeorabilis]
500 2409 607 2443 Iliad.
634 2420 658 2446 ι,
686 2410 765 2442 636.
803 2409 898 2442 Aiax

157 2455 204 2489 ad
230 2455 436 2489 Achillem·
477 2458 541 2489 σοὶ
573 2455 604 2488 δ’
633 2452 825 2509 ἄλληκτον
859 2467 898 2488 τε

159 2499 282 2536 κακόν
302 2514 338 2536 τε
357 2501 490 2546 Θυμὸν
516 2503 572 2536 ἐνὶ
598 2499 786 2547 στήθεσσι
813 2503 898 2536 θεοὶ

156 2550 289 2583 θέσαν.
318 2570 359 2574 -
388 2550 486 2593 acer]
520 2550 629 2584 Iliad.
658 2563 688 2590 υ,
715 2552 807 2583 467;
843 2548 896 2582 Οὔ

157 2594 229 2652 γάρ
265 2610 296 2631 τι
331 2594 576 2653 γλυκύθυμος
609 2596 708 2651 ἀνὴρ
743 2597 790 2640 ἠν
817 2596 896 2630 οὐδ’

157 2642 403 2692 ἀγανόφοων
433 2642 538 2678 Ἀλλὰ
562 2642 652 2687 κάλ’
678 2643 896 2688 ἐμμεμαώς.

159 2711 201 2716 -
251 2695 343 2726 Iura
393 2696 494 2734 necet
545 2696 613 2726 cet.
627 2692 641 2735 ]
693 2717 709 2735 „
725 2692 897 2726 Affirmet

158 2740 265 2774 nulla
283 2751 322 2775 se
342 2740 464 2774 teneri
483 2740 577 2785 lege,
604 2750 702 2784 quae
721 2739 807 2773 aliis
827 2740 895 2772 im-

663 706 727 751 qui
777 707 909 740 volunt
956 706 1081 751 posita
1106 708 1172 742 sit:
1205 708 1318 743 immo
1345 709 1469 744 omnia
1501 709 1541 742 in
1567 720 1688 744 armo-

953 765 1037 787 rum
1078 754 1114 788 vi
1155 756 1280 799 posita
1320 766 1414 790 esse.
1427 757 1444 774 ‘⁶
1503 755 1612 790 Iliad.
1651 769 1689 801 α,

953 803 1033 835 295.
1058 802 1111 835 ita
1122 801 1439 866 Agamemnonem
1459 803 1690 849 alloquitur:

955 845 1142 882 4’λλοισιν
1175 847 1222 893 δή
1257 850 1359 883 ταῦτ’
1393 850 1596 891 ἐπιτέλλεο,
1631 850 1688 896 μὴ

952 893 1025 951 γὰρ
1049 893 1182 941 ’ἔμοιγε
1205 893 1384 941 Σήμαινζ
1410 896 1456 931 οὗ
1481 895 1554 946 γὰρ
1576 895 1689 944 ἔγωγ’

951 939 1007 976 ἔτι
1033 946 1096 977 σοὶ
1131 945 1333 978 πείσεσθαι
1363 943 1445 978 ὀΐω.
1472 964 1514 969 -
1542 949 1689 988 arronei

953 991 1087 1034 armis]
1129 992 1300 1026 dativus:
1345 993 1518 1035 „tribuat
1561 994 1688 1037 armis,

953 1049 1100 1082 semper
1128 1039 1353 1073 violentus.“

1003 1087 1080 1120 123.
1109 1087 1186 1119 124.
1217 1088 1348 1121 Medea
1373 1086 1493 1129 ferox]
1518 1087 1687 1122 Medeam

951 1132 1094 1176 ζαμενῆ
1130 1136 1239 1168 vocat
1274 1133 1383 1167 Pind.
1421 1133 1526 1178 Pyth.
1562 1137 1596 1176 4,
1631 1137 1688 1169 10.

950 1180 995 1212 In
1021 1180 1260 1225 Neophronis
1293 1180 1426 1215 Medea
1458 1180 1558 1225 apud
1583 1181 1686 1216 Stob.

953 1228 1009 1270 20,
1036 1230 1112 1268 34.,
1146 1227 1235 1261 dum
1260 1227 1400 1262 liberos
1425 1227 1577 1272 perimit
1602 1228 1688 1270 (cfr.

952 1285 985 1307 v,
1014 1275 1136 1317 185),
1174 1275 1214 1308 in
1248 1275 1341 1309 haec
1370 1286 1427 1309 vv.
1451 1275 1687 1320 prorumpit:

951 1317 1025 1365 ἥδη
1051 1318 1123 1369 γάρ
1155 1333 1206 1377 με
1235 1323 1370 1364 φοινία
1401 1323 1524 1366 μέγαν
1547 1321 1689 1356 Δέδυκε

951 1366 1078 1402 λύσσα
1102 1365 1240 1412 θυμόν.
1268 1389 1311 1393 -
1337 1369 1493 1412 invicta]
1529 1370 1688 1412 „inexo-

951 1416 1093 1451 rabilis.
1101 1417 1116 1434 ‘⁴
1159 1416 1292 1471 Eurip.
1323 1416 1420 1451 Med.
1449 1418 1550 1451 1279.
1593 1416 1688 1452 Gho-

951 1474 1037 1498 rus:
1071 1460 1236 1503 Τάλαιν’,
1261 1461 1313 1506 ὥς
1336 1460 1395 1511 ἄρ’
1420 1458 1528 1520 ἦσθα
1553 1465 1690 1519 πέτρος
1721 1479 1761 1496 -s

951 1507 978 1553 ἢ
1003 1510 1184 1558 σίδαρος,
1210 1507 1294 1553 ἅτις
1326 1513 1469 1545 τέκνων
1493 1506 1540 1545 ὃν
1565 1508 1689 1554 ἔτεκες

949 1555 1105 1605 Ἀροτον
1142 1555 1339 1604 αὐτόχειρι
1377 1559 1499 1606 μοίρᾳ
1534 1563 1687 1601 κτενεῖς.

952 1625 995 1629 -
1022 1608 1151 1648 flebilis
1176 1606 1268 1649 Ino]
1310 1606 1419 1649 „Ino,
1453 1616 1548 1640 uxor
1571 1606 1686 1641 Atha-

949 1654 1100 1697 mantis,
1135 1654 1347 1688 Thebarum
1372 1653 1484 1699 regis,
1509 1655 1547 1688 et
1572 1664 1618 1687 ex
1641 1663 1686 1687 eo

950 1703 1068 1735 mater
1106 1701 1266 1735 duorum
1303 1700 1484 1743 filiorum,
1525 1699 1686 1734 Learchi

951 1749 988 1781 et
1011 1747 1239 1782 Melicertae.
1288 1747 1464 1781 Athamas
1495 1746 1542 1780 de
1574 1757 1685 1781 vena-

950 1794 1052 1828 tione
1079 1795 1250 1836 rediens,
1283 1794 1323 1827 in
1348 1794 1514 1827 furorem
1540 1804 1685 1836 versus,

950 1851 1034 1874 cum
1060 1841 1217 1875 vidisset
1247 1851 1400 1875 uxorem
1428 1850 1512 1874 cum
1537 1840 1685 1875 duobus

949 1888 1100 1930 liberis,
1141 1891 1278 1932 putans
1316 1898 1355 1922 se
1392 1888 1561 1922 leaenam
1600 1898 1685 1922 cum

949 1935 1096 1969 duobus
1135 1935 1270 1969 catulis
1307 1934 1454 1978 videre,
1494 1934 1610 1968 irruit
1643 1935 1685 1969 in

950 1993 1030 2016 eam
1065 1985 1102 2016 et
1134 1993 1252 2016 unum
1286 1981 1333 2016 de
1371 1981 1501 2026 pueris
1533 1981 1686 2026 rapiens

949 2029 1161 2074 discerpsit.
1210 2030 1280 2064 Illa
1306 2031 1430 2063 autem
1455 2039 1539 2063 cum
1565 2029 1685 2064 altero

948 2077 1097 2122 fugiens
1123 2088 1163 2111 se
1195 2077 1235 2111 in
1261 2087 1363 2110 mare
1387 2076 1683 2121 praecipitavit.“

946 2123 1086 2158 Aenon
1122 2124 1278 2159 Nimim.
1326 2123 1523 2158 Melicerta
1559 2126 1686 2158 autem

947 2171 1113 2216 Neptuni
1159 2172 1287 2206 favore
1328 2171 1368 2204 in
1409 2170 1687 2213 Palaemonem,

947 2219 1058 2253 deum
1098 2219 1298 2262 marinum,
1340 2229 1450 2263 quem
1493 2229 1577 2252 cum
1615 2228 1684 2252 suo

947 2266 1115 2300 Portuno
1144 2277 1171 2300 s.
1195 2266 1400 2300 Portumno
1429 2265 1686 2299 confuderunt

947 2313 1092 2355 Latini,
1131 2315 1247 2347 mater
1285 2313 1325 2346 in
1363 2311 1615 2346 Leucotheam
1655 2323 1683 2346 s.

946 2360 1100 2395 Matrem
1158 2359 1338 2394 Matutam
1394 2360 1527 2393 mutati
1585 2362 1684 2393 sunt.

947 2407 1053 2441 Ovid.
1087 2407 1173 2441 Met.
1209 2410 1250 2448 4,
1284 2409 1352 2440 416
1383 2417 1487 2451 seqq.
1515 2426 1558 2430 -
1596 2407 1684 2439 Per-

945 2456 1039 2497 fidus
1064 2454 1194 2497 Ioeion]
1238 2453 1359 2488 Schol.
1396 2453 1571 2498 Apollon.
1611 2453 1683 2486 Rh.

947 2503 987 2544 3,
1014 2504 1085 2536 623
1121 2500 1237 2544 Ιξὶων
1275 2497 1455 2545 γαμήσας
1486 2499 1580 2533 Δίαν
1613 2497 1683 2543 τὴν

944 2546 1119 2591 Ηῖονεως
1129 2549 1327 2604 θυγατέρα
1350 2545 1471 2582 πολλὰ
1495 2545 1684 2587 ὑπέσχετο

945 2592 1081 2630 δώσειν
1129 2591 1232 2629 ἕδνα.
1291 2591 1494 2636 Ελθόντος
1541 2593 1580 2626 δὲ
1621 2593 1684 2627 ἐπὶ

946 2643 1064 2677 ταῦτα
1089 2643 1157 2677 τοῦ
1172 2641 1358 2684 Ἠϊονέως,
1362 2640 1569 2696 βέρεθρον
1596 2651 1683 2674 ποι-

945 2687 1046 2734 ήσας
1087 2691 1152 2724 καὶ
1195 2685 1463 2737 πυοακτώσας,
1505 2684 1683 2730 σκεπάζει

944 2736 1040 2771 αὐτὸ
1066 2737 1219 2779 λεπτοῖς
1246 2722 1378 2779 ξύλοις
1401 2737 1466 2769 καὶ
1491 2732 1598 2769 κόνει
1622 2734 1683 2768 λε-
