1786 2912
149 131 207 173 80

655 131 863 165 HORATII
889 131 1175 167 SATJRARUM

268 231 413 274 Infans
445 246 628 288 namque
659 232 797 288 pudor
827 232 1084 288 prohibebat
1113 233 1237 290 plura
1266 233 1447 291 profari,

267 302 364 345 Non
396 317 475 359 ego
508 318 576 346 me
609 304 722 345 claro
754 306 902 345 natum
931 309 1072 359 patre,
1105 318 1192 346 non
1223 319 1302 361 ego
1334 306 1495 348 circum

266 374 337 416 Me
370 373 624 417 Satureiano
656 374 816 417 vectari
849 388 949 416 rura
980 375 1163 429 caballo,

269 445 368 499 Sed,
402 445 512 501 quod
537 460 666 499 eram,
699 459 838 487 narro.
870 445 1139 502 RespondeS,
1173 450 1221 488 ut
1241 451 1341 489 tuus
1375 452 1440 490 est
1471 462 1579 501 mos,
1613 448 1670 490 60

267 516 434 558 Pauca:
469 517 599 571 abeo3
633 520 676 558 et
706 531 880 559 revocas
912 531 1025 559 nono
1057 521 1155 573 post
1184 532 1334 560 mense
1365 518 1575 574 iubesque

267 586 378 629 Esse
410 587 455 628 in
486 588 721 629 amicorum
752 602 943 630 numero.
975 588 1180 644 Magnum
1210 588 1292 631 hoc
1323 603 1404 645 ego
1437 589 1563 642 duco,

268 658 391 707 Quod
423 659 564 714 placui
595 659 692 712 tibi,
727 659 799 714 qui
830 660 944 715 turpi
977 659 1165 702 secernis
1197 659 1446 714 honestum,

263 729 361 771 Non
392 734 515 785 patre
546 730 783 786 praeclaro,
817 730 893 772 sed
923 731 1013 772 vita¹
1044 734 1087 772 et
1118 735 1292 786 pectore
1322 745 1445 787 puro.

267 801 398 856 Atqui
431 801 468 841 si
499 801 615 843 vitiis
646 801 933 843 mediocribus
966 816 1016 843 ac
1046 816 1143 843 mea
1172 802 1320 857 paucis

1612 802 1669 843 65

263 870 472 914 Mendosa
503 876 569 914 est
598 876 769 925 natura,
802 872 960 928 alioqui
992 877 1130 926 recta,
1162 873 1280 915 velut
1311 874 1349 914 si

262 942 452 999 Egregio
483 944 702 999 inspersos
734 943 1024 999 reprehendas
1057 957 1234 999 corpore
1265 958 1448 997 naevos,

265 1013 311 1055 Si
341 1028 480 1069 neque
513 1015 737 1056 avaritiam
768 1029 908 1070 neque
941 1014 1089 1057 sordes
1122 1019 1197 1056 aut
1226 1015 1340 1057 mala
1367 1015 1505 1057 lustra

265 1085 451 1127 Obiiciet
481 1100 583 1128 vere
615 1086 842 1141 quisquam
871 1085 997 1138 mihi,
1029 1100 1161 1142 purus
1194 1090 1237 1128 et
1266 1086 1413 1128 insons
1446 1110 1501 1116 —-

240 1222 296 1254 68.
331 1230 375 1254 ac
399 1222 502 1254 mala
528 1221 653 1265 bScdp
680 1223 718 1255 et
743 1232 871 1255 omnes
896 1220 1091 1262 Pottierii,
1126 1221 1191 1264 Le,
1227 1230 1291 1255 nec
1323 1223 1427 1256 mala
1459 1232 1504 1255 ex
1529 1221 1619 1256 Cod.

191 1268 324 1302 Bland.
351 1269 550 1313 antiquiss.
578 1268 618 1302 O.

142 1380 275 1413 volunt
301 1391 385 1415 esse
408 1381 565 1415 formam
593 1383 827 1415 contractam
845 1392 878 1414 v.

142 1429 377 1470 sinqillalim,
421 1439 506 1462 cum
548 1429 748 1463 manifesto
787 1439 809 1462 a
845 1439 878 1461 v.

141 1476 322 1516 sinqullus
348 1475 502 1509 ductum
536 1476 595 1510 sit.
644 1476 762 1510 Recte
789 1475 879 1511 Ges-

142 1532 259 1556 nerus
284 1523 324 1555 in
352 1523 566 1557 Thesauro:
597 1521 695 1566 μετὰ
720 1523 879 1567 λυγμοῦ.

141 1587 187 1593 —
206 1569 349 1612 Infans]
378 1571 578 1614 „elinguis,
606 1571 670 1614 qui
698 1570 799 1604 omni
825 1571 879 1603 lo-

142 1617 331 1660 quacitate
370 1618 567 1651 abstinet.“
606 1637 652 1641 —-
690 1619 773 1650 Νοη
814 1626 878 1658 eqo

141 1664 227 1706 cet.]
271 1663 392 1707 „Sane
434 1676 510 1698 non
552 1667 721 1709 poteram
763 1665 878 1698 verba

139 1711 265 1745 facere
292 1712 337 1745 de
364 1712 467 1746 clara
493 1712 640 1757 origine
667 1714 704 1746 et
729 1712 774 1745 de
793 1712 877 1745 lati-

139 1758 283 1793 fundiis
308 1771 331 1793 a
348 1770 406 1793 me
432 1760 631 1804 possessis,
658 1759 724 1793 sed
747 1762 877 1803 aperte

140 1806 216 1840 dixi
252 1817 310 1840 me
344 1807 514 1841 libertini
548 1807 667 1840 filium
698 1810 784 1850 post
808 1818 878 1850 pu-

139 1864 252 1899 gnam
270 1854 554 1898 Philippensem
572 1857 772 1898 paternum
789 1854 876 1887 fun-

139 1901 228 1935 dum
254 1902 458 1936 amisisse.“
487 1901 595 1946 (Epp.
622 1903 654 1943 2,
682 1904 714 1944 2,
740 1902 811 1943 49.)
832 1920 875 1924 -

140 1950 469 1982 circum-wectari
484 1949 592 1991 rura]
619 1951 690 1990 aus
703 1951 773 1982 den
788 1949 876 1981 Flu·
892 1974 896 1978 .

138 2005 206 2030 ren
221 1997 478 2030 umherreiten.
504 1996 566 2030 Sic
583 1996 708 2030 Plaut.
726 1995 823 2029 Rud.
842 1998 875 2038 4,

140 2045 174 2085 2,
199 2045 265 2076 29:
293 2045 437 2085 oppida
463 2045 599 2077 circum
622 2045 801 2077 vectabor.
831 2062 873 2066 —

137 2092 397 2124 Satureiano-
420 2109 434 2114 -
459 2091 625 2134 caballo]
674 2092 875 2133 Saturium,

138 2138 296 2172 Horatio
320 2140 542 2180 Satureium,
567 2141 664 2172 teste
684 2137 874 2181 Stephano

137 2185 226 2230 Byz.
260 2186 298 2218 in
334 2196 366 2218 v.
398 2182 608 2242 Σατύριονε
640 2197 748 2242 χωρα
781 2184 876 2227 πλη-

139 2235 227 2266 σίον
254 2229 468 2287 Τάραντος,
501 2231 544 2266 τὸ
571 2231 728 2266 ἑθνικὸν
754 2234 876 2265 Σατυ-

138 2284 243 2327 ρῐνος
260 2282 326 2313 καὶ
343 2278 540 2327 Σατύριος.
568 2280 728 2314 Videtur
754 2280 874 2314 fuisse

138 2337 292 2371 campus
319 2339 500 2362 amoenus
525 2338 569 2362 ac
592 2328 730 2362 fertilis
755 2338 873 2372 prope

139 2375 355 2415 Tarentum,
374 2376 440 2409 ubi
458 2375 688 2419 procedente
706 2378 874 2419 tempore

139 2422 333 2456 conditum
369 2426 426 2456 est
459 2422 637 2466 oppidum
671 2422 784 2456 hodie
808 2424 873 2457 Sa-

137 2472 222 2504 luro
247 2469 388 2503 dictum
417 2470 555 2513 (media
581 2470 694 2514 longa
718 2472 872 2514 propter

138 2519 336 2551 accentum
379 2516 608 2558 Graecum),
657 2517 757 2550 unde
799 2517 873 2551 iam

139 2564 291 2599 Servius
317 2564 364 2598 ad
391 2564 456 2598 Ge.
483 2566 524 2606 2,
554 2566 639 2597 197:
675 2566 874 2598 Tarentum

138 2615 171 2645 el
186 2613 380 2646 Saturium
402 2613 542 2645 vicinae
570 2614 654 2644 sunl
679 2613 872 2645 Calabriae

137 2661 308 2693 civitates.
335 2678 376 2682 —
405 2667 502 2692 ποπο
525 2661 605 2700 post
630 2659 766 2701 mense]
794 2658 872 2692 Sci-

138 2706 225 2740 licet
267 2707 375 2740 Bruti
422 2706 616 2740 tribunum
659 2707 875 2740 accuratius

929 1381 1148 1425 perspicere
1182 1381 1303 1415 voluit
1326 1379 1527 1415 Maecenas
1551 1383 1664 1425 atque

930 1429 1025 1462 elam
1052 1429 1237 1473 experiri,
1263 1430 1390 1462 utrum
1417 1428 1451 1462 ei
1475 1427 1665 1462 fidendum

929 1479 1029 1510 esset
1046 1486 1179 1519 necne,
1199 1475 1344 1520 quique
1362 1474 1517 1510 omnino
1536 1478 1667 1510 essent

929 1523 1010 1557 eius
1037 1534 1160 1557 mores
1187 1526 1299 1567 atque
1316 1523 1523 1568 ingenium.
1548 1522 1666 1556 Prae·

929 1573 1033 1604 terea
1067 1570 1255 1615 significat
1291 1573 1410 1604 semet
1441 1570 1565 1613 ipsum
1599 1581 1663 1614 pa-

928 1617 1066 1651 tienter
1093 1620 1348 1661 exspectasse,
1384 1617 1503 1650 donec
1528 1627 1664 1651 rursus
1721 1660 1728 1667 ¹

926 1664 1208 1706 admitteretur,
1250 1674 1376 1708 neque
1413 1674 1503 1698 vero
1542 1664 1664 1698 solitis

927 1711 1163 1746 adulatorum
1197 1711 1344 1745 artibus
1378 1710 1520 1745 aditum
1547 1721 1664 1755 expu-

926 1769 1074 1803 gnasse,
1100 1761 1143 1792 ut
1166 1759 1292 1793 facere
1319 1758 1392 1792 sibi
1411 1760 1664 1802 proposuerat

925 1808 1036 1840 homo
1074 1806 1140 1840 ille
1174 1806 1414 1850 importunus
1448 1804 1523 1839 Sat.
1557 1807 1596 1848 1,
1629 1808 1664 1847 9,

926 1855 990 1887 58:
1026 1857 1190 1895 tempora
1224 1861 1423 1894 quaeram;
1462 1853 1664 1886 occurram

924 1903 965 1934 in
997 1902 1132 1940 nimis,-
1167 1902 1355 1934 deducam.
1380 1919 1427 1925 —
1452 1902 1552 1942 turpi
1569 1918 1584 1924 -
1601 1901 1663 1933 Ιιο-

926 1949 1091 1991 nestum]
1118 1959 1203 1993 gen.
1229 1958 1342 1982 masc.
1371 1967 1414 1971 —
1439 1949 1503 1981 sed
1525 1949 1605 1980 vila
1629 1950 1663 1980 el

922 1999 1067 2037 pectore
1090 1995 1209 2038 puro]
1244 2002 1396 2038 „verum
1422 1994 1513 2040 quia
1535 1994 1578 2028 in
1602 2005 1662 2028 me

925 2043 1007 2087 ipso
1043 2043 1272 2088 agnoscebas
1308 2045 1345 2076 et
1379 2042 1494 2076 vitam
1525 2052 1662 2086 puram

926 2093 963 2123 et
986 2094 1118 2135 pectus
1144 2091 1316 2135 purum.“
1367 2088 1408 2123 si
1434 2089 1535 2133 quod
1559 2089 1662 2123 inest

925 2137 1140 2180 discrimen,
1165 2140 1243 2171 vila
1268 2137 1315 2171 ad
1333 2136 1557 2170 exteriorem
1582 2146 1661 2170 mo-

925 2196 1008 2218 rum
1027 2185 1192 2230 speciem
1210 2187 1324 2229 atque
1343 2183 1661 2218 existimationem

923 2233 1109 2276 pertinet,
1148 2235 1272 2274 pectus
1312 2231 1439 2276 potius
1480 2230 1527 2265 ad
1566 2241 1661 2272 eam,

925 2291 1035 2324 quam
1070 2290 1139 2314 nos
1174 2289 1277 2312 nunc
1310 2286 1487 2312 vocamus
1525 2278 1660 2319 „vitam

924 2327 1148 2369 internam“,
1173 2327 1347 2360 intimum
1364 2326 1543 2367 animum,
1568 2324 1659 2358 alio-

923 2386 1007 2408 rum
1034 2374 1154 2409 oculis
1179 2374 1305 2407 minus
1333 2372 1558 2416 expositum.

971 2424 1090 2456 68-74.
1117 2418 1490 2462 neque-mque-aul]
1510 2418 1571 2452 Sic
1589 2417 1658 2452 Od.

923 2471 955 2511 3,
992 2471 1046 2510 12,
1075 2472 1106 2502 1.
1143 2471 1176 2510 3,
1210 2469 1267 2510 23,
1300 2469 1333 2501 5.
1378 2465 1452 2500 Sat.
1485 2467 1517 2508 1,
1543 2468 1576 2508 9,
1601 2467 1659 2499 31.

923 2518 955 2557 2,
976 2519 1006 2558 1,
1031 2519 1085 2550 13.
1104 2518 1137 2558 2,
1156 2517 1189 2558 2,
1215 2516 1279 2549 22:
1304 2522 1421 2554 neque
1447 2515 1568 2546 ostrea
1585 2513 1659 2546 Nec

920 2572 1048 2597 scarus
1091 2565 1155 2596 aul
1181 2580 1196 2586 -
1222 2581 1238 2588 -
1265 2563 1390 2603 laaois.
1426 2580 1469 2585 -
1506 2558 1657 2602 sordes]

920 2612 1160 2652 schmulziqer
1197 2610 1294 2643 Geiz.
1334 2627 1377 2631 -—
1419 2607 1558 2649 lustra]
1600 2614 1659 2639 oc-

922 2659 1021 2691 culta
1049 2660 1128 2691 loca
1150 2656 1292 2699 (Plaut.
1321 2655 1432 2689 Curc.
1452 2657 1486 2697 4,
1512 2655 1545 2696 2,
1571 2653 1658 2695 21.),

925 2705 1136 2750 lupanaria,
1153 2703 1332 2746 fornices,
1358 2701 1657 2736 adolescentium
