1774 2930
713 207 807 243 Ans
830 205 1054 242 POE'HGA.

247 313 293 356 Si
324 312 426 370 quid
455 313 729 368 inexpertum
759 321 912 351 scenae
944 305 1171 349 committis
1204 307 1247 347 et
1277 302 1408 346 audes

1553 200 1636 242 491

1554 302 1643 343 125

242 383 478 427 Personam
508 382 692 424 formare
722 393 895 433 novam,
928 380 1122 420 servetur
1152 375 1206 418 ad
1236 375 1388 427 imum,

247 454 395 503 Qualis
428 453 480 496 ab
512 453 682 508 incepto
712 449 988 507 processerit,
1021 451 1064 490 et
1095 446 1178 488 sibi
1210 449 1388 488 constet.

245 524 432 567 Difficile
464 527 530 566 est
559 522 731 578 proprie
762 519 1004 563 communia
1034 518 1197 571 dicere3
1230 520 1362 572 tuque

245 595 423 638 Rectius
453 594 630 636 Iliacum
662 606 831 635 carmen
862 590 1036 633 deducis
1067 589 1112 630 in
1144 591 1276 641 actus,

226 725 307 759 129.
347 724 489 758 diducis
521 722 664 767 Regius
701 731 802 755 unus
840 723 877 754 et
913 730 959 754 ex
990 717 1159 752 Romano
1197 726 1275 750 uno
1313 715 1399 750 Fea.
1439 715 1599 756 (deducis

177 782 306 806 omnes
331 771 418 814 mei,
444 771 554 805 etiam
580 769 622 812 E,
648 771 686 803 et
709 767 935 808 Hoohederi‚
960 765 1070 811 Regii
1096 763 1243 806 ceteri.)

132 888 216 934 σιτῇ·
243 885 419 931 ἐμπεσών
443 887 483 920 δὲ
507 883 530 920 ὁ
553 883 718 927 Ἠϊονεὺς
741 880 864 918 ἀπόλ-

132 935 249 968 λυται·
275 932 400 968 λύσσα
423 933 463 967 δὲ
488 933 539 978 τῷ
560 931 686 976 Ἰξίονι
710 932 863 966 ἐνέπεσε

131 979 194 1015 διὰ
235 981 348 1016 τοῦτο
386 981 465 1014 κτλ.
515 979 591 1014 cfr.
625 978 694 1013 od.
729 982 769 1021 3,
809 981 863 1020 11,

133 1030 190 1063 21.
233 1028 342 1063 Diod.
369 1027 440 1062 Sic.
466 1030 507 1070 4,
533 1029 589 1061 69.
616 1046 658 1050 -
686 1028 728 1059 Io
752 1026 863 1070 vaqa]

130 1075 288 1121 Argiva,
323 1075 423 1109 Iovis
455 1073 581 1119 pellex
606 1083 628 1107 a
650 1073 797 1107 Iunone
823 1072 862 1106 in

131 1121 305 1156 exsilium
335 1121 447 1167 pulsa
478 1122 517 1155 in
551 1121 759 1165 bovemque
784 1130 864 1153 mu-

130 1171 207 1203 tata
233 1169 361 1214 (quam
378 1164 681 1215 μεταμόρφωσιν
699 1166 864 1201 artifices

131 1216 279 1260 antiqui
302 1215 480 1250 cornibus
497 1215 687 1249 dumtaxat
711 1225 757 1248 ex
782 1214 863 1247 eius

131 1261 255 1296 fronte
287 1262 590 1296 excrescentibus
622 1261 864 1306 significant),

132 1311 285 1353 propter
296 1309 453 1343 Iunonis
466 1308 751 1342 insectationem
767 1318 865 1341 sum-

132 1365 284 1400 mopere
310 1355 431 1398 anxia,
457 1358 498 1389 ut
524 1358 712 1399 comparet
737 1355 776 1388 in
793 1354 866 1388 Ae-

133 1402 252 1447 schyli
277 1401 520 1443 Promethe03
556 1402 728 1446 idemque
754 1412 864 1446 argu-

133 1449 300 1483 mentum
342 1450 607 1483 tractaverant-
634 1448 864 1482 Chaeremon

132 1499 170 1529 et
200 1496 348 1530 Accius.
399 1496 473 1530 Ofr.
508 1495 614 1529 Ovid.
649 1494 796 1529 Metam.
834 1498 866 1538 1,

132 1544 201 1576 583
240 1553 321 1588 sqq.
346 1562 392 1567 -
418 1544 530 1576 tristis
573 1542 739 1585 orestes]
790 1542 865 1575 Cfr.

133 1589 208 1623 Sat.
243 1591 285 1632 2,
318 1591 359 1635 3,
394 1591 461 1623 133
500 1600 580 1634 sqq.
630 1589 734 1634 Virg.
772 1589 865 1622 Aen.

133 1638 174 1679 3,
213 1638 302 1670 331:
341 1638 518 1670 scelerum
561 1637 669 1678 furiis
706 1637 866 1677 aquatus

134 1684 288 1717 Orestes.

181 1731 379 1764 125—128.
403 1732 443 1764 Si
466 1731 554 1771 quid
578 1729 662 1772 cet]
690 1728 866 1763 Refertur

132 1777 179 1811 ad
210 1788 245 1810 v.
282 1779 359 1811 119.
410 1777 478 1820 „si
515 1777 643 1819 μῦθον
680 1777 761 1821 ipse
799 1776 867 1809 fin-

132 1834 221 1869 gere
254 1824 390 1866 audes,
426 1826 513 1858 ante
553 1824 677 1857 omnia
710 1833 866 1857 necesse

133 1874 207 1912 est,
241 1874 283 1905 ut
313 1871 419 1905 nulla
445 1871 527 1905 eius
552 1881 639 1915 pars
664 1870 729 1904 alii
755 1881 867 1914 repu-

134 1918 256 1962 gnet.“
267 1937 310 1941 —
319 1918 562 1960 inexpertum]
583 1920 866 1962 „argumentum

135 1963 301 1996 nondum
326 1964 372 1997 ab
399 1964 472 1998 alio
498 1967 608 2008 poeta
631 1965 864 1998 tractatum.“

138 2027 179 2032 ——
217 2012 380 2042 servetur
418 2010 501 2052 cet.]
541 2011 609 2044 Est
646 2011 746 2054 quod
783 2011 867 2043 Ari-

74 2087 77 2089 ,
136 2056 288 2089 §toteles
313 2056 404 2089 dicit
427 2056 530 2090 Poet.
551 2059 606 2098 15,
625 2059 664 2089 6:
690 2058 868 2101 τέταρτον

136 2101 217 2144 (ὠν
241 2101 300 2135 δεῖ
321 2100 596 2146 στοχάζεσθαι)
631 2101 674 2135 τὸ
707 2100 868 2144 ὁμαλόν,

135 2151 179 2183 ut
214 2149 451 2195 χαρακτῆρες
491 2149 563 2183 sibi
602 2153 784 2183 constent.
824 2169 867 2173 —

135 2197 292 2238 Difficile
331 2197 422 2239 oet.]
471 2196 683 2239 „Verum,“
732 2197 868 2241 inquit,

138 2244 315 2285 „difficile
364 2246 413 2276 est
467 2244 615 2285 proprie
664 2245 869 2277 communia

135 2290 287 2323 dicere.“
339 2290 443 2329 Quae
467 2301 524 2323 vv.
549 2290 725 2324 videntur
759 2291 867 2334 quasi

136 2346 316 2371 conversa
349 2347 394 2371 ex
419 2336 586 2371 Graeco:
624 2335 791 2377 χαλεπὸν
822 2335 868 2370 τὰ

135 2382 248 2416 nocui
265 2383 695 2427 &adacta—communia]
712 2383 762 2417 Ut
775 2392 867 2417 com-

135 2432 261 2464 munia
293 2430 333 2464 in
364 2431 447 2464 iure
480 2431 582 2464 civili
608 2434 788 2465 vocantur
814 2441 868 2474 ea,

136 2487 233 2521 quae
275 2478 440 2511 omnium
489 2481 594 2520 sunt,
644 2478 746 2511 velut
791 2480 867 2521 aer,

136 2533 257 2566 mare,
305 2524 436 2568 litora,
486 2535 658 2569 quaeque
700 2535 721 2559 a
762 2525 867 2559 nullo

137 2573 224 2604 sunt
249 2574 430 2618 occupata
454 2581 497 2605 ac
522 2582 695 2616 possessa
721 2574 758 2605 et
781 2582 866 2615 pos-

137 2620 225 2650 sunt
249 2617 330 2652 fieri
347 2618 459 2663 primi
478 2619 662 2663 cuiusque
681 2628 866 2662 occupan-

137 2663 204 2706 tis,
250 2665 303 2699 sic
347 2666 388 2698 in
431 2666 537 2710 poesi
577 2668 614 2699 et
651 2665 868 2710 eloquentia

139 2714 340 2745 communia
365 2715 453 2746 sunt
478 2713 602 2746 omnia
626 2723 690 2754 ea,
728 2712 867 2756 quibus

139 2756 234 2791 alius
258 2768 378 2803 aeque
403 2759 459 2793 uti
492 2762 616 2803 potest
649 2762 760 2803 atque
787 2769 867 2804 ego,

911 883 946 916 h.
984 883 1008 916 l.
1050 881 1287 927 potissimum
1335 875 1415 923 ἤθη
1455 877 1650 924 generalia

912 931 1113 972 (abstracta
1138 939 1235 973 quae
1261 937 1364 961 nunc
1381 925 1649 971 appellamus),

911 979 954 1010 ut
978 979 1066 1010 sunt
1089 975 1253 1009 hominis
1287 973 1480 1016 iracundi,
1514 972 1647 1007 crude·

912 1024 969 1066 lis,
995 1023 1144 1064 ferocis,
1179 1021 1308 1056 callidi
1332 1020 1549 1065 proditoris,
1574 1019 1647 1053 viri

911 1070 1086 1116 generosi
1121 1069 1186 1103 sed
1224 1068 1388 1103 infelicis
1421 1070 1491 1102 cet.
1541 1066 1650 1101 Talia

911 1121 1035 1152 autem
1059 1118 1099 1150 in
1125 1118 1346 1162 argumento
1371 1125 1526 1159 prorsus
1548 1113 1649 1156 ficto,

913 1165 951 1198 id
985 1168 1060 1207 est,
1097 1175 1173 1197 non
1208 1174 1253 1197 ex
1284 1161 1512 1208 mythologia
1541 1172 1648 1205 repe-

912 1213 994 1254 tito,
1028 1212 1177 1253 proprie
1202 1211 1320 1244 dicere
1358 1210 1540 1251 (concreta
1565 1208 1651 1242 red-

913 1259 1013 1299 dere,
1039 1256 1584 1298 individualisiren),
1610 1255 1648 1289 id

914 1309 989 1347 est,
1015 1306 1068 1339 ita
1092 1305 1255 1339 formare
1281 1307 1318 1338 et
1343 1303 1573 1347 exprimere,
1607 1304 1650 1336 ut

915 1353 987 1386 sibi
1014 1355 1187 1386 constent
1217 1362 1260 1386 ac
1285 1350 1454 1384 veritatis
1478 1349 1650 1394 poeticae

915 1400 1076 1444 speciem
1102 1410 1193 1443 prae
1219 1409 1258 1432 se
1282 1398 1425 1439 ferant,
1462 1407 1552 1430 sane
1578 1396 1650 1430 dif-

913 1446 1123 1480 ficillimum
1158 1447 1226 1480 est.
1273 1445 1375 1478 Raro
1402 1444 1502 1478 enim
1527 1446 1651 1488 poeta,

915 1494 980 1538 qui
999 1493 1181 1527 eiusmodi
1200 1491 1445 1539 χαρακτῆρας
1462 1501 1589 1525 secum
1608 1491 1648 1524 in

915 1540 1089 1574 omnibus
1116 1539 1375 1584 conspirantes
1402 1549 1447 1572 ex
1484 1538 1652 1572 notioni—

916 1587 984 1622 bus
1009 1586 1250 1632 generalibus
1276 1586 1350 1620 sibi
1377 1585 1567 1630 componit
1595 1587 1651 1619 at-

916 1645 988 1679 que
1015 1636 1278 1679 argumentum
1302 1643 1453 1677 quoque
1489 1642 1650 1676 prorsus

916 1682 1176 1727 imaginarium
1195 1680 1390 1725 excogitat,
1409 1679 1475 1712 ubi
1494 1690 1556 1713 eos
1574 1679 1653 1713 col-

915 1729 1024 1770 locet,
1051 1727 1362 1773 quemadmodum
1388 1726 1477 1760 fecit
1500 1726 1651 1771 Agatho

915 1776 954 1808 in
971 1772 1096 1809 ’Ἀνθει
1120 1776 1186 1808 illo
1212 1775 1259 1809 ab
1283 1773 1487 1808 Aristotele
1512 1784 1650 1807 memo-

914 1826 1008 1863 rato,
1034 1834 1111 1856 una
1128 1832 1212 1856 cum
1238 1821 1366 1855 indole
1383 1823 1538 1855 actuosa
1563 1817 1653 1863 (σὺν

915 1870 966 1915 τῷ
992 1869 1229 1916 δραστηρίῳ)
1267 1868 1424 1903 eandem
1460 1867 1538 1901 illis
1574 1868 1653 1901 evi·

915 1917 1079 1951 dentiam
1098 1927 1141 1950 ac
1158 1917 1352 1951 veritatem
1378 1915 1559 1960 praebere
1586 1925 1653 1959 po-

915 1964 1022 2006 terit,
1068 1974 1178 2008 quam
1219 1974 1287 2008 per
1324 1973 1363 1996 se
1401 1962 1474 1996 iam
1511 1962 1652 1995 habent

915 2010 1068 2044 Homeri
1106 2014 1144 2044 et
1169 2010 1413 2055 Tragieorum
1438 2008 1651 2042 Atticorum

915 2067 1111 2100 personae.
1138 2057 1248 2098 Quid,
1267 2057 1370 2101 quod
1387 2055 1484 2089 illud
1500 2065 1651 2099 quoque

917 2103 1090 2137 accidere
1122 2106 1263 2147 potest,
1300 2106 1362 2146 ut,
1401 2102 1432 2136 si
1458 2102 1651 2136 describas

917 2150 1068 2183 heroem
1112 2150 1362 2194 „impigrum‚
1415 2149 1651 2192 iracundum,

917 2196 1205 2238 inexorabilem,
1230 2197 1394 2239 acrem,“
1422 2199 1653 2240 spectatores

916 2243 1019 2277 illico
1045 2244 1271 2278 exclament:
1300 2244 1379 2286 „En
1404 2243 1498 2277 alter
1522 2243 1651 2277 Achil-

917 2290 991 2332 les,
1027 2291 1139 2324 toties
1165 2290 1257 2333 iam,
1283 2291 1348 2324 sed
1373 2301 1462 2324 vero
1489 2290 1559 2324 sub
1585 2301 1654 2324 no-

915 2337 1016 2371 mine
1043 2338 1283 2382 spectatus!“
1319 2337 1498 2383 quocirca
1531 2337 1652 2371 satius

916 2384 1051 2418 fuisset
1082 2384 1140 2417 illi
1179 2395 1317 2419 nomen
1352 2395 1503 2429 quoque
1535 2385 1652 2419 huius

915 2431 1144 2476 relinquere.
1188 2431 1304 2465 Recte
1330 2431 1446 2466 Voss:
1471 2433 1652 2465 Schwer

915 2479 1019 2519 ists,
1061 2480 1220 2520 eiqene
1249 2480 1406 2512 Wesen
1438 2487 1522 2511 aus
1547 2479 1654 2510 All-

916 2527 1167 2566 oemeinem
1192 2534 1244 2558 zu
1269 2527 1438 2559 bilden.

964 2574 1043 2606 129.
1063 2573 1142 2605 130.
1169 2574 1314 2606 Rectius
1334 2574 1490 2606 Iliacum
1515 2580 1543 2604 c.
1562 2572 1649 2614 cet.]

917 2618 1067 2664 „Longe
1084 2619 1221 2653 melius
1244 2620 1392 2661 feceris,
1419 2619 1450 2652 si
1477 2618 1585 2652 utere
1610 2618 1650 2651 in

916 2666 1108 2711 tragoedia
1132 2663 1273 2708 μύθοις
1306 2669 1343 2700 et
1375 2666 1548 2709 personis
1573 2665 1650 2699 Ho-

915 2713 1084 2754 mericis,
1099 2713 1116 2730 ⁰·
1170 2715 1212 2746 ut
1250 2713 1460 2767 Aeschylus
1502 2712 1651 2746 fabulas

916 2770 1002 2794 suas
1029 2756 1174 2802 τεμάχη
1202 2759 1274 2792 τῶν
1288 2756 1452 2806 Ὁμηρου
1474 2755 1652 2803 μεγάλων
