1774 2930
778 169 944 205 mmlx.

119 272 226 312 Quae
247 279 343 310 eura
365 274 515 318 patrum
540 282 684 318 quaeve
709 270 915 312 Quiritium
938 268 1008 305 od.
1033 269 1098 304 Π.
1125 272 1181 304 14.

120 319 278 359 Qualem
299 322 516 356 ministrum
539 318 713 354 fulminis
736 316 864 353 alitem
888 316 956 352 Od.
981 316 1047 351 IV.
1073 319 1106 351 4.

121 366 279 406 Quando
303 370 499 414 repostum
522 366 738 402 cmo-bum
762 365 812 400 nd
833 364 951 400 font-s
976 364 1092 410 dapes
1116 364 1234 410 Epod.
1258 369 1293 400 9.

119 412 312 452 Quantum
334 415 519 451 distet-ab
541 414 684 448 Inacho
708 412 779 447 Od.
802 411 870 446 111.
896 414 955 448 19.

119 460 239 503 Quem
262 466 318 506 tu,
339 462 585 508 Helpomene,
612 462 727 496 semel
751 459 822 494 Od.
844 458 911 493 IV.
936 462 970 494 3.

120 507 240 552 Quem
262 511 387 545 virum
410 512 478 544 eut
499 510 618 544 beroa
640 507 724 553 lyra
746 507 808 542 vel
831 507 912 542 anri
938 507 1008 541 Od.
1033 508 1062 541 L
1090 510 1145 542 12.

120 554 222 594 Quid
244 557 449 593 bellicosus
474 556 661 592 Cantaber
689 558 727 590 et
751 554 909 600 Scythes
934 555 1003 589 Od.
1027 555 1075 589 Π.
1103 558 1158 589 11.

120 601 221 642 Quid
245 605 458 640 dedicatum
481 603 604 649 poscit
627 603 843 648 Apollinem
867 601 937 636 od.
962 603 992 636 Ι.
1017 605 1075 637 31.

121 648 222 689 Quid
244 653 325 695 fles,
348 652 508 695 Asterie,
533 661 646 696 quem
670 649 741 685 tibi
766 649 918 684 candidi
944 649 1012 684 Od.
1037 650 1105 684 m.
1132 652 1165 684 7.

121 696 220 736 Quid
244 699 486 734 immerentes
510 698 680 743 hospites
703 708 816 732 vene
842 697 946 732 cenis
971 697 1090 742 Epod.
1116 701 1148 731 6.

120 742 219 783 Quid
242 746 312 781 tibi
337 746 406 789 vis,
429 747 566 780 mulier
590 745 713 792 nigris
738 745 959 790 dignissima
982 745 1104 779 barris
1130 745 1248 791 Epod.
1277 748 1333 780 12.

120 789 215 830 Quis
239 793 428 829 desiderio
454 794 505 828 sit
526 793 650 839 pudor
675 795 742 828 eut
763 792 897 827 modus
922 791 991 826 Od.
1015 791 1045 826 L
1071 795 1127 826 24.

121 837 215 877 Quis
238 841 358 876 multa
381 840 537 887 gracilis
561 843 599 875 te
623 851 719 885 puer
743 840 782 874 in
807 850 895 874 rosa
920 838 988 874 Od.
1012 839 1043 874 1.
1068 842 1101 874 5.

122 884 205 924 Quo
228 900 301 932 me,
322 889 483 930 Bacche,
507 889 609 933 repis
633 887 690 922 tui
715 886 784 921 od.
808 886 874 920 III.
900 889 958 921 25.

122 932 216 980 Quo,
241 947 317 982 quo
341 936 495 971 scelesti
519 935 656 969 ruitis?
681 938 747 969 aut
770 945 838 969 cur
862 934 1028 969 dexteris
1052 935 1171 980 Epod.
1198 939 1229 970 ἵ.

121 982 276 1019 Rectius
300 983 415 1026 vives,
438 983 583 1025 Licini,
607 992 731 1027 neque
755 982 873 1016 altum
897 981 968 1016 od.
991 981 1039 1016 11.
1066 985 1121 1017 10.

121 1030 270 1077 Rogare
294 1031 408 1076 longo
432 1030 602 1075 putidum
626 1032 663 1064 te
688 1029 816 1064 seculo
842 1028 960 1074 Bpod.
985 1032 1019 1064 8.

122 1077 310 1113 Scriberis
333 1077 451 1112 Vario
475 1078 584 1112 fortis
610 1080 648 1111 et
669 1077 834 1111 hostium
857 1076 929 1111 Od.
952 1077 982 1110 Ι.
1007 1079 1041 1111 6.

123 1125 290 1170 Septimi,
314 1124 438 1159 Gades
462 1124 611 1159 aditure
634 1134 782 1159 mecum
807 1126 846 1158 et
869 1123 939 1158 od.
963 1124 1011 1158 Π.
1037 1127 1070 1158 6.

122 1171 184 1206 Sic
209 1175 246 1207 te
270 1172 357 1206 dive.
379 1174 515 1216 potens
540 1171 654 1217 Cypri
679 1170 748 1205 Od.
773 1170 803 1205 Ι.
828 1174 862 1205 3.

123 1219 289 1254 Solvitur
314 1219 411 1254 acris
436 1219 556 1253 hiems
580 1222 686 1264 grata
709 1218 790 1253 vice
814 1220 915 1253 veris
939 1222 978 1253 et
1000 1219 1140 1254 Favoni
1166 1220 1236 1254 od.
1262 1221 1291 1254 1.
1317 1224 1349 1254 4.

122 1266 176 1301 Te
201 1266 316 1301 maris
341 1269 379 1300 et
402 1269 525 1300 terrae
551 1276 784 1311 numeroque
809 1267 974 1301 carentis
998 1277 1137 1301 arenae
1161 1268 1229 1302 Od.
1253 1267 1283 1301 1.
1308 1270 1365 1302 28.

123 1313 182 1348 Tu
206 1324 255 1348 ne
281 1314 502 1359 quaesieris,
527 1313 624 1348 scire
649 1313 769 1355 nefas,
794 1324 907 1359 quem
930 1315 1035 1357 mihi,
1062 1325 1174 1360 quem
1199 1315 1267 1349 tibi
1293 1315 1360 1349 Od.
1386 1315 1414 1348 1.
1445 1318 1498 1349 11.

123 1361 320 1407 Tyn-hene
343 1371 476 1406 regum
498 1349 713 1406 progenies,
737 1360 807 1395 tibi
833 1361 902 1395 Od.
926 1361 993 1396 111.
1019 1364 1076 1397 29.

121 1408 210 1443 mla
232 1408 265 1443 si
288 1408 384 1442 iuris
407 1408 478 1442 tibi
501 1407 660 1452 peierati
685 1407 753 1442 Od.
776 1407 824 1442 11.
850 1411 884 1442 8.
954 1435 960 1437 »

122 1455 224 1490 Uxor
247 1456 425 1501 pauperis
449 1455 554 1500 Ibyci
579 1454 648 1489 od.
671 1445 738 1489 [fl.
766 1458 821 1490 15.

122 1502 241 1538 Velox
263 1513 461 1538 amoenum
487 1513 598 1547 saepe
622 1503 853 1537 Lucretilem
878 1503 947 1538 Od.
972 1504 1000 1538 L
1028 1507 1083 1539 17.

120 1549 251 1594 Vides,
274 1553 318 1584 ut
341 1551 417 1585 alta
442 1552 514 1584 stet
538 1550 624 1584 nive
650 1550 852 1584 candidum
877 1550 945 1585 Od.
970 1551 999 1585 Ι.
1026 1555 1058 1586 9.

121 1597 207 1632 Vile
231 1597 378 1642 potabis
402 1597 560 1631 modicis
586 1597 765 1631 Sabinum
790 1597 858 1631 Od.
883 1598 913 1632 Ι.
940 1600 996 1633 20.

121 1644 228 1679 Vitae
251 1645 435 1679 hinnuleo
459 1655 518 1678 me
544 1644 686 1686 similis,
714 1645 831 1679 0111οδ
857 1644 925 1679 Od.
950 1646 980 1679 L
1006 1648 1063 1680 23.

122 1690 209 1725 Vixi
233 1692 372 1737 puellis
397 1702 519 1736 nuper
544 1691 704 1726 idoneus
730 1691 797 1726 Od.
821 1692 887 1726 111.
913 1695 970 1727 26.

678 1832 726 1867 Π.
776 1832 1070 1869 8ΑΤῙΒΑΒΠΜ.

122 1925 413 1960 Ambubaiarum
438 1927 607 1971 collegia,
632 1927 941 1972 pharmacopolae
965 1929 1048 1963 Lib.
1071 1930 1102 1963 I.
1128 1933 1160 1964 2.

122 1973 324 2018 Egressum
347 1984 484 2018 magna
506 1984 565 2006 me
591 1974 738 2017 excepit
760 1974 891 2009 Aricia.
913 1976 1032 2010 Roma
1056 1977 1139 2012 Lib.
1164 1978 1193 2012 L
1220 1982 1252 2012 5.

121 2019 277 2065 Eupolis
302 2022 414 2064 atque
441 2019 616 2054 Cratinus
640 2020 989 2066 Aristophanesque
1013 2026 1146 2067 poetae
1170 2025 1254 2059 Lib.
1278 2027 1307 2060 Ι.
1333 2030 1366 2060 4.

88 2068 92 2070 ’
122 2066 204 2102 Hoc
228 2069 310 2102 eret
333 2067 373 2100 111
398 2067 514 2101 votis:
540 2067 673 2101 modus
698 2068 779 2112 agri
804 2079 882 2102 11011
907 2069 960 2103 ita
983 2080 1142 2115 magnus
1166 2071 1250 2106 Lib.
1274 2073 1322 2107 11.
1348 2076 1383 2107 6.

121 2114 203 2149 Hoc
227 2125 389 2159 quoque,
415 2114 571 2157 Tiresia,
596 2117 745 2159 praeter
770 2118 922 2150 narrata
945 2118 1089 2161 petenti
1112 2118 1195 2153 Lib.
1219 2118 1267 2153 Π.
1292 2122 1325 2154 5.

122 2160 343 2196 Iamdudum
368 2161 541 2196 ausculto
568 2164 605 2196 et
629 2162 785 2206 cupiens
811 2163 881 2197 tibi
905 2163 1032 2198 dicere
1058 2175 1190 2200 servus
1214 2166 1297 2201 Lib.
1322 2168 1370 2202 11.
1397 2170 1428 2203 7.

122 2208 227 2243 Ibam
250 2209 346 2243 forte
371 2210 432 2243 via
457 2209 581 2251 Sacra,
607 2210 706 2243 sieut
728 2220 834 2243 meus
859 2213 918 2244 est
939 2222 1021 2245 mos
1045 2211 1127 2246 Lib.
1152 2213 1182 2247 L
1208 2216 1241 2248 9.

121 2255 261 2301 Nempe
285 2257 533 2301 incomposito
559 2256 634 2290 dixi
660 2256 755 2301 pede
780 2267 935 2292 currere
959 2269 1091 2294 versus
1115 2259 1198 2295 Lib.
1224 2261 1253 2295 1.
1281 2265 1335 2297 10.

121 2303 206 2338 Non
231 2303 332 2348 quia,
354 2303 564 2346 Maecenas,
588 2303 779 2349 Lydorum
806 2305 991 2350 quidquid
1016 2306 1197 2342 Etruscos
1220 2309 1303 2343 Lib.
1328 2310 1357 2343 L
1384 2314 1417 2345 6.

123 2349 222 2384 Olim
247 2354 406 2385 truncus
432 2362 533 2385 eram
558 2351 731 2393 ficulnus,
757 2351 892 2386 inutile
916 2353 1063 2398 lignum
1088 2354 1172 2389 Lib.
1195 2356 1224 2389 L
1251 2359 1284 2390 8.

124 2396 306 2432 Omnibus
330 2398 401 2432 1100
425 2398 558 2432 vitium
584 2401 639 2432 est
665 2399 894 2442 cantoribus,
919 2400 1019 2434 inter
1043 2402 1183 2437 amicos
1207 2403 1290 2438 Lib.
1316 2404 1346 2438 I.
1372 2407 1406 2439 3.

124 2444 331 2489 Proscripti
354 2445 470 2491 Regis
494 2445 624 2491 Rupili
649 2457 719 2490 pus
744 2449 856 2490 atque
881 2458 1068 2482 venenum
1092 2449 1176 2483 Lib.
1199 2450 1228 2484 L
1255 2453 1287 2485 7.

68 2511 77 2514 -
125 2491 229 2531 Quae
253 2492 373 2526 virtus
398 2496 436 2526 et
461 2496 613 2538 quanta,
639 2493 741 2535 boni,
767 2494 816 2527 sit
839 2494 964 2528 vivere
989 2506 1105 2539 parvo
1129 2496 1213 2531 Lib.
1238 2497 1287 2532 Π.
1313 2501 1345 2533 2.

125 2537 197 2578 Qui
222 2537 274 2580 fit,
298 2537 507 2582 Maecenas,
531 2544 574 2574 ut
598 2552 719 2583 nemo,
745 2551 857 2585 quam
882 2541 952 2575 sibi
980 2545 1118 2577 sortem
1141 2543 1225 2578 Lib.
1250 2545 1281 2579 Ι.
1308 2548 1339 2579 1.

125 2584 186 2619 Sic
210 2596 297 2620 raro
322 2587 470 2629 scribis,
495 2590 538 2621 ut
562 2590 638 2622 toto
664 2599 739 2622 non
767 2592 900 2633 quater
925 2600 1024 2623 anno
1050 2590 1133 2624 Lib.
1158 2591 1206 2625 Π.
1232 2594 1265 2626 3.

23 2635 30 2643 ¹
51 2671 61 2683 ⁶
127 2629 231 2675 Sunt,
256 2633 394 2677 quibus
418 2635 458 2668 in
484 2635 601 2670 satira
625 2635 753 2669 videor
779 2636 892 2671 nimis
916 2647 1003 2670 acer
1027 2639 1065 2671 et
1089 2637 1190 2672 ultra
1213 2639 1296 2674 Lib.
1320 2639 1367 2673 Π.
1395 2643 1426 2673 1.

125 2676 232 2711 Unde
255 2683 295 2714 et
318 2691 393 2725 quo
418 2681 574 2716 Catius?
602 2681 683 2716 Non
710 2685 767 2716 est
789 2683 882 2716 mihi
907 2685 1054 2728 tempus
1079 2686 1203 2719 aventi
1228 2686 1311 2721 Lib.
1337 2686 1383 2720 Π.
1410 2690 1443 2720 4.

126 2723 176 2757 Ut
198 2724 388 2763 Nasidieni
415 2728 510 2763 iuvit
534 2733 570 2764 te
596 2741 689 2764 cena
714 2730 812 2764 beati
838 2730 921 2764 Lib.
946 2731 993 2764 Π.
1020 2733 1052 2764 8.

1544 168 1631 210 549
