<?xml version="1.0" encoding="UTF-8"?>
<!DOCTYPE html PUBLIC "-//W3C//DTD XHTML 1.0 Transitional//EN"
    "http://www.w3.org/TR/xhtml1/DTD/xhtml1-transitional.dtd">
<html xmlns="http://www.w3.org/1999/xhtml" xml:lang="en" lang="en">
 <head>
  <title>
</title>
<meta http-equiv="Content-Type" content="text/html;charset=utf-8" />
  <meta name='ocr-system' content='tesseract 3.04.00' />
  <meta name='ocr-capabilities' content='ocr_page ocr_carea ocr_par ocr_line ocrx_word'/>
</head>
<body>
  <div class='ocr_page' id='page_1' title='image "./qhoratiusflaccus00horauoft_0014.png"; bbox 0 0 1786 2912; ppageno 0'>
   <div class='ocr_carea' id='block_1_1' title="bbox 157 130 1174 199">
    <p class='ocr_par' dir='ltr' id='par_1_1' title="bbox 157 130 1174 199">
     <span class='ocr_line' id='line_1_1' title="bbox 157 130 1174 199; baseline -0.002 -5"><span class='ocrx_word' id='word_1_1' title='bbox 157 158 185 199; x_wconf 79' lang='lat' dir='ltr'>e</span> <span class='ocrx_word' id='word_1_2' title='bbox 656 157 863 193; x_wconf 67' lang='grc'><strong>1101111111</strong></span> <span class='ocrx_word' id='word_1_3' title='bbox 888 130 1174 192; x_wconf 63' lang='lat' dir='ltr'>sammon</span> 
     </span>
    </p>
   </div>
   <div class='ocr_carea' id='block_1_2' title="bbox 272 257 1549 386">
    <p class='ocr_par' dir='ltr' id='par_1_2' title="bbox 272 257 1549 386">
     <span class='ocr_line' id='line_1_2' title="bbox 272 257 1361 314; baseline 0.001 -13"><span class='ocrx_word' id='word_1_4' title='bbox 272 258 370 312; x_wconf 87' lang='lat' dir='ltr'>Ille,</span> <span class='ocrx_word' id='word_1_5' title='bbox 402 272 576 314; x_wconf 81' lang='lat' dir='ltr'>gravem</span> <span class='ocrx_word' id='word_1_6' title='bbox 608 257 714 301; x_wconf 87' lang='lat' dir='ltr'>duro</span> <span class='ocrx_word' id='word_1_7' title='bbox 744 262 902 302; x_wconf 85' lang='lat' dir='ltr'>terram</span> <span class='ocrx_word' id='word_1_8' title='bbox 934 259 1008 314; x_wconf 90' lang='lat' dir='ltr'>qui</span> <span class='ocrx_word' id='word_1_9' title='bbox 1039 258 1170 300; x_wconf 86' lang='lat' dir='ltr'>vertit</span> <span class='ocrx_word' id='word_1_10' title='bbox 1199 262 1361 313; x_wconf 81' lang='lat' dir='ltr'>aratro,</span> 
     </span>
     <span class='ocr_line' id='line_1_3' title="bbox 274 329 1549 386; baseline 0.001 -15"><span class='ocrx_word' id='word_1_11' title='bbox 274 329 470 372; x_wconf 85' lang='lat' dir='ltr'>Perfidus</span> <span class='ocrx_word' id='word_1_12' title='bbox 501 330 572 372; x_wconf 90' lang='lat' dir='ltr'>hic</span> <span class='ocrx_word' id='word_1_13' title='bbox 604 343 760 386; x_wconf 99' lang='lat' dir='ltr'>caupo,</span> <span class='ocrx_word' id='word_1_14' title='bbox 792 329 915 371; x_wconf 89' lang='lat' dir='ltr'>miles</span> <span class='ocrx_word' id='word_1_15' title='bbox 947 333 1208 385; x_wconf 80' lang='lat' dir='ltr'>nautaeque,</span> <span class='ocrx_word' id='word_1_16' title='bbox 1241 343 1321 386; x_wconf 89' lang='lat' dir='ltr'>per</span> <span class='ocrx_word' id='word_1_17' title='bbox 1351 343 1476 374; x_wconf 80' lang='lat' dir='ltr'>omne</span> <span class='ocrx_word' id='word_1_18' title='bbox 1536 357 1549 372; x_wconf 83' lang='lat'><em>.</em></span> 
     </span>
    </p>
   </div>
   <div class='ocr_carea' id='block_1_3' title="bbox 274 399 1459 456">
    <p class='ocr_par' dir='ltr' id='par_1_3' title="bbox 274 399 1459 456">
     <span class='ocr_line' id='line_1_4' title="bbox 274 399 1459 456; baseline 0.002 -14"><span class='ocrx_word' id='word_1_19' title='bbox 274 399 472 443; x_wconf 84' lang='lat' dir='ltr'>Audaces</span> <span class='ocrx_word' id='word_1_20' title='bbox 503 414 620 443; x_wconf 89' lang='lat' dir='ltr'>mare</span> <span class='ocrx_word' id='word_1_21' title='bbox 652 401 724 456; x_wconf 88' lang='lat' dir='ltr'>qui</span> <span class='ocrx_word' id='word_1_22' title='bbox 757 403 950 453; x_wconf 84' lang='lat' dir='ltr'>currunt,</span> <span class='ocrx_word' id='word_1_23' title='bbox 983 400 1064 442; x_wconf 86' lang='lat' dir='ltr'>hac</span> <span class='ocrx_word' id='word_1_24' title='bbox 1093 403 1237 443; x_wconf 85' lang='lat' dir='ltr'>mente</span> <span class='ocrx_word' id='word_1_25' title='bbox 1267 400 1459 444; x_wconf 87' lang='lat' dir='ltr'>laborem</span> 
     </span>
    </p>
   </div>
   <div class='ocr_carea' id='block_1_4' title="bbox 1615 401 1679 444">
    <p class='ocr_par' dir='ltr' id='par_1_4' title="bbox 1615 401 1679 444">
     <span class='ocr_line' id='line_1_5' title="bbox 1615 401 1679 444; baseline 0 0"><span class='ocrx_word' id='word_1_26' title='bbox 1615 401 1679 444; x_wconf 86' lang='lat'>30</span> 
     </span>
    </p>
   </div>
   <div class='ocr_carea' id='block_1_5' title="bbox 274 470 1378 598">
    <p class='ocr_par' dir='ltr' id='par_1_5' title="bbox 274 470 1378 598">
     <span class='ocr_line' id='line_1_6' title="bbox 275 470 1357 525; baseline -0.001 -11"><span class='ocrx_word' id='word_1_27' title='bbox 275 470 381 514; x_wconf 82' lang='lat' dir='ltr'>Sese</span> <span class='ocrx_word' id='word_1_28' title='bbox 414 471 547 524; x_wconf 84' lang='lat' dir='ltr'>ferre,</span> <span class='ocrx_word' id='word_1_29' title='bbox 582 485 707 514; x_wconf 86' lang='lat' dir='ltr'>senes</span> <span class='ocrx_word' id='word_1_30' title='bbox 738 475 786 513; x_wconf 88' lang='lat' dir='ltr'>ut</span> <span class='ocrx_word' id='word_1_31' title='bbox 816 471 861 513; x_wconf 92' lang='lat' dir='ltr'>in</span> <span class='ocrx_word' id='word_1_32' title='bbox 892 471 981 512; x_wconf 88' lang='lat' dir='ltr'>otia</span> <span class='ocrx_word' id='word_1_33' title='bbox 1009 474 1105 513; x_wconf 89' lang='lat' dir='ltr'>tuta</span> <span class='ocrx_word' id='word_1_34' title='bbox 1134 471 1357 525; x_wconf 90' lang='lat' dir='ltr'>recedant,</span> 
     </span>
     <span class='ocr_line' id='line_1_7' title="bbox 274 542 1378 598; baseline 0.001 -14"><span class='ocrx_word' id='word_1_35' title='bbox 274 542 429 596; x_wconf 89' lang='lat' dir='ltr'>Aiunt,</span> <span class='ocrx_word' id='word_1_36' title='bbox 461 556 555 585; x_wconf 90' lang='lat' dir='ltr'>cum</span> <span class='ocrx_word' id='word_1_37' title='bbox 587 543 670 584; x_wconf 88' lang='lat' dir='ltr'>sibi</span> <span class='ocrx_word' id='word_1_38' title='bbox 701 542 786 584; x_wconf 83' lang='lat' dir='ltr'>sint</span> <span class='ocrx_word' id='word_1_39' title='bbox 818 546 1021 598; x_wconf 83' lang='lat' dir='ltr'>congesta</span> <span class='ocrx_word' id='word_1_40' title='bbox 1052 542 1233 585; x_wconf 86' lang='lat' dir='ltr'>cibaria:</span> <span class='ocrx_word' id='word_1_41' title='bbox 1267 542 1378 585; x_wconf 88' lang='lat' dir='ltr'>sicut</span> 
     </span>
    </p>
   </div>
   <div class='ocr_carea' id='block_1_6' title="bbox 204 676 1626 957">
    <p class='ocr_par' dir='ltr' id='par_1_6' title="bbox 204 676 1626 957">
     <span class='ocr_line' id='line_1_8' title="bbox 253 676 1625 720; baseline 0 -9"><span class='ocrx_word' id='word_1_42' title='bbox 253 680 310 712; x_wconf 83' lang='lat'>29.</span> <span class='ocrx_word' id='word_1_43' title='bbox 335 679 526 719; x_wconf 79' lang='lat' dir='ltr'>Praetldus</span> <span class='ocrx_word' id='word_1_44' title='bbox 554 679 610 711; x_wconf 76' lang='lat' dir='ltr'>hic</span> <span class='ocrx_word' id='word_1_45' title='bbox 635 686 762 719; x_wconf 80' lang='lat' dir='ltr'>campo</span> <span class='ocrx_word' id='word_1_46' title='bbox 779 678 882 710; x_wconf 78' lang='lat' dir='ltr'>miles</span> <span class='ocrx_word' id='word_1_47' title='bbox 901 676 1106 719; x_wconf 76' lang='lat' dir='ltr'>(Praefidus</span> <span class='ocrx_word' id='word_1_48' title='bbox 1124 688 1144 711; x_wconf 89' lang='lat' dir='ltr'>e</span> <span class='ocrx_word' id='word_1_49' title='bbox 1170 677 1281 720; x_wconf 88' lang='lat' dir='ltr'>coni.,</span> <span class='ocrx_word' id='word_1_50' title='bbox 1306 684 1433 720; x_wconf 81' lang='lat' dir='ltr'>campo</span> <span class='ocrx_word' id='word_1_51' title='bbox 1450 688 1471 713; x_wconf 84' lang='lat' dir='ltr'>e</span> <span class='ocrx_word' id='word_1_52' title='bbox 1490 676 1625 720; x_wconf 86' lang='lat' dir='ltr'>Codd.)</span> 
     </span>
     <span class='ocr_line' id='line_1_9' title="bbox 204 724 1625 767; baseline 0.001 -8"><span class='ocrx_word' id='word_1_53' title='bbox 204 724 245 759; x_wconf 85' lang='lat' dir='ltr'>F.</span> <span class='ocrx_word' id='word_1_54' title='bbox 283 726 468 767; x_wconf 79' lang='lat' dir='ltr'>(Perfidus</span> <span class='ocrx_word' id='word_1_55' title='bbox 493 727 549 758; x_wconf 78' lang='lat' dir='ltr'>hic</span> <span class='ocrx_word' id='word_1_56' title='bbox 580 734 706 766; x_wconf 83' lang='lat' dir='ltr'>campo</span> <span class='ocrx_word' id='word_1_57' title='bbox 739 725 842 758; x_wconf 80' lang='lat' dir='ltr'>miles</span> <span class='ocrx_word' id='word_1_58' title='bbox 875 724 987 766; x_wconf 84' lang='lat' dir='ltr'>Iahn,</span> <span class='ocrx_word' id='word_1_59' title='bbox 1021 725 1181 766; x_wconf 75' lang='lat' dir='ltr'>Perviqil</span> <span class='ocrx_word' id='word_1_60' title='bbox 1207 725 1265 758; x_wconf 79' lang='lat' dir='ltr'>hic</span> <span class='ocrx_word' id='word_1_61' title='bbox 1299 733 1427 767; x_wconf 81' lang='lat' dir='ltr'>campo</span> <span class='ocrx_word' id='word_1_62' title='bbox 1450 725 1553 759; x_wconf 71' lang='lat' dir='ltr'>miles</span> <span class='ocrx_word' id='word_1_63' title='bbox 1578 725 1625 760; x_wconf 83' lang='lat' dir='ltr'>de</span> 
     </span>
     <span class='ocr_line' id='line_1_10' title="bbox 205 771 1626 814; baseline 0 -8"><span class='ocrx_word' id='word_1_64' title='bbox 205 772 346 813; x_wconf 85' lang='lat' dir='ltr'>Boseh,</span> <span class='ocrx_word' id='word_1_65' title='bbox 381 773 554 806; x_wconf 75' lang='lat' dir='ltr'>Fervidus</span> <span class='ocrx_word' id='word_1_66' title='bbox 578 774 619 805; x_wconf 79' lang='lat' dir='ltr'>in</span> <span class='ocrx_word' id='word_1_67' title='bbox 642 780 769 814; x_wconf 87' lang='lat' dir='ltr'>campo</span> <span class='ocrx_word' id='word_1_68' title='bbox 801 772 902 805; x_wconf 76' lang='lat' dir='ltr'>miles</span> <span class='ocrx_word' id='word_1_69' title='bbox 927 771 1066 814; x_wconf 85' lang='lat' dir='ltr'>Bothe,</span> <span class='ocrx_word' id='word_1_70' title='bbox 1098 772 1274 806; x_wconf 71' lang='lat' dir='ltr'>Providus</span> <span class='ocrx_word' id='word_1_71' title='bbox 1299 773 1355 806; x_wconf 78' lang='lat' dir='ltr'>hic</span> <span class='ocrx_word' id='word_1_72' title='bbox 1377 774 1528 814; x_wconf 77' lang='lat' dir='ltr'>cautor,</span> <span class='ocrx_word' id='word_1_73' title='bbox 1558 773 1626 806; x_wconf 67' lang='lat' dir='ltr'>‘mi-</span> 
     </span>
     <span class='ocr_line' id='line_1_11' title="bbox 208 819 1626 862; baseline 0.001 -9"><span class='ocrx_word' id='word_1_74' title='bbox 208 820 256 853; x_wconf 75' lang='lat' dir='ltr'>les</span> <span class='ocrx_word' id='word_1_75' title='bbox 282 819 486 860; x_wconf 80' lang='lat' dir='ltr'>Schrader,</span> <span class='ocrx_word' id='word_1_76' title='bbox 513 821 674 861; x_wconf 79' lang='lat' dir='ltr'>Perfidus</span> <span class='ocrx_word' id='word_1_77' title='bbox 699 821 755 852; x_wconf 81' lang='lat' dir='ltr'>hic</span> <span class='ocrx_word' id='word_1_78' title='bbox 779 822 927 861; x_wconf 79' lang='lat' dir='ltr'>cautor,</span> <span class='ocrx_word' id='word_1_79' title='bbox 959 820 1062 852; x_wconf 78' lang='lat' dir='ltr'>miles</span> <span class='ocrx_word' id='word_1_80' title='bbox 1087 819 1253 861; x_wconf 87' lang='lat' dir='ltr'>Porson,</span> <span class='ocrx_word' id='word_1_81' title='bbox 1288 820 1496 854; x_wconf 69' lang='lat' dir='ltr'>causidicus</span> <span class='ocrx_word' id='word_1_82' title='bbox 1519 821 1626 862; x_wconf 73' lang='lat' dir='ltr'>vafer</span> 
     </span>
     <span class='ocr_line' id='line_1_12' title="bbox 204 865 1625 910; baseline 0.001 -10"><span class='ocrx_word' id='word_1_83' title='bbox 204 868 280 910; x_wconf 78' lang='lat' dir='ltr'>hic,</span> <span class='ocrx_word' id='word_1_84' title='bbox 312 868 415 900; x_wconf 80' lang='lat' dir='ltr'>miles</span> <span class='ocrx_word' id='word_1_85' title='bbox 448 866 665 908; x_wconf 79' lang='lat' dir='ltr'>Markland,</span> <span class='ocrx_word' id='word_1_86' title='bbox 699 868 921 900; x_wconf 79' lang='lat' dir='ltr'>Pernoclans</span> <span class='ocrx_word' id='word_1_87' title='bbox 955 875 1082 908; x_wconf 85' lang='lat' dir='ltr'>campo</span> <span class='ocrx_word' id='word_1_88' title='bbox 1114 867 1219 900; x_wconf 73' lang='lat' dir='ltr'>miles</span> <span class='ocrx_word' id='word_1_89' title='bbox 1253 865 1424 907; x_wconf 84' lang='lat' dir='ltr'>Schmid,</span> <span class='ocrx_word' id='word_1_90' title='bbox 1458 867 1625 901; x_wconf 73' lang='lat' dir='ltr'>Pervicue</span> 
     </span>
     <span class='ocr_line' id='line_1_13' title="bbox 208 913 1548 957; baseline 0.001 -10"><span class='ocrx_word' id='word_1_91' title='bbox 208 915 263 948; x_wconf 75' lang='lat' dir='ltr'>hic</span> <span class='ocrx_word' id='word_1_92' title='bbox 287 923 417 956; x_wconf 81' lang='lat' dir='ltr'>campo</span> <span class='ocrx_word' id='word_1_93' title='bbox 440 915 543 948; x_wconf 79' lang='lat' dir='ltr'>miles</span> <span class='ocrx_word' id='word_1_94' title='bbox 569 913 768 949; x_wconf 81' lang='lat' dir='ltr'>Obbarius.</span> <span class='ocrx_word' id='word_1_95' title='bbox 807 913 855 947; x_wconf 88' lang='lat' dir='ltr'>Ut</span> <span class='ocrx_word' id='word_1_96' title='bbox 881 924 961 956; x_wconf 90' lang='lat' dir='ltr'>nos,</span> <span class='ocrx_word' id='word_1_97' title='bbox 988 924 1116 948; x_wconf 87' lang='lat' dir='ltr'>omnes</span> <span class='ocrx_word' id='word_1_98' title='bbox 1142 914 1264 948; x_wconf 80' lang='lat' dir='ltr'>nostri</span> <span class='ocrx_word' id='word_1_99' title='bbox 1289 917 1327 948; x_wconf 88' lang='lat' dir='ltr'>et</span> <span class='ocrx_word' id='word_1_100' title='bbox 1350 913 1548 957; x_wconf 89' lang='lat' dir='ltr'>Pottierii.)</span> 
     </span>
    </p>
   </div>
   <div class='ocr_carea' id='block_1_7' title="bbox 118 1025 897 2772">
    <p class='ocr_par' dir='ltr' id='par_1_7' title="bbox 158 1025 893 1912">
     <span class='ocr_line' id='line_1_14' title="bbox 159 1025 891 1073; baseline -0.003 -12"><span class='ocrx_word' id='word_1_101' title='bbox 159 1029 202 1061; x_wconf 90' lang='lat' dir='ltr'>ut</span> <span class='ocrx_word' id='word_1_102' title='bbox 249 1026 392 1069; x_wconf 79' lang='lat' dir='ltr'>solent,</span> <span class='ocrx_word' id='word_1_103' title='bbox 442 1026 671 1073; x_wconf 73' lang='grc' dir='ltr'><em>παρένθεσιν</em></span> <span class='ocrx_word' id='word_1_104' title='bbox 711 1025 891 1060; x_wconf 88' lang='lat' dir='ltr'>claudens</span> 
     </span>
     <span class='ocr_line' id='line_1_15' title="bbox 160 1073 891 1118; baseline -0.001 -10"><span class='ocrx_word' id='word_1_105' title='bbox 160 1075 357 1108; x_wconf 83' lang='lat' dir='ltr'>transitum</span> <span class='ocrx_word' id='word_1_106' title='bbox 409 1074 502 1108; x_wconf 82' lang='lat' dir='ltr'>facit</span> <span class='ocrx_word' id='word_1_107' title='bbox 550 1074 596 1109; x_wconf 83' lang='lat' dir='ltr'>ad</span> <span class='ocrx_word' id='word_1_108' title='bbox 646 1073 891 1118; x_wconf 87' lang='lat' dir='ltr'>praecipuum</span> 
     </span>
     <span class='ocr_line' id='line_1_16' title="bbox 160 1121 891 1166; baseline 0 -11"><span class='ocrx_word' id='word_1_109' title='bbox 160 1131 269 1155; x_wconf 88' lang='lat' dir='ltr'>suum</span> <span class='ocrx_word' id='word_1_110' title='bbox 309 1122 527 1163; x_wconf 82' lang='lat' dir='ltr'>consilium,</span> <span class='ocrx_word' id='word_1_111' title='bbox 570 1121 670 1166; x_wconf 87' lang='lat' dir='ltr'>quod</span> <span class='ocrx_word' id='word_1_112' title='bbox 708 1122 777 1155; x_wconf 91' lang='lat' dir='ltr'>hoc</span> <span class='ocrx_word' id='word_1_113' title='bbox 816 1124 891 1155; x_wconf 86' lang='lat' dir='ltr'>est.</span> 
     </span>
     <span class='ocr_line' id='line_1_17' title="bbox 163 1168 892 1212; baseline 0 -10"><span class='ocrx_word' id='word_1_114' title='bbox 163 1168 327 1212; x_wconf 81' lang='lat' dir='ltr'>„Quodsi</span> <span class='ocrx_word' id='word_1_115' title='bbox 361 1169 544 1203; x_wconf 88' lang='lat' dir='ltr'>ridiculae</span> <span class='ocrx_word' id='word_1_116' title='bbox 578 1169 768 1202; x_wconf 81' lang='lat' dir='ltr'>dumtaxat</span> <span class='ocrx_word' id='word_1_117' title='bbox 802 1172 892 1202; x_wconf 87' lang='lat' dir='ltr'>sunt</span> 
     </span>
     <span class='ocr_line' id='line_1_18' title="bbox 158 1216 892 1261; baseline 0.001 -13"><span class='ocrx_word' id='word_1_118' title='bbox 158 1226 277 1250; x_wconf 81' lang='lat' dir='ltr'>vanae</span> <span class='ocrx_word' id='word_1_119' title='bbox 303 1216 391 1251; x_wconf 86' lang='lat' dir='ltr'>illae</span> <span class='ocrx_word' id='word_1_120' title='bbox 427 1216 684 1261; x_wconf 74' lang='lat' dir='ltr'>querimoniae</span> <span class='ocrx_word' id='word_1_121' title='bbox 719 1216 892 1258; x_wconf 83' lang='lat' dir='ltr'>militum,</span> 
     </span>
     <span class='ocr_line' id='line_1_19' title="bbox 160 1263 893 1307; baseline 0 -10"><span class='ocrx_word' id='word_1_122' title='bbox 160 1267 357 1297; x_wconf 80' lang='lat' dir='ltr'>nautarum</span> <span class='ocrx_word' id='word_1_123' title='bbox 387 1268 475 1304; x_wconf 88' lang='lat' dir='ltr'>cet.,</span> <span class='ocrx_word' id='word_1_124' title='bbox 511 1264 574 1307; x_wconf 92' lang='lat' dir='ltr'>qui</span> <span class='ocrx_word' id='word_1_125' title='bbox 609 1266 732 1297; x_wconf 87' lang='lat' dir='ltr'>tamen</span> <span class='ocrx_word' id='word_1_126' title='bbox 765 1263 893 1297; x_wconf 89' lang='lat' dir='ltr'>condi-</span> 
     </span>
     <span class='ocr_line' id='line_1_20' title="bbox 161 1310 892 1355; baseline 0 -11"><span class='ocrx_word' id='word_1_127' title='bbox 161 1310 309 1344; x_wconf 83' lang='lat' dir='ltr'>cionem</span> <span class='ocrx_word' id='word_1_128' title='bbox 343 1322 469 1351; x_wconf 85' lang='lat' dir='ltr'>suam,</span> <span class='ocrx_word' id='word_1_129' title='bbox 507 1311 552 1345; x_wconf 85' lang='lat' dir='ltr'>dc</span> <span class='ocrx_word' id='word_1_130' title='bbox 587 1322 662 1355; x_wconf 87' lang='lat' dir='ltr'>qua</span> <span class='ocrx_word' id='word_1_131' title='bbox 696 1314 892 1355; x_wconf 78' lang='lat' dir='ltr'>tantopere</span> 
     </span>
     <span class='ocr_line' id='line_1_21' title="bbox 162 1358 891 1402; baseline 0.001 -11"><span class='ocrx_word' id='word_1_132' title='bbox 162 1358 435 1398; x_wconf 77' lang='lat' dir='ltr'>lamentantur,</span> <span class='ocrx_word' id='word_1_133' title='bbox 470 1368 553 1392; x_wconf 92' lang='lat' dir='ltr'>cum</span> <span class='ocrx_word' id='word_1_134' title='bbox 579 1358 654 1392; x_wconf 81' lang='lat' dir='ltr'>alia</span> <span class='ocrx_word' id='word_1_135' title='bbox 678 1362 891 1402; x_wconf 81' lang='lat' dir='ltr'>permutare</span> 
     </span>
     <span class='ocr_line' id='line_1_22' title="bbox 161 1405 892 1460; baseline 0.001 -22"><span class='ocrx_word' id='word_1_136' title='bbox 161 1415 353 1458; x_wconf 80' lang='lat' dir='ltr'>nunquam</span> <span class='ocrx_word' id='word_1_137' title='bbox 372 1405 538 1439; x_wconf 87' lang='lat' dir='ltr'>animum</span> <span class='ocrx_word' id='word_1_138' title='bbox 556 1406 753 1448; x_wconf 89' lang='lat' dir='ltr'>inducunt,</span> <span class='ocrx_word' id='word_1_139' title='bbox 780 1406 892 1460; x_wconf 73' lang='lat' dir='ltr'>longe</span> 
     </span>
     <span class='ocr_line' id='line_1_23' title="bbox 161 1453 892 1487; baseline 0.003 -2"><span class='ocrx_word' id='word_1_140' title='bbox 161 1453 281 1486; x_wconf 88' lang='lat' dir='ltr'>maior</span> <span class='ocrx_word' id='word_1_141' title='bbox 324 1453 433 1487; x_wconf 85' lang='lat' dir='ltr'>etiam</span> <span class='ocrx_word' id='word_1_142' title='bbox 475 1453 515 1486; x_wconf 90' lang='lat' dir='ltr'>in</span> <span class='ocrx_word' id='word_1_143' title='bbox 557 1454 772 1487; x_wconf 89' lang='lat' dir='ltr'>hominibus</span> <span class='ocrx_word' id='word_1_144' title='bbox 809 1453 892 1487; x_wconf 89' lang='lat' dir='ltr'>istis</span> 
     </span>
     <span class='ocr_line' id='line_1_24' title="bbox 161 1500 892 1545; baseline 0.003 -13"><span class='ocrx_word' id='word_1_145' title='bbox 161 1500 387 1544; x_wconf 81' lang='lat' dir='ltr'>perversitas</span> <span class='ocrx_word' id='word_1_146' title='bbox 429 1500 521 1534; x_wconf 90' lang='lat' dir='ltr'>haec</span> <span class='ocrx_word' id='word_1_147' title='bbox 563 1501 750 1543; x_wconf 86' lang='lat' dir='ltr'>cernitur,</span> <span class='ocrx_word' id='word_1_148' title='bbox 791 1500 892 1545; x_wconf 90' lang='lat' dir='ltr'>quod</span> 
     </span>
     <span class='ocr_line' id='line_1_25' title="bbox 162 1544 892 1590; baseline 0.001 -10"><span class='ocrx_word' id='word_1_149' title='bbox 162 1546 276 1580; x_wconf 88' lang='lat' dir='ltr'>simul</span> <span class='ocrx_word' id='word_1_150' title='bbox 293 1546 367 1586; x_wconf 74' lang='grc' dir='ltr'>βαι·</span> <span class='ocrx_word' id='word_1_151' title='bbox 369 1544 515 1589; x_wconf 83' lang='grc' dir='ltr'><em>αι’σους</em></span> <span class='ocrx_word' id='word_1_152' title='bbox 531 1548 611 1590; x_wconf 84' lang='lat' dir='ltr'>hos,</span> <span class='ocrx_word' id='word_1_153' title='bbox 635 1547 722 1581; x_wconf 86' lang='lat' dir='ltr'>dum</span> <span class='ocrx_word' id='word_1_154' title='bbox 742 1548 813 1582; x_wconf 83' lang='lat' dir='ltr'>sibi</span> <span class='ocrx_word' id='word_1_155' title='bbox 832 1558 892 1582; x_wconf 89' lang='lat' dir='ltr'>ce-</span> 
     </span>
     <span class='ocr_line' id='line_1_26' title="bbox 162 1594 892 1639; baseline 0.003 -12"><span class='ocrx_word' id='word_1_156' title='bbox 162 1594 253 1628; x_wconf 86' lang='lat' dir='ltr'>teris</span> <span class='ocrx_word' id='word_1_157' title='bbox 237 1605 330 1638; x_wconf 68' lang='lat' dir='ltr'>sque</span> <span class='ocrx_word' id='word_1_158' title='bbox 355 1595 585 1639; x_wconf 86' lang='lat' dir='ltr'>persuadere</span> <span class='ocrx_word' id='word_1_159' title='bbox 613 1599 809 1638; x_wconf 83' lang='lat' dir='ltr'>conantur,</span> <span class='ocrx_word' id='word_1_160' title='bbox 834 1595 892 1628; x_wconf 93' lang='lat' dir='ltr'>ni-</span> 
     </span>
     <span class='ocr_line' id='line_1_27' title="bbox 162 1641 892 1686; baseline 0.003 -12"><span class='ocrx_word' id='word_1_161' title='bbox 162 1641 217 1674; x_wconf 90' lang='lat' dir='ltr'>hil</span> <span class='ocrx_word' id='word_1_162' title='bbox 235 1641 338 1675; x_wconf 86' lang='lat' dir='ltr'>aliud</span> <span class='ocrx_word' id='word_1_163' title='bbox 357 1642 429 1676; x_wconf 90' lang='lat' dir='ltr'>sibi</span> <span class='ocrx_word' id='word_1_164' title='bbox 449 1642 680 1686; x_wconf 87' lang='lat' dir='ltr'>propositum</span> <span class='ocrx_word' id='word_1_165' title='bbox 697 1653 792 1685; x_wconf 87' lang='lat' dir='ltr'>esse,</span> <span class='ocrx_word' id='word_1_166' title='bbox 818 1643 892 1677; x_wconf 89' lang='lat' dir='ltr'>nisi</span> 
     </span>
     <span class='ocr_line' id='line_1_28' title="bbox 162 1689 892 1734; baseline 0.003 -12"><span class='ocrx_word' id='word_1_167' title='bbox 162 1691 205 1722; x_wconf 86' lang='lat' dir='ltr'>ut</span> <span class='ocrx_word' id='word_1_168' title='bbox 242 1699 350 1723; x_wconf 84' lang='lat' dir='ltr'>senes</span> <span class='ocrx_word' id='word_1_169' title='bbox 384 1689 472 1723; x_wconf 85' lang='lat' dir='ltr'>facti</span> <span class='ocrx_word' id='word_1_170' title='bbox 507 1690 664 1724; x_wconf 86' lang='lat' dir='ltr'>honesto</span> <span class='ocrx_word' id='word_1_171' title='bbox 700 1690 775 1724; x_wconf 89' lang='lat' dir='ltr'>otio</span> <span class='ocrx_word' id='word_1_172' title='bbox 808 1701 892 1734; x_wconf 88' lang='lat' dir='ltr'>per-</span> 
     </span>
     <span class='ocr_line' id='line_1_29' title="bbox 162 1736 891 1781; baseline 0.004 -12"><span class='ocrx_word' id='word_1_173' title='bbox 162 1736 236 1770; x_wconf 86' lang='lat' dir='ltr'>frui</span> <span class='ocrx_word' id='word_1_174' title='bbox 270 1737 435 1779; x_wconf 80' lang='lat' dir='ltr'>possint,</span> <span class='ocrx_word' id='word_1_175' title='bbox 469 1747 598 1781; x_wconf 82' lang='lat' dir='ltr'>reapse</span> <span class='ocrx_word' id='word_1_176' title='bbox 633 1741 756 1771; x_wconf 86' lang='lat' dir='ltr'>tamen</span> <span class='ocrx_word' id='word_1_177' title='bbox 791 1738 891 1772; x_wconf 88' lang='lat' dir='ltr'>insa-</span> 
     </span>
     <span class='ocr_line' id='line_1_30' title="bbox 162 1782 890 1828; baseline 0.003 -11"><span class='ocrx_word' id='word_1_178' title='bbox 162 1782 302 1817; x_wconf 83' lang='lat' dir='ltr'>tiabilis</span> <span class='ocrx_word' id='word_1_179' title='bbox 328 1784 422 1818; x_wconf 88' lang='lat' dir='ltr'>lucri</span> <span class='ocrx_word' id='word_1_180' title='bbox 444 1784 628 1828; x_wconf 80' lang='lat' dir='ltr'>cupiditas</span> <span class='ocrx_word' id='word_1_181' title='bbox 656 1788 890 1819; x_wconf 82' lang='lat' dir='ltr'>transversos</span> 
     </span>
     <span class='ocr_line' id='line_1_31' title="bbox 162 1829 891 1876; baseline 0.005 -13"><span class='ocrx_word' id='word_1_182' title='bbox 162 1829 240 1875; x_wconf 80' lang='lat' dir='ltr'>agit</span> <span class='ocrx_word' id='word_1_183' title='bbox 273 1834 310 1864; x_wconf 84' lang='lat' dir='ltr'>et</span> <span class='ocrx_word' id='word_1_184' title='bbox 347 1841 470 1876; x_wconf 87' lang='lat' dir='ltr'>usque</span> <span class='ocrx_word' id='word_1_185' title='bbox 503 1831 549 1865; x_wconf 88' lang='lat' dir='ltr'>ad</span> <span class='ocrx_word' id='word_1_186' title='bbox 583 1832 702 1876; x_wconf 85' lang='lat' dir='ltr'>ipsam</span> <span class='ocrx_word' id='word_1_187' title='bbox 736 1836 891 1867; x_wconf 84' lang='lat' dir='ltr'>mortem</span> 
     </span>
     <span class='ocr_line' id='line_1_32' title="bbox 164 1878 387 1912; baseline -0.004 0"><span class='ocrx_word' id='word_1_188' title='bbox 164 1878 387 1912; x_wconf 61' lang='lat' dir='ltr'>excruciat*</span> 
     </span>
    </p>

    <p class='ocr_par' dir='ltr' id='par_1_8' title="bbox 118 1926 897 2772">
     <span class='ocr_line' id='line_1_33' title="bbox 211 1926 893 1969; baseline 0.003 -11"><span class='ocrx_word' id='word_1_189' title='bbox 211 1926 332 1958; x_wconf 83' lang='lat'>28-31.</span> <span class='ocrx_word' id='word_1_190' title='bbox 351 1926 533 1966; x_wconf 64' lang='lat' dir='ltr'>&#39;neuqua&#39;</span> <span class='ocrx_word' id='word_1_191' title='bbox 544 1926 669 1968; x_wconf 74' lang='lat' dir='ltr'>vertit]</span> <span class='ocrx_word' id='word_1_192' title='bbox 683 1926 801 1960; x_wconf 79' lang='lat' dir='ltr'>Wolf:</span> <span class='ocrx_word' id='word_1_193' title='bbox 815 1929 893 1969; x_wconf 84' lang='lat' dir='ltr'>Er,</span> 
     </span>
     <span class='ocr_line' id='line_1_34' title="bbox 164 1972 894 2014; baseline 0.003 -9"><span class='ocrx_word' id='word_1_194' title='bbox 164 1972 259 2005; x_wconf 80' lang='lat' dir='ltr'>dess</span> <span class='ocrx_word' id='word_1_195' title='bbox 293 1974 429 2014; x_wconf 75' lang='lat' dir='ltr'>Psluq</span> <span class='ocrx_word' id='word_1_196' title='bbox 461 1974 657 2006; x_wconf 62' lang='lat' dir='ltr'>mansam</span> <span class='ocrx_word' id='word_1_197' title='bbox 690 1975 894 2013; x_wconf 69' lang='lat' dir='ltr'>unzkehrc</span> 
     </span>
     <span class='ocr_line' id='line_1_35' title="bbox 162 2021 892 2061; baseline 0.003 -9"><span class='ocrx_word' id='word_1_198' title='bbox 162 2021 573 2061; x_wconf 70' lang='lat' dir='ltr'>schwerscholtiqes</span> <span class='ocrx_word' id='word_1_199' title='bbox 667 2023 892 2055; x_wconf 79' lang='lat' dir='ltr'>Erdreich.</span> 
     </span>
     <span class='ocr_line' id='line_1_36' title="bbox 163 2065 895 2111; baseline 0.004 -12"><span class='ocrx_word' id='word_1_200' title='bbox 163 2065 244 2100; x_wconf 87' lang='lat' dir='ltr'>Hoc</span> <span class='ocrx_word' id='word_1_201' title='bbox 262 2077 294 2099; x_wconf 83' lang='lat' dir='ltr'>v.</span> <span class='ocrx_word' id='word_1_202' title='bbox 312 2069 444 2111; x_wconf 68' lang='lat' dir='ltr'>poetae</span> <span class='ocrx_word' id='word_1_203' title='bbox 470 2070 655 2111; x_wconf 87' lang='lat' dir='ltr'>usurpant</span> <span class='ocrx_word' id='word_1_204' title='bbox 678 2079 754 2101; x_wconf 92' lang='lat' dir='ltr'>non</span> <span class='ocrx_word' id='word_1_205' title='bbox 773 2069 895 2102; x_wconf 88' lang='lat' dir='ltr'>solum</span> 
     </span>
     <span class='ocr_line' id='line_1_37' title="bbox 164 2112 894 2159; baseline 0.003 -12"><span class='ocrx_word' id='word_1_206' title='bbox 164 2112 209 2147; x_wconf 88' lang='lat' dir='ltr'>de</span> <span class='ocrx_word' id='word_1_207' title='bbox 236 2119 358 2147; x_wconf 85' lang='lat' dir='ltr'>aratro</span> <span class='ocrx_word' id='word_1_208' title='bbox 386 2114 505 2159; x_wconf 83' lang='lat' dir='ltr'>(Virg.</span> <span class='ocrx_word' id='word_1_209' title='bbox 524 2115 616 2148; x_wconf 90' lang='lat' dir='ltr'>Aen.</span> <span class='ocrx_word' id='word_1_210' title='bbox 636 2117 667 2156; x_wconf 86' lang='lat'>7,</span> <span class='ocrx_word' id='word_1_211' title='bbox 694 2115 802 2157; x_wconf 82' lang='lat'>539.),</span> <span class='ocrx_word' id='word_1_212' title='bbox 829 2115 894 2149; x_wconf 89' lang='lat' dir='ltr'>sed</span> 
     </span>
     <span class='ocr_line' id='line_1_38' title="bbox 164 2160 893 2203; baseline 0.001 -8"><span class='ocrx_word' id='word_1_213' title='bbox 164 2160 275 2195; x_wconf 83' lang='lat' dir='ltr'>etiam</span> <span class='ocrx_word' id='word_1_214' title='bbox 314 2161 358 2194; x_wconf 90' lang='lat' dir='ltr'>de</span> <span class='ocrx_word' id='word_1_215' title='bbox 401 2161 544 2196; x_wconf 87' lang='lat' dir='ltr'>rastris.</span> <span class='ocrx_word' id='word_1_216' title='bbox 594 2161 686 2195; x_wconf 90' lang='lat' dir='ltr'>Aen.</span> <span class='ocrx_word' id='word_1_217' title='bbox 730 2164 769 2203; x_wconf 86' lang='grc'>7,</span> <span class='ocrx_word' id='word_1_218' title='bbox 808 2164 893 2196; x_wconf 80' lang='lat'>7:25:</span> 
     </span>
     <span class='ocr_line' id='line_1_39' title="bbox 163 2209 895 2250; baseline 0 -8"><span class='ocrx_word' id='word_1_219' title='bbox 163 2211 306 2242; x_wconf 70' lang='lat' dir='ltr'>vertunt</span> <span class='ocrx_word' id='word_1_220' title='bbox 362 2209 486 2250; x_wconf 80' lang='lat' dir='ltr'>felicia</span> <span class='ocrx_word' id='word_1_221' title='bbox 543 2210 686 2242; x_wconf 73' lang='lat' dir='ltr'>Baccho</span> <span class='ocrx_word' id='word_1_222' title='bbox 735 2210 895 2243; x_wconf 75' lang='lat' dir='ltr'>Massica</span> 
     </span>
     <span class='ocr_line' id='line_1_40' title="bbox 165 2257 894 2300; baseline 0.001 -12"><span class='ocrx_word' id='word_1_223' title='bbox 165 2257 228 2296; x_wconf 74' lang='lat' dir='ltr'>qui</span> <span class='ocrx_word' id='word_1_224' title='bbox 251 2257 392 2288; x_wconf 77' lang='lat' dir='ltr'>rastris.</span> <span class='ocrx_word' id='word_1_225' title='bbox 416 2274 463 2279; x_wconf 90' lang='lat'>——</span> <span class='ocrx_word' id='word_1_226' title='bbox 489 2257 648 2298; x_wconf 77' lang='lat' dir='ltr'>Perfidus</span> <span class='ocrx_word' id='word_1_227' title='bbox 675 2258 730 2289; x_wconf 81' lang='lat' dir='ltr'>hic</span> <span class='ocrx_word' id='word_1_228' title='bbox 756 2257 894 2300; x_wconf 85' lang='lat' dir='ltr'>caupo]</span> 
     </span>
     <span class='ocr_line' id='line_1_41' title="bbox 165 2302 897 2347; baseline 0.004 -12"><span class='ocrx_word' id='word_1_229' title='bbox 165 2302 238 2342; x_wconf 76' lang='lat' dir='ltr'>hic,</span> <span class='ocrx_word' id='word_1_230' title='bbox 273 2303 311 2335; x_wconf 89' lang='lat' dir='ltr'>in</span> <span class='ocrx_word' id='word_1_231' title='bbox 347 2314 421 2347; x_wconf 91' lang='lat' dir='ltr'>quo</span> <span class='ocrx_word' id='word_1_232' title='bbox 456 2303 631 2336; x_wconf 86' lang='lat' dir='ltr'>nonnulli</span> <span class='ocrx_word' id='word_1_233' title='bbox 667 2303 748 2338; x_wconf 87' lang='lat' dir='ltr'>sine</span> <span class='ocrx_word' id='word_1_234' title='bbox 782 2314 897 2338; x_wconf 82' lang='lat' dir='ltr'>causa</span> 
     </span>
     <span class='ocr_line' id='line_1_42' title="bbox 164 2349 895 2394; baseline 0.003 -11"><span class='ocrx_word' id='word_1_235' title='bbox 164 2349 388 2391; x_wconf 82' lang='lat' dir='ltr'>haeserunt,</span> <span class='ocrx_word' id='word_1_236' title='bbox 422 2350 625 2394; x_wconf 86' lang='lat' dir='ltr'>opponitur</span> <span class='ocrx_word' id='word_1_237' title='bbox 651 2361 682 2383; x_wconf 87' lang='lat' dir='ltr'>v.</span> <span class='ocrx_word' id='word_1_238' title='bbox 710 2352 773 2384; x_wconf 79' lang='lat' dir='ltr'>ille</span> <span class='ocrx_word' id='word_1_239' title='bbox 799 2362 895 2385; x_wconf 89' lang='lat' dir='ltr'>vers.</span> 
     </span>
     <span class='ocr_line' id='line_1_43' title="bbox 118 2396 896 2441; baseline 0.001 -11"><span class='ocrx_word' id='word_1_240' title='bbox 118 2435 121 2438; x_wconf 18' lang='grc' dir='ltr'><strong>Δ</strong></span> <span class='ocrx_word' id='word_1_241' title='bbox 165 2396 338 2441; x_wconf 83' lang='lat' dir='ltr'>praeced.</span> <span class='ocrx_word' id='word_1_242' title='bbox 372 2399 408 2430; x_wconf 88' lang='lat' dir='ltr'>et</span> <span class='ocrx_word' id='word_1_243' title='bbox 434 2401 490 2430; x_wconf 89' lang='lat' dir='ltr'>est</span> <span class='ocrx_word' id='word_1_244' title='bbox 521 2396 660 2430; x_wconf 88' lang='lat' dir='ltr'>dictum</span> <span class='ocrx_word' id='word_1_245' title='bbox 688 2399 795 2441; x_wconf 84' lang='lat' dir='ltr'>quasi</span> <span class='ocrx_word' id='word_1_246' title='bbox 821 2397 896 2431; x_wconf 82' lang='grc' dir='ltr'><em>δει-</em></span> 
     </span>
     <span class='ocr_line' id='line_1_44' title="bbox 169 2443 894 2491; baseline 0.004 -14.809"><span class='ocrx_word' id='word_1_247' title='bbox 169 2443 320 2485; x_wconf 76' lang='grc' dir='ltr'>κτικῶς,</span> <span class='ocrx_word' id='word_1_248' title='bbox 365 2443 612 2491; x_wconf 76' lang='lat' dir='ltr'>„cuiusmodi</span> <span class='ocrx_word' id='word_1_249' title='bbox 618 2445 826 2490; x_wconf 83' lang='lat' dir='ltr'>quotidie</span> <span class='ocrx_word' id='word_1_250' title='bbox 840 2445 894 2479; x_wconf 86' lang='lat' dir='ltr'>vi-</span> 
     </span>
     <span class='ocr_line' id='line_1_45' title="bbox 124 2486 894 2541; baseline -0.001 -15.939"><span class='ocrx_word' id='word_1_251' title='bbox 124 2490 274 2541; x_wconf 83' lang='lat' dir='ltr'>des;“</span> <span class='ocrx_word' id='word_1_252' title='bbox 303 2491 378 2525; x_wconf 78' lang='lat' dir='ltr'>Sat.</span> <span class='ocrx_word' id='word_1_253' title='bbox 406 2494 437 2532; x_wconf 87' lang='lat' dir='ltr'>l,</span> <span class='ocrx_word' id='word_1_254' title='bbox 462 2486 494 2532; x_wconf 93' lang='lat'>5,</span> <span class='ocrx_word' id='word_1_255' title='bbox 518 2486 560 2524; x_wconf 80' lang='lat'>4&#39;:</span> <span class='ocrx_word' id='word_1_256' title='bbox 592 2493 814 2532; x_wconf 77' lang='lat' dir='ltr'>cauponibus</span> <span class='ocrx_word' id='word_1_257' title='bbox 839 2495 894 2525; x_wconf 81' lang='grc' dir='ltr'>αι-</span> 
     </span>
     <span class='ocr_line' id='line_1_46' title="bbox 167 2537 894 2582; baseline 0.001 -10"><span class='ocrx_word' id='word_1_258' title='bbox 167 2547 236 2580; x_wconf 77' lang='lat' dir='ltr'>quc</span> <span class='ocrx_word' id='word_1_259' title='bbox 276 2539 458 2579; x_wconf 63' lang='lat' dir='ltr'>matianis.</span> <span class='ocrx_word' id='word_1_260' title='bbox 513 2537 652 2572; x_wconf 84' lang='lat' dir='ltr'>Novam</span> <span class='ocrx_word' id='word_1_261' title='bbox 694 2549 894 2582; x_wconf 81' lang='lat' dir='ltr'>personam</span> 
     </span>
     <span class='ocr_line' id='line_1_47' title="bbox 166 2585 894 2628; baseline 0.001 -9"><span class='ocrx_word' id='word_1_262' title='bbox 166 2585 332 2626; x_wconf 85' lang='lat' dir='ltr'>inducit,</span> <span class='ocrx_word' id='word_1_263' title='bbox 366 2585 493 2619; x_wconf 82' lang='lat' dir='ltr'>dedita</span> <span class='ocrx_word' id='word_1_264' title='bbox 526 2596 638 2628; x_wconf 82' lang='lat' dir='ltr'>opera</span> <span class='ocrx_word' id='word_1_265' title='bbox 670 2585 705 2618; x_wconf 91' lang='grc'>11.</span> <span class='ocrx_word' id='word_1_266' title='bbox 732 2586 755 2618; x_wconf 92' lang='grc'>1.</span> <span class='ocrx_word' id='word_1_267' title='bbox 788 2587 894 2620; x_wconf 87' lang='lat' dir='ltr'>omit·</span> 
     </span>
     <span class='ocr_line' id='line_1_48' title="bbox 167 2631 895 2676; baseline 0 -10"><span class='ocrx_word' id='word_1_268' title='bbox 167 2634 250 2666; x_wconf 84' lang='lat' dir='ltr'>tens</span> <span class='ocrx_word' id='word_1_269' title='bbox 275 2631 595 2673; x_wconf 86' lang='lat' dir='ltr'>iureconsultum,</span> <span class='ocrx_word' id='word_1_270' title='bbox 628 2635 670 2665; x_wconf 85' lang='lat' dir='ltr'>ut</span> <span class='ocrx_word' id='word_1_271' title='bbox 694 2633 758 2676; x_wconf 90' lang='lat' dir='ltr'>qui</span> <span class='ocrx_word' id='word_1_272' title='bbox 785 2633 895 2666; x_wconf 87' lang='lat' dir='ltr'>disci-</span> 
     </span>
     <span class='ocr_line' id='line_1_49' title="bbox 166 2679 895 2724; baseline 0.003 -12"><span class='ocrx_word' id='word_1_273' title='bbox 166 2679 307 2724; x_wconf 83' lang='lat' dir='ltr'>plinam</span> <span class='ocrx_word' id='word_1_274' title='bbox 346 2691 450 2714; x_wconf 88' lang='lat' dir='ltr'>suam</span> <span class='ocrx_word' id='word_1_275' title='bbox 482 2690 559 2712; x_wconf 89' lang='grc'><strong>11011</strong></span> <span class='ocrx_word' id='word_1_276' title='bbox 593 2683 791 2723; x_wconf 77' lang='lat' dir='ltr'>quaestus,</span> <span class='ocrx_word' id='word_1_277' title='bbox 830 2680 895 2714; x_wconf 88' lang='lat' dir='ltr'>sed</span> 
     </span>
     <span class='ocr_line' id='line_1_50' title="bbox 163 2726 896 2772; baseline 0 -12"><span class='ocrx_word' id='word_1_278' title='bbox 163 2726 322 2761; x_wconf 81' lang='lat' dir='ltr'>honoris</span> <span class='ocrx_word' id='word_1_279' title='bbox 335 2731 448 2772; x_wconf 84' lang='lat' dir='ltr'>atque</span> <span class='ocrx_word' id='word_1_280' title='bbox 462 2726 601 2761; x_wconf 84' lang='lat' dir='ltr'>civium</span> <span class='ocrx_word' id='word_1_281' title='bbox 620 2726 792 2761; x_wconf 79' lang='lat' dir='ltr'>utilitatis</span> <span class='ocrx_word' id='word_1_282' title='bbox 811 2737 896 2760; x_wconf 80' lang='lat' dir='ltr'>cau-</span> 
     </span>
    </p>
   </div>
   <div class='ocr_carea' id='block_1_8' title="bbox 939 1025 1687 2770">
    <p class='ocr_par' dir='ltr' id='par_1_9' title="bbox 939 1025 1687 2762">
     <span class='ocr_line' id='line_1_51' title="bbox 941 1025 1673 1071; baseline 0.001 -12"><span class='ocrx_word' id='word_1_283' title='bbox 941 1036 983 1060; x_wconf 88' lang='lat' dir='ltr'>sa</span> <span class='ocrx_word' id='word_1_284' title='bbox 1007 1027 1201 1070; x_wconf 84' lang='lat' dir='ltr'>exerceat3</span> <span class='ocrx_word' id='word_1_285' title='bbox 1227 1036 1343 1071; x_wconf 80' lang='lat' dir='ltr'>supra</span> <span class='ocrx_word' id='word_1_286' title='bbox 1362 1027 1486 1061; x_wconf 80' lang='lat' dir='ltr'>autem</span> <span class='ocrx_word' id='word_1_287' title='bbox 1505 1025 1570 1061; x_wconf 85' lang='lat' dir='ltr'>ille</span> <span class='ocrx_word' id='word_1_288' title='bbox 1587 1036 1673 1071; x_wconf 83' lang='lat' dir='ltr'>pro·</span> 
     </span>
     <span class='ocr_line' id='line_1_52' title="bbox 940 1073 1673 1128; baseline 0.001 -22"><span class='ocrx_word' id='word_1_289' title='bbox 940 1076 1024 1128; x_wconf 88' lang='lat' dir='ltr'>pter</span> <span class='ocrx_word' id='word_1_290' title='bbox 1050 1073 1120 1108; x_wconf 92' lang='lat' dir='ltr'>hoc</span> <span class='ocrx_word' id='word_1_291' title='bbox 1147 1077 1292 1108; x_wconf 82' lang='lat' dir='ltr'>tantum</span> <span class='ocrx_word' id='word_1_292' title='bbox 1324 1073 1544 1115; x_wconf 83' lang='lat' dir='ltr'>notabatur,</span> <span class='ocrx_word' id='word_1_293' title='bbox 1570 1073 1673 1118; x_wconf 86' lang='lat' dir='ltr'>quod</span> 
     </span>
     <span class='ocr_line' id='line_1_53' title="bbox 939 1121 1672 1165; baseline 0 -11"><span class='ocrx_word' id='word_1_294' title='bbox 939 1121 1022 1165; x_wconf 88' lang='lat' dir='ltr'>ipse</span> <span class='ocrx_word' id='word_1_295' title='bbox 1047 1132 1202 1165; x_wconf 90' lang='lat' dir='ltr'>quoque</span> <span class='ocrx_word' id='word_1_296' title='bbox 1219 1131 1295 1154; x_wconf 89' lang='grc'><strong>11011</strong></span> <span class='ocrx_word' id='word_1_297' title='bbox 1321 1121 1450 1155; x_wconf 89' lang='lat' dir='ltr'>minus</span> <span class='ocrx_word' id='word_1_298' title='bbox 1474 1123 1588 1165; x_wconf 85' lang='lat' dir='ltr'>atque</span> <span class='ocrx_word' id='word_1_299' title='bbox 1605 1121 1672 1155; x_wconf 89' lang='lat' dir='ltr'>ho-</span> 
     </span>
     <span class='ocr_line' id='line_1_54' title="bbox 940 1167 1677 1213; baseline 0 -11"><span class='ocrx_word' id='word_1_300' title='bbox 940 1169 1083 1202; x_wconf 90' lang='lat' dir='ltr'>minum</span> <span class='ocrx_word' id='word_1_301' title='bbox 1117 1168 1249 1213; x_wconf 86' lang='lat' dir='ltr'>volgus</span> <span class='ocrx_word' id='word_1_302' title='bbox 1281 1167 1471 1202; x_wconf 88' lang='lat' dir='ltr'>interdum</span> <span class='ocrx_word' id='word_1_303' title='bbox 1505 1168 1551 1202; x_wconf 83' lang='lat' dir='ltr'>dc</span> <span class='ocrx_word' id='word_1_304' title='bbox 1576 1168 1677 1202; x_wconf 75' lang='lat' dir='ltr'>vitae</span> 
     </span>
     <span class='ocr_line' id='line_1_55' title="bbox 941 1215 1674 1260; baseline -0.001 -10"><span class='ocrx_word' id='word_1_305' title='bbox 941 1226 1031 1250; x_wconf 86' lang='lat' dir='ltr'>suae</span> <span class='ocrx_word' id='word_1_306' title='bbox 1049 1215 1207 1250; x_wconf 86' lang='lat' dir='ltr'>molesta</span> <span class='ocrx_word' id='word_1_307' title='bbox 1223 1215 1446 1250; x_wconf 87' lang='lat' dir='ltr'>condicione</span> <span class='ocrx_word' id='word_1_308' title='bbox 1464 1226 1598 1260; x_wconf 84' lang='lat' dir='ltr'>parum</span> <span class='ocrx_word' id='word_1_309' title='bbox 1616 1226 1674 1250; x_wconf 82' lang='lat' dir='ltr'>sa-</span> 
     </span>
     <span class='ocr_line' id='line_1_56' title="bbox 941 1263 1673 1308; baseline 0.001 -12"><span class='ocrx_word' id='word_1_310' title='bbox 941 1263 1089 1308; x_wconf 82' lang='lat' dir='ltr'>pienter</span> <span class='ocrx_word' id='word_1_311' title='bbox 1130 1263 1376 1306; x_wconf 81' lang='lat' dir='ltr'>lamentetur3</span> <span class='ocrx_word' id='word_1_312' title='bbox 1418 1273 1542 1307; x_wconf 88' lang='lat' dir='ltr'>neque</span> <span class='ocrx_word' id='word_1_313' title='bbox 1584 1272 1673 1297; x_wconf 87' lang='lat' dir='ltr'>vero</span> 
     </span>
     <span class='ocr_line' id='line_1_57' title="bbox 940 1309 1673 1352; baseline 0.001 -9"><span class='ocrx_word' id='word_1_314' title='bbox 940 1310 1030 1344; x_wconf 89' lang='lat' dir='ltr'>hinc</span> <span class='ocrx_word' id='word_1_315' title='bbox 1055 1310 1198 1344; x_wconf 86' lang='lat' dir='ltr'>recedit</span> <span class='ocrx_word' id='word_1_316' title='bbox 1227 1310 1512 1345; x_wconf 88' lang='lat' dir='ltr'>iureconsultus</span> <span class='ocrx_word' id='word_1_317' title='bbox 1537 1309 1673 1352; x_wconf 86' lang='lat' dir='ltr'>solum,</span> 
     </span>
     <span class='ocr_line' id='line_1_58' title="bbox 941 1357 1675 1402; baseline 0 -10"><span class='ocrx_word' id='word_1_318' title='bbox 941 1357 1007 1392; x_wconf 88' lang='lat' dir='ltr'>sed</span> <span class='ocrx_word' id='word_1_319' title='bbox 1033 1359 1143 1392; x_wconf 83' lang='lat' dir='ltr'>etiam</span> <span class='ocrx_word' id='word_1_320' title='bbox 1169 1357 1335 1402; x_wconf 86' lang='lat' dir='ltr'>litigator</span> <span class='ocrx_word' id='word_1_321' title='bbox 1367 1357 1602 1399; x_wconf 83' lang='lat' dir='ltr'>rusticanus,</span> <span class='ocrx_word' id='word_1_322' title='bbox 1634 1359 1675 1392; x_wconf 83' lang='lat' dir='ltr'>et</span> 
     </span>
     <span class='ocr_line' id='line_1_59' title="bbox 942 1403 1670 1450; baseline 0 -12"><span class='ocrx_word' id='word_1_323' title='bbox 942 1404 1094 1450; x_wconf 89' lang='lat' dir='ltr'>quidem</span> <span class='ocrx_word' id='word_1_324' title='bbox 1118 1408 1271 1449; x_wconf 86' lang='lat' dir='ltr'>propter</span> <span class='ocrx_word' id='word_1_325' title='bbox 1289 1405 1448 1447; x_wconf 85' lang='lat' dir='ltr'>similem</span> <span class='ocrx_word' id='word_1_326' title='bbox 1473 1403 1670 1439; x_wconf 82' lang='lat' dir='ltr'>rationem.</span> 
     </span>
     <span class='ocr_line' id='line_1_60' title="bbox 942 1451 1670 1496; baseline -0.001 -10"><span class='ocrx_word' id='word_1_327' title='bbox 942 1452 1103 1492; x_wconf 79' lang='lat' dir='ltr'>Quidam</span> <span class='ocrx_word' id='word_1_328' title='bbox 1115 1462 1323 1496; x_wconf 84' lang='lat' dir='ltr'>cauponem</span> <span class='ocrx_word' id='word_1_329' title='bbox 1337 1451 1480 1486; x_wconf 82' lang='lat' dir='ltr'>vafrum</span> <span class='ocrx_word' id='word_1_330' title='bbox 1494 1451 1670 1486; x_wconf 81' lang='lat' dir='ltr'>iurecon-</span> 
     </span>
     <span class='ocr_line' id='line_1_61' title="bbox 942 1497 1671 1544; baseline -0.001 -11"><span class='ocrx_word' id='word_1_331' title='bbox 942 1500 1083 1534; x_wconf 86' lang='lat' dir='ltr'>sultum</span> <span class='ocrx_word' id='word_1_332' title='bbox 1109 1500 1232 1544; x_wconf 86' lang='lat' dir='ltr'>ipsum</span> <span class='ocrx_word' id='word_1_333' title='bbox 1260 1500 1544 1543; x_wconf 85' lang='lat' dir='ltr'>interpretatur,</span> <span class='ocrx_word' id='word_1_334' title='bbox 1568 1497 1671 1533; x_wconf 79' lang='lat' dir='ltr'>vide-</span> 
     </span>
     <span class='ocr_line' id='line_1_62' title="bbox 942 1546 1671 1590; baseline -0.003 -9"><span class='ocrx_word' id='word_1_335' title='bbox 942 1547 1032 1581; x_wconf 84' lang='lat' dir='ltr'>licet</span> <span class='ocrx_word' id='word_1_336' title='bbox 1055 1549 1112 1580; x_wconf 76' lang='lat' dir='ltr'>ius</span> <span class='ocrx_word' id='word_1_337' title='bbox 1137 1550 1421 1588; x_wconf 65' lang='lat' dir='ltr'>cauponarum,</span> <span class='ocrx_word' id='word_1_338' title='bbox 1448 1546 1557 1590; x_wconf 84' lang='lat' dir='ltr'>quasi</span> <span class='ocrx_word' id='word_1_339' title='bbox 1581 1556 1671 1580; x_wconf 86' lang='lat' dir='ltr'>vero</span> 
     </span>
     <span class='ocr_line' id='line_1_63' title="bbox 941 1592 1673 1638; baseline -0.003 -10"><span class='ocrx_word' id='word_1_340' title='bbox 941 1595 996 1629; x_wconf 89' lang='lat' dir='ltr'>sic</span> <span class='ocrx_word' id='word_1_341' title='bbox 1013 1594 1235 1638; x_wconf 88' lang='lat' dir='ltr'>simpliciter</span> <span class='ocrx_word' id='word_1_342' title='bbox 1253 1604 1460 1638; x_wconf 85' lang='lat' dir='ltr'>cauponem</span> <span class='ocrx_word' id='word_1_343' title='bbox 1477 1603 1545 1637; x_wconf 90' lang='lat' dir='ltr'>pro</span> <span class='ocrx_word' id='word_1_344' title='bbox 1571 1592 1673 1627; x_wconf 86' lang='lat' dir='ltr'>iure-</span> 
     </span>
     <span class='ocr_line' id='line_1_64' title="bbox 942 1639 1675 1686; baseline -0.003 -10"><span class='ocrx_word' id='word_1_345' title='bbox 942 1642 1115 1676; x_wconf 89' lang='lat' dir='ltr'>consulto</span> <span class='ocrx_word' id='word_1_346' title='bbox 1142 1641 1267 1675; x_wconf 84' lang='lat' dir='ltr'>dicere</span> <span class='ocrx_word' id='word_1_347' title='bbox 1292 1640 1428 1686; x_wconf 85' lang='lat' dir='ltr'>possis,</span> <span class='ocrx_word' id='word_1_348' title='bbox 1451 1640 1512 1674; x_wconf 85' lang='lat' dir='ltr'>vel</span> <span class='ocrx_word' id='word_1_349' title='bbox 1538 1639 1675 1685; x_wconf 77' lang='lat' dir='ltr'>vespil—</span> 
     </span>
     <span class='ocr_line' id='line_1_65' title="bbox 942 1686 1672 1733; baseline -0.003 -10"><span class='ocrx_word' id='word_1_350' title='bbox 942 1689 1068 1723; x_wconf 90' lang='lat' dir='ltr'>lonem</span> <span class='ocrx_word' id='word_1_351' title='bbox 1092 1700 1161 1733; x_wconf 90' lang='lat' dir='ltr'>pro</span> <span class='ocrx_word' id='word_1_352' title='bbox 1183 1688 1342 1723; x_wconf 87' lang='lat' dir='ltr'>medico.</span> <span class='ocrx_word' id='word_1_353' title='bbox 1364 1686 1444 1722; x_wconf 80' lang='lat' dir='ltr'>Nec</span> <span class='ocrx_word' id='word_1_354' title='bbox 1469 1687 1672 1733; x_wconf 81' lang='lat' dir='ltr'>quisquam</span> 
     </span>
     <span class='ocr_line' id='line_1_66' title="bbox 939 1733 1672 1771; baseline -0.004 0"><span class='ocrx_word' id='word_1_355' title='bbox 939 1736 1050 1771; x_wconf 79' lang='lat' dir='ltr'>facile</span> <span class='ocrx_word' id='word_1_356' title='bbox 1075 1736 1307 1771; x_wconf 87' lang='lat' dir='ltr'>intellexerit</span> <span class='ocrx_word' id='word_1_357' title='bbox 1330 1736 1531 1770; x_wconf 88' lang='lat' dir='ltr'>lectionem</span> <span class='ocrx_word' id='word_1_358' title='bbox 1555 1733 1672 1768; x_wconf 79' lang='lat' dir='ltr'>Oodd.</span> 
     </span>
     <span class='ocr_line' id='line_1_67' title="bbox 940 1782 1674 1829; baseline -0.001 -12"><span class='ocrx_word' id='word_1_359' title='bbox 940 1784 1086 1829; x_wconf 84' lang='lat' dir='ltr'>aliquot</span> <span class='ocrx_word' id='word_1_360' title='bbox 1121 1783 1218 1818; x_wconf 85' lang='lat' dir='ltr'>Feae</span> <span class='ocrx_word' id='word_1_361' title='bbox 1256 1794 1279 1818; x_wconf 84' lang='lat' dir='ltr'>a</span> <span class='ocrx_word' id='word_1_362' title='bbox 1313 1782 1446 1817; x_wconf 82' lang='lat' dir='ltr'>Iahnio</span> <span class='ocrx_word' id='word_1_363' title='bbox 1484 1784 1674 1827; x_wconf 74' lang='lat' dir='ltr'>receptam</span> 
     </span>
     <span class='ocr_line' id='line_1_68' title="bbox 939 1829 1673 1876; baseline -0.005 -10"><span class='ocrx_word' id='word_1_364' title='bbox 939 1831 1068 1876; x_wconf 76' lang='lat' dir='ltr'>itaque</span> <span class='ocrx_word' id='word_1_365' title='bbox 1111 1831 1356 1876; x_wconf 81' lang='lat' dir='ltr'>explicatam:</span> <span class='ocrx_word' id='word_1_366' title='bbox 1405 1829 1558 1872; x_wconf 85' lang='lat' dir='ltr'>„miles,</span> <span class='ocrx_word' id='word_1_367' title='bbox 1605 1829 1673 1874; x_wconf 80' lang='lat' dir='ltr'>qui</span> 
     </span>
     <span class='ocr_line' id='line_1_69' title="bbox 941 1875 1670 1923; baseline -0.004 -10"><span class='ocrx_word' id='word_1_368' title='bbox 941 1889 1072 1923; x_wconf 82' lang='lat' dir='ltr'>campo</span> <span class='ocrx_word' id='word_1_369' title='bbox 1107 1882 1144 1912; x_wconf 90' lang='lat' dir='ltr'>et</span> <span class='ocrx_word' id='word_1_370' title='bbox 1175 1878 1314 1923; x_wconf 86' lang='lat' dir='ltr'>pugnis</span> <span class='ocrx_word' id='word_1_371' title='bbox 1348 1887 1424 1911; x_wconf 90' lang='lat' dir='ltr'>non</span> <span class='ocrx_word' id='word_1_372' title='bbox 1457 1877 1555 1911; x_wconf 83' lang='lat' dir='ltr'>fidus</span> <span class='ocrx_word' id='word_1_373' title='bbox 1581 1875 1670 1910; x_wconf 72' lang='lat' dir='ltr'>est-‘⁶</span> 
     </span>
     <span class='ocr_line' id='line_1_70' title="bbox 941 1925 1672 1968; baseline -0.004 -8"><span class='ocrx_word' id='word_1_374' title='bbox 941 1926 997 1960; x_wconf 91' lang='lat' dir='ltr'>De</span> <span class='ocrx_word' id='word_1_375' title='bbox 1032 1925 1259 1960; x_wconf 87' lang='lat' dir='ltr'>Criticorum</span> <span class='ocrx_word' id='word_1_376' title='bbox 1294 1925 1540 1965; x_wconf 84' lang='lat' dir='ltr'>coniecturis,</span> <span class='ocrx_word' id='word_1_377' title='bbox 1577 1933 1672 1968; x_wconf 81' lang='lat' dir='ltr'>quas</span> 
     </span>
     <span class='ocr_line' id='line_1_71' title="bbox 942 1973 1687 2023; baseline -0.005 -15"><span class='ocrx_word' id='word_1_378' title='bbox 942 1973 1057 2008; x_wconf 83' lang='lat' dir='ltr'>animi</span> <span class='ocrx_word' id='word_1_379' title='bbox 1073 1984 1187 2008; x_wconf 81' lang='lat' dir='ltr'>cansa</span> <span class='ocrx_word' id='word_1_380' title='bbox 1200 1973 1407 2013; x_wconf 81' lang='lat' dir='ltr'>attulimus.</span> <span class='ocrx_word' id='word_1_381' title='bbox 1426 1975 1550 2023; x_wconf 81' lang='lat' dir='ltr'>tacere</span> <span class='ocrx_word' id='word_1_382' title='bbox 1562 1981 1673 2015; x_wconf 83' lang='lat' dir='ltr'>prae·</span> <span class='ocrx_word' id='word_1_383' title='bbox 1685 1998 1687 2000; x_wconf 87' lang='lat'><em>.</em></span> 
     </span>
     <span class='ocr_line' id='line_1_72' title="bbox 943 2014 1672 2064; baseline -0.007 -9"><span class='ocrx_word' id='word_1_384' title='bbox 943 2024 1025 2055; x_wconf 84' lang='lat' dir='ltr'>stat.</span> <span class='ocrx_word' id='word_1_385' title='bbox 1060 2040 1104 2045; x_wconf 89' lang='lat'>-—</span> <span class='ocrx_word' id='word_1_386' title='bbox 1138 2019 1298 2063; x_wconf 79' lang='lat' dir='ltr'>naulae]</span> <span class='ocrx_word' id='word_1_387' title='bbox 1331 2029 1463 2053; x_wconf 86' lang='lat' dir='ltr'>rursus</span> <span class='ocrx_word' id='word_1_388' title='bbox 1493 2014 1672 2064; x_wconf 49' lang='lat' dir='ltr'>canopos,</span> 
     </span>
     <span class='ocr_line' id='line_1_73' title="bbox 942 2067 1673 2110; baseline -0.005 -8"><span class='ocrx_word' id='word_1_389' title='bbox 942 2067 1310 2102; x_wconf 83' lang='lat' dir='ltr'>Frachtschiffer</span> <span class='ocrx_word' id='word_1_390' title='bbox 1337 2067 1391 2110; x_wconf 85' lang='lat' dir='ltr'>(v.</span> <span class='ocrx_word' id='word_1_391' title='bbox 1418 2067 1481 2108; x_wconf 86' lang='lat'>6.),</span> <span class='ocrx_word' id='word_1_392' title='bbox 1505 2076 1582 2099; x_wconf 90' lang='lat' dir='ltr'>non</span> <span class='ocrx_word' id='word_1_393' title='bbox 1607 2074 1673 2098; x_wconf 76' lang='lat' dir='ltr'>na.-</span> 
     </span>
     <span class='ocr_line' id='line_1_74' title="bbox 943 2113 1672 2155; baseline -0.005 -6"><span class='ocrx_word' id='word_1_394' title='bbox 943 2116 1130 2150; x_wconf 83' lang='lat' dir='ltr'>vicularii.</span> <span class='ocrx_word' id='word_1_395' title='bbox 1166 2114 1241 2148; x_wconf 80' lang='lat' dir='ltr'>Cfr.</span> <span class='ocrx_word' id='word_1_396' title='bbox 1268 2113 1336 2148; x_wconf 88' lang='lat' dir='ltr'>Od.</span> <span class='ocrx_word' id='word_1_397' title='bbox 1364 2116 1396 2155; x_wconf 83' lang='lat'>2,</span> <span class='ocrx_word' id='word_1_398' title='bbox 1423 2115 1478 2155; x_wconf 86' lang='lat'>13,</span> <span class='ocrx_word' id='word_1_399' title='bbox 1506 2115 1568 2153; x_wconf 72' lang='grc'>14.</span> <span class='ocrx_word' id='word_1_400' title='bbox 1603 2120 1672 2146; x_wconf 74' lang='grc' dir='ltr'>πα-</span> 
     </span>
     <span class='ocr_line' id='line_1_75' title="bbox 942 2160 1673 2203; baseline -0.005 -7"><span class='ocrx_word' id='word_1_401' title='bbox 942 2165 1200 2197; x_wconf 76' lang='lat' dir='ltr'>vita-Poenus.</span> <span class='ocrx_word' id='word_1_402' title='bbox 1225 2181 1268 2185; x_wconf 97' lang='lat'><strong>—</strong></span> <span class='ocrx_word' id='word_1_403' title='bbox 1295 2160 1462 2203; x_wconf 78' lang='lat' dir='ltr'>currum}</span> <span class='ocrx_word' id='word_1_404' title='bbox 1489 2160 1673 2202; x_wconf 75' lang='lat' dir='ltr'>„durch-</span> 
     </span>
     <span class='ocr_line' id='line_1_76' title="bbox 946 2206 1674 2249; baseline -0.004 -5"><span class='ocrx_word' id='word_1_405' title='bbox 946 2210 1170 2244; x_wconf 78' lang='lat' dir='ltr'>kreuzen.“</span> <span class='ocrx_word' id='word_1_406' title='bbox 1219 2207 1333 2242; x_wconf 81' lang='lat' dir='ltr'>Wolf.</span> <span class='ocrx_word' id='word_1_407' title='bbox 1359 2207 1436 2242; x_wconf 85' lang='lat' dir='ltr'>Cfr.</span> <span class='ocrx_word' id='word_1_408' title='bbox 1463 2206 1531 2242; x_wconf 91' lang='lat' dir='ltr'>Od.</span> <span class='ocrx_word' id='word_1_409' title='bbox 1559 2210 1590 2247; x_wconf 84' lang='lat'>1,</span> <span class='ocrx_word' id='word_1_410' title='bbox 1616 2207 1674 2249; x_wconf 84' lang='lat'>28,</span> 
     </span>
     <span class='ocr_line' id='line_1_77' title="bbox 945 2254 1672 2297; baseline -0.004 -6"><span class='ocrx_word' id='word_1_411' title='bbox 945 2259 1009 2291; x_wconf 85' lang='lat'>35:</span> <span class='ocrx_word' id='word_1_412' title='bbox 1036 2258 1346 2297; x_wconf 55' lang='lat' dir='ltr'>licebit-murras,</span> <span class='ocrx_word' id='word_1_413' title='bbox 1373 2256 1462 2290; x_wconf 87' lang='lat' dir='ltr'>item</span> <span class='ocrx_word' id='word_1_414' title='bbox 1480 2254 1527 2289; x_wconf 88' lang='lat' dir='ltr'>de</span> <span class='ocrx_word' id='word_1_415' title='bbox 1545 2257 1672 2288; x_wconf 81' lang='lat' dir='ltr'>nauta.</span> 
     </span>
     <span class='ocr_line' id='line_1_78' title="bbox 946 2300 1676 2344; baseline -0.005 -6"><span class='ocrx_word' id='word_1_416' title='bbox 946 2324 989 2328; x_wconf 90' lang='lat'>—</span> <span class='ocrx_word' id='word_1_417' title='bbox 1015 2306 1052 2337; x_wconf 78' lang='lat' dir='ltr'>in</span> <span class='ocrx_word' id='word_1_418' title='bbox 1079 2306 1155 2338; x_wconf 81' lang='lat' dir='ltr'>otia</span> <span class='ocrx_word' id='word_1_419' title='bbox 1189 2306 1270 2337; x_wconf 78' lang='lat' dir='ltr'>luta</span> <span class='ocrx_word' id='word_1_420' title='bbox 1301 2301 1495 2344; x_wconf 78' lang='lat' dir='ltr'>recedam]</span> <span class='ocrx_word' id='word_1_421' title='bbox 1529 2300 1676 2335; x_wconf 81' lang='lat' dir='ltr'>Seneca</span> 
     </span>
     <span class='ocr_line' id='line_1_79' title="bbox 945 2349 1671 2390; baseline -0.007 -4"><span class='ocrx_word' id='word_1_422' title='bbox 945 2351 990 2386; x_wconf 91' lang='lat' dir='ltr'>de</span> <span class='ocrx_word' id='word_1_423' title='bbox 1008 2351 1118 2385; x_wconf 88' lang='lat' dir='ltr'>Brev.</span> <span class='ocrx_word' id='word_1_424' title='bbox 1143 2351 1241 2384; x_wconf 87' lang='lat' dir='ltr'>vitae</span> <span class='ocrx_word' id='word_1_425' title='bbox 1260 2352 1298 2383; x_wconf 85' lang='lat'>4:</span> <span class='ocrx_word' id='word_1_426' title='bbox 1323 2351 1455 2383; x_wconf 74' lang='lat' dir='ltr'>Audies</span> <span class='ocrx_word' id='word_1_427' title='bbox 1478 2349 1671 2390; x_wconf 74' lang='lat' dir='ltr'>pterosque</span> 
     </span>
     <span class='ocr_line' id='line_1_80' title="bbox 944 2396 1673 2439; baseline -0.007 -7"><span class='ocrx_word' id='word_1_428' title='bbox 944 2401 1118 2432; x_wconf 75' lang='lat' dir='ltr'>dicemes:</span> <span class='ocrx_word' id='word_1_429' title='bbox 1174 2399 1225 2439; x_wconf 72' lang='lat' dir='ltr'>„A</span> <span class='ocrx_word' id='word_1_430' title='bbox 1274 2396 1576 2437; x_wconf 76' lang='lat' dir='ltr'>quinquaaesimo</span> <span class='ocrx_word' id='word_1_431' title='bbox 1624 2396 1673 2427; x_wconf 76' lang='lat' dir='ltr'>in</span> 
     </span>
     <span class='ocr_line' id='line_1_81' title="bbox 945 2443 1671 2483; baseline -0.006 -4"><span class='ocrx_word' id='word_1_432' title='bbox 945 2448 1084 2480; x_wconf 79' lang='lat' dir='ltr'>otium</span> <span class='ocrx_word' id='word_1_433' title='bbox 1143 2445 1364 2482; x_wconf 75' lang='lat' dir='ltr'>recedam3</span> <span class='ocrx_word' id='word_1_434' title='bbox 1423 2443 1671 2483; x_wconf 69' lang='lat' dir='ltr'>sesaoesimus</span> 
     </span>
     <span class='ocr_line' id='line_1_82' title="bbox 944 2490 1569 2533; baseline -0.006 -7"><span class='ocrx_word' id='word_1_435' title='bbox 944 2502 1062 2526; x_wconf 80' lang='lat' dir='ltr'>annus</span> <span class='ocrx_word' id='word_1_436' title='bbox 1087 2493 1133 2525; x_wconf 88' lang='lat' dir='ltr'>ab</span> <span class='ocrx_word' id='word_1_437' title='bbox 1156 2492 1275 2533; x_wconf 73' lang='lat' dir='ltr'>officio</span> <span class='ocrx_word' id='word_1_438' title='bbox 1300 2499 1357 2524; x_wconf 84' lang='lat' dir='ltr'>me</span> <span class='ocrx_word' id='word_1_439' title='bbox 1381 2490 1569 2524; x_wconf 77' lang='lat' dir='ltr'>dimillel.“</span> 
     </span>
     <span class='ocr_line' id='line_1_83' title="bbox 992 2537 1671 2580; baseline -0.006 -6"><span class='ocrx_word' id='word_1_440' title='bbox 992 2541 1112 2574; x_wconf 84' lang='lat'>32-35.</span> <span class='ocrx_word' id='word_1_441' title='bbox 1146 2537 1308 2580; x_wconf 79' lang='lat' dir='ltr'>cibaria]</span> <span class='ocrx_word' id='word_1_442' title='bbox 1335 2539 1584 2579; x_wconf 62' lang='lat' dir='ltr'>„Zehrunffi</span> <span class='ocrx_word' id='word_1_443' title='bbox 1609 2545 1671 2570; x_wconf 86' lang='lat' dir='ltr'>res</span> 
     </span>
     <span class='ocr_line' id='line_1_84' title="bbox 945 2585 1672 2631; baseline -0.007 -10"><span class='ocrx_word' id='word_1_444' title='bbox 945 2598 1055 2631; x_wconf 86' lang='lat' dir='ltr'>quam</span> <span class='ocrx_word' id='word_1_445' title='bbox 1082 2586 1239 2620; x_wconf 82' lang='lat' dir='ltr'>maxime</span> <span class='ocrx_word' id='word_1_446' title='bbox 1265 2585 1311 2619; x_wconf 82' lang='lat' dir='ltr'>ad</span> <span class='ocrx_word' id='word_1_447' title='bbox 1337 2585 1476 2619; x_wconf 85' lang='lat' dir='ltr'>victum</span> <span class='ocrx_word' id='word_1_448' title='bbox 1501 2592 1672 2617; x_wconf 81' lang='lat' dir='ltr'>necessa-</span> 
     </span>
     <span class='ocr_line' id='line_1_85' title="bbox 944 2631 1671 2678; baseline -0.006 -11"><span class='ocrx_word' id='word_1_449' title='bbox 944 2634 1043 2668; x_wconf 74' lang='lat' dir='ltr'>riae⁴⁴</span> <span class='ocrx_word' id='word_1_450' title='bbox 1049 2645 1152 2678; x_wconf 92' lang='lat' dir='ltr'>,quo</span> <span class='ocrx_word' id='word_1_451' title='bbox 1170 2633 1252 2677; x_wconf 87' lang='lat' dir='ltr'>ipso</span> <span class='ocrx_word' id='word_1_452' title='bbox 1269 2631 1450 2666; x_wconf 81' lang='lat' dir='ltr'>vocabulo</span> <span class='ocrx_word' id='word_1_453' title='bbox 1469 2634 1671 2665; x_wconf 81' lang='lat' dir='ltr'>extenuare</span> 
     </span>
     <span class='ocr_line' id='line_1_86' title="bbox 945 2678 1673 2724; baseline -0.005 -10"><span class='ocrx_word' id='word_1_454' title='bbox 945 2681 1067 2715; x_wconf 88' lang='lat' dir='ltr'>solent</span> <span class='ocrx_word' id='word_1_455' title='bbox 1091 2680 1143 2721; x_wconf 87' lang='lat' dir='ltr'>id,</span> <span class='ocrx_word' id='word_1_456' title='bbox 1167 2679 1268 2724; x_wconf 90' lang='lat' dir='ltr'>quod</span> <span class='ocrx_word' id='word_1_457' title='bbox 1293 2690 1334 2713; x_wconf 86' lang='lat' dir='ltr'>re</span> <span class='ocrx_word' id='word_1_458' title='bbox 1361 2688 1450 2712; x_wconf 85' lang='lat' dir='ltr'>vera</span> <span class='ocrx_word' id='word_1_459' title='bbox 1475 2678 1673 2722; x_wconf 80' lang='lat' dir='ltr'>quaerunt,</span> 
     </span>
     <span class='ocr_line' id='line_1_87' title="bbox 945 2706 1674 2770; baseline -0.006 -9"><span class='ocrx_word' id='word_1_460' title='bbox 945 2727 984 2761; x_wconf 89' lang='lat' dir='ltr'>id</span> <span class='ocrx_word' id='word_1_461' title='bbox 1011 2731 1084 2770; x_wconf 87' lang='lat' dir='ltr'>est,</span> <span class='ocrx_word' id='word_1_462' title='bbox 1118 2706 1278 2762; x_wconf 71' lang='lat' dir='ltr'>divitias.</span> <span class='ocrx_word' id='word_1_463' title='bbox 1330 2725 1472 2761; x_wconf 83' lang='lat' dir='ltr'>Seneca</span> <span class='ocrx_word' id='word_1_464' title='bbox 1497 2723 1674 2759; x_wconf 83' lang='lat' dir='ltr'>Controv.</span> 
     </span>
    </p>
   </div>
  </div>
 </body>
</html>
