1774 2930
0 1140 17 1214 Μεθ’
1 1047 16 1083 t<

634 149 728 184 Lm.
752 148 783 182 1.
830 145 982 181 EPIST.
1006 144 1072 180 VI.

1518 140 1604 182 295

217 253 312 303 Quo
342 251 575 309 spectanda
603 249 745 303 modo,
777 263 860 305 quo
892 261 1022 290 sensu
1052 243 1189 288 eredis
1221 248 1266 286 et
1295 243 1399 285 ore?

216 323 301 373 Qui
329 324 454 366 timet
483 322 550 364 his
581 322 774 374 adversa,
806 319 895 362 fere
926 319 1104 360 miratur
1133 315 1303 368 eodem,

218 394 313 443 Quo
343 394 533 450 cupiens,
564 396 712 450 pacto:
744 404 878 448 pavor
907 394 974 432 est
1002 387 1228 443 utrobique
1257 385 1476 437 molestus,
1551 382 1605 423 10

217 465 455 522 Improvisa
485 464 612 506 simul
642 463 808 519 species
840 464 1028 504 exterret
1056 463 1296 513 utrumque.

219 535 415 587 Gaudeat
443 549 498 577 an
528 534 688 587 doleat,
726 533 869 589 cupiat
899 534 1130 583 metuatue,
1162 527 1265 584 quid
1294 526 1348 569 ad
1378 539 1488 579 rem,

219 606 286 660 Si,
318 606 524 663 quidquid
552 605 661 647 vidit
689 604 842 647 melius
872 602 1050 659 peiusve
1080 615 1159 643 sua
1187 612 1278 655 spe,

218 677 386 720 Defixis
418 676 809 731 oculisanimoque
839 678 882 717 et
913 686 1087 729 corpore
1118 670 1290 726 torpet?

220 748 362 791 Insani
395 748 566 804 sapiens
598 760 754 788 nomen
783 745 911 797 ferat,
942 757 1103 799 aequus
1134 741 1288 797 iniqui,
1556 737 1609 777 15

201 875 254 906 11.
280 875 423 906 exercet
438 870 650 904 Marklandi
676 869 773 903 coni.
799 871 950 913 reperta
970 870 1101 912 postes.
1123 866 1164 899 in
1181 865 1278 899 Fene
1297 863 1387 897 Cod.
1406 861 1563 906 septimo

151 921 189 952 et
211 917 354 953 Monac.
379 929 418 960 e,
444 920 611 952 externat
641 915 848 951 Iaoobsius.
875 934 918 939 --
945 917 1001 948 13.
1035 915 1180 956 peiusve
1211 907 1493 953 bSEodp,LCtO
1527 909 1566 941 et

149 965 367 1000 Bentleius:
396 966 571 1007 peiusque
604 965 739 1009 exigua
764 962 880 997 Godd.
905 961 1130 997 auctoritate
1153 959 1232 993 ΕΜ.
1258 978 1302 982 —-
1332 961 1386 992 15.
1418 958 1565 998 sapiens

106 1058 290 1094 uiuerent.
337 1058 412 1094 Cfr.
439 1058 589 1093 caelius
623 1058 663 1092 in
687 1058 835 1102 aliquot

103 1106 198 1152 Epp.
237 1106 285 1141 sd
325 1106 403 1141 cic.
441 1106 525 1140 Lib.
567 1107 600 1139 8.
659 1105 833 1150 Adiunge

106 1163 189 1188 cum
220 1154 390 1189 Iaoobsio
422 1153 555 1188 ludum
586 1153 720 1187 Troiae
752 1163 833 1186 sae-

103 1200 190 1246 pius
207 1201 253 1236 ab
270 1202 439 1247 Augusto
459 1201 700 1242 celebratum,
726 1200 833 1233 ouius

105 1248 308 1293 partieipes
345 1251 452 1282 erant
489 1249 611 1282 clarae
645 1247 836 1280 dumtaxat

107 1295 235 1339 stirpis
274 1296 384 1339 pueri
433 1296 608 1337 (Sueten.
636 1294 717 1327 Oct.
748 1294 834 1335 43.)‚

109 1341 210 1375 unde
226 1341 275 1375 ad
292 1352 377 1376 eum
394 1342 538 1376 admitti
562 1352 746 1376 summum
771 1341 835 1374 bo-

109 1398 200 1421 num
216 1388 411 1422 nonnullis
428 1389 547 1422 videri
565 1389 734 1422 debebat.
760 1387 836 1421 Ma-

108 1434 266 1479 gnificos
306 1439 429 1470 autem
477 1435 586 1469 ludos
628 1435 853 1479 excipiebat.

107 1481 264 1526 plausus
279 1482 414 1516 editori
440 1482 548 1516 datus
573 1494 595 1516 a
619 1482 838 1526 spectatori-

108 1527 180 1563 bus
217 1529 310 1572 (cio.
334 1540 403 1574 pro
431 1529 552 1564 Sestio
578 1531 642 1571 54,
670 1532 759 1563 115:
791 1530 838 1561 En·

107 1584 214 1618 vero,
247 1577 312 1617 qui
338 1577 469 1618 pendet
499 1578 607 1610 rebus
641 1577 838 1618 levissimis,

109 1623 174 1662 qm·
195 1631 355 1658 rumore·
369 1626 418 1666 et,
451 1626 491 1657 ut
521 1625 593 1666 ipsi
627 1625 837 1664 loquuntur,

108 1670 237 1711 [wore
269 1671 399 1712 populi
435 1673 578 1704 tenetur
615 1674 647 1704 et
681 1672 839 1709 ducitur,

105 1717 280 1758 plausum
316 1718 645 1759 immortalitatem,
693 1718 838 1750 sibilum

108 1766 262 1799 mortem
279 1765 396 1798 videri
420 1774 559 1798 necesse
586 1766 676 1806 esu),
703 1764 838 1798 deinde

108 1811 207 1845 dona
232 1812 384 1853 Quiritis
410 1812 501 1856 (pro
527 1812 711 1846 formula:
745 1822 838 1856 „po-

109 1858 191 1901 puli
214 1857 374 1892 Romani
399 1858 652 1901 Quiritium;“
681 1859 747 1892 ofr.
770 1858 838 1892 Od.

111 1905 154 1946 2,
178 1907 218 1946 7,
243 1895 298 1947 3.)
331 1907 456 1947 amici,
486 1906 660 1940 faventis.
708 1906 839 1940 Iuven.

113 1953 169 1993 10,
195 1954 267 1985 78:
299 1954 362 1992 qui
387 1954 591 1997 (populus)
617 1955 728 1986 dabat
754 1954 840 1986 olim

112 2000 327 2040 Imperium,
352 2000 484 2040 fasces,
514 2001 679 2041 teutones,
706 2002 838 2032 omnia.

112 2043 160 2077 Et
183 2045 230 2078 ad
255 2045 417 2088 speeiem
442 2048 544 2080 oerte
568 2046 760 2090 Augustus
786 2055 842 2079 co-

112 2092 298 2124 mitiorum
341 2094 538 2132 pristinum
584 2094 640 2125 ius
680 2095 842 2126 reduxit.

116 2135 216 2171 Suet.
242 2137 323 2171 Oct.
349 2140 405 2172 40.
444 2157 486 2162 —-
530 2141 608 2180 Quo
644 2141 842 2180 spectanda

114 2184 242 2227 modo]
282 2185 348 2225 „id
375 2189 448 2226 est,
484 2196 556 2229 quo
582 2185 742 2222 iudicio,
768 2197 843 2230 qua

116 2232 215 2275 spe.“
268 2231 394 2265 Coun.
421 2232 540 2270 CRUQ.
588 2232 661 2265 Vel
703 2233 843 2266 elarius

116 2279 246 2312 etism:
273 2289 391 2322 „quae
407 2279 613 2314 moderatio
632 2279 671 2312 in
696 2279 743 2313 iis
762 2290 844 2323 spe-

115 2325 262 2360 etandis
280 2326 442 2360 tenenda
459 2326 539 2360 sit.“
558 2345 606 2349 —
623 2326 700 2368 ore]
720 2326 844 2368 „voltu

116 2374 154 2406 et
178 2373 331 2407 oculis.“
373 2373 514 2407 Senon.

163 2421 258 2453 9-14.
283 2420 374 2462 sere]
411 2417 461 2462 ὠς
485 2416 576 2462 ἔπος
600 2423 728 2457 εἰπεῖν,
755 2431 846 2460 σχε-

115 2462 194 2499 δόν.
232 2466 338 2501 Plato
364 2467 477 2512 Legg.
499 2468 528 2502 Ι.
554 2479 590 2512 p.
615 2471 693 2501 644.
718 2468 782 2500 A.:
808 2467 849 2500 οἰ’

116 2523 158 2556 γε
183 2513 470 2556 πεπαιδευμένοι
497 2514 633 2555 σχεδὸν
659 2515 723 2556 (im
747 2515 845 2548 Gan-

115 2568 180 2593 zen
196 2569 405 2602 aenommen
419 2563 683 2603 qemeiniqtich)
701 2560 846 2605 ἁγαθοὶ

118 2607 320 2650 γίγνονται.
347 2628 389 2632 -
415 2609 594 2651 miratur]
634 2608 842 2653 „Stupet;“

120 2654 230 2687 otiam
254 2655 293 2688 in
318 2656 445 2697 malis,
477 2659 519 2689 ut
543 2655 683 2689 Lucan.
711 2658 751 2697 2,
777 2658 844 2688 27:

121 2700 278 2734 Necdum
319 2705 368 2735 est
410 2704 470 2735 ille
506 2704 630 2745 dolor,
671 2704 733 2736 sed
769 2704 845 2736 iam

880 1059 1014 1096 metum
1045 1056 1195 1088 incubat
1225 1061 1348 1088 amens
1378 1052 1615 1090 Miraturque

880 1105 1031 1137 matum.
1058 1122 1101 1126 -
1124 1100 1269 1144 pavor]
1319 1100 1398 1134 Cio.
1430 1098 1543 1132 Tunc.
1579 1099 1615 1139 4,

882 1155 914 1193 8,
929 1154 991 1185 19:
1011 1158 1199 1192 pavorem,
1216 1150 1350 1182 motum
1365 1148 1520 1180 mentem
1539 1145 1616 1177 loco

880 1201 1100 1232 moventem:
1115 1195 1428 1241 quemadmodum
1442 1193 1616 1226 novimus

882 1245 1091 1280 hereditate
1122 1244 1249 1288 aliqua
1278 1243 1534 1285 inexspectata
1558 1237 1618 1272 vel

869 1293 1035 1337 xpublioa
1059 1291 1244 1335 pecuniae
1269 1289 1466 1323 sortitione
1492 1285 1617 1320 subito

884 1341 1019 1373 ditatos
1046 1338 1236 1372 interdum
1261 1336 1384 1380 linqui
1410 1334 1546 1368 animo.
1573 1351 1617 1356 —

883 1386 1087 1428 utrobique]
1115 1387 1174 1427 „et
1198 1385 1236 1418 in
1263 1385 1395 1417 timore
1421 1379 1618 1416 amittendi

885 1434 992 1468 et-ia
1012 1444 1078 1477 spe
1105 1430 1379 1476 consequendi,
1409 1440 1455 1463 ex
1480 1427 1619 1472 quibus

884 1484 950 1514 aut
972 1480 1079 1514 dolor
1108 1483 1173 1514 aut
1197 1478 1371 1524 gaudium
1397 1474 1617 1519 contingit.“

886 1528 1014 1562 Comi.
1041 1527 1161 1565 CRUQ.
1189 1545 1230 1550 —
1256 1523 1387 1566 simul]
1428 1525 1471 1556 ut
1508 1532 1619 1565 saepe

885 1586 953 1620 pro
971 1576 1136 1608 simulac.
1153 1592 1195 1597 -—
1208 1572 1355 1614 species]
1378 1570 1617 1610 Vorstellunq.

886 1623 1163 1665 (Gaukelqebild
1187 1621 1362 1661 Passow)
1403 1617 1546 1652 Seneca
1571 1616 1619 1650 de

884 1670 946 1703 Ira
979 1672 1018 1711 2,
1054 1672 1093 1709 1,
1125 1671 1169 1702 3:
1219 1670 1322 1701 Iram
1360 1667 1448 1706 quin
1482 1665 1619 1705 species

885 1718 1009 1750 oblata
1033 1717 1191 1749 iniuriae
1215 1717 1366 1754 moveat,
1393 1721 1466 1745 non
1484 1714 1534 1744 est
1552 1712 1620 1744 du-

888 1766 996 1797 bium.
1025 1783 1064 1787 -
1095 1762 1268 1804 exterret]
1294 1757 1503 1803 ἑκπλήττει.
1542 1757 1619 1791 Cio.

888 1811 999 1845 Tusc.
1025 1814 1066 1850 4,
1092 1812 1133 1853 8,
1163 1813 1228 1843 19:
1262 1812 1458 1847 terrorem,
1484 1807 1620 1839 metum

888 1860 1157 1892 concutientem.
1206 1857 1283 1890 Iam
1318 1866 1394 1889 non
1426 1854 1508 1887 sine
1540 1855 1621 1886 arte

887 1916 955 1949 per
981 1908 1098 1939 totum
1128 1905 1253 1938 locum
1285 1903 1402 1936 utitur
1428 1899 1622 1935 vocabulis

888 1953 1020 1986 mediis
1047 1955 1084 1986 et
1101 1951 1271 1996 cupidini
1297 1955 1334 1984 et
1360 1949 1475 1983 metui
1500 1957 1621 1991 aeque

890 1999 1220 2040 convenientibus;
1266 2009 1352 2031 nam
1398 1996 1508 2030 etism
1557 1995 1622 2038 qui

890 2048 1127 2080 vehementer
1145 2047 1259 2090 cupit,
1285 2045 1509 2088 necopinata
1533 2041 1622 2075 boni

891 2094 1015 2136 specie
1065 2093 1188 2126 subito
1232 2092 1355 2126 oblata
1405 2092 1623 2130 exterretur,

891 2140 1125 2180 concutitur3
1152 2139 1232 2172 eius
1258 2149 1363 2171 mens
1382 2148 1427 2171 ex
1450 2136 1536 2169 sede
1556 2146 1624 2168 sua

892 2190 928 2219 et
966 2189 1064 2220 statu
1102 2186 1329 2220 demovetur.
1378 2185 1436 2218 Ita
1471 2183 1551 2216 Liv.
1591 2183 1623 2223 7,

893 2235 955 2266 39:
981 2234 1139 2274 insiqnia
1162 2234 1309 2266 honoris
1328 2232 1500 2265 exterrito
1524 2230 1622 2262 subi-
1675 2227 1678 2230 ⁴

892 2282 951 2313 tae
976 2281 1031 2313 rei
1055 2281 1234 2313 miraculo
1269 2281 1447 2321 deferunt.
1475 2297 1517 2301 —
1544 2276 1623 2319 spe]

893 2325 985 2371 Spes
1012 2330 1068 2361 est
1093 2327 1220 2371 opinio
1240 2327 1424 2370 cuiusque
1441 2325 1498 2358 rei
1523 2325 1624 2357 futu-

891 2376 1174 2416 rae.—-Defiaeis
1204 2373 1331 2416 oeulis]
1358 2383 1434 2406 non
1462 2372 1624 2414 „demis-

893 2421 944 2455 sis
971 2424 1007 2454 et
1031 2421 1188 2455 deiectis
1201 2422 1231 2463 ⁶⁶,
1265 2424 1306 2454 ut
1330 2420 1505 2464 opinatur
1533 2419 1624 2452 Tor-

893 2469 1057 2510 rentius,
1095 2469 1160 2503 sed
1190 2467 1468 2509 immobilibus,
1507 2466 1624 2509 stupi-

894 2515 984 2549 dis.“
1034 2515 1238 2550 Externum
1277 2515 1442 2558 stuporis
1477 2515 1624 2558 signum

894 2562 1074 2605 nominat,
1099 2574 1172 2607 quo
1198 2563 1313 2596 totius
1338 2561 1502 2595 hominis
1529 2561 1626 2601 (ani-

892 2618 1020 2650 moque
1062 2613 1094 2644 et
1136 2610 1309 2651 corpore)
1352 2608 1499 2642 affectio
1542 2617 1624 2640 sese

892 2656 1030 2700 prodit.
1291 2687 1298 2694 ,

942 2706 998 2737 15.
1026 2706 1080 2737 16.
1118 2705 1250 2736 Insani
1282 2702 1373 2744 cet.]
1409 2701 1626 2735 Sententiae
