1774 2930
147 148 233 190 268

618 149 825 184 HORATII
848 149 1196 185 EPISTOLABUM

263 249 419 303 Liber,
452 250 708 304 honoratus,
740 250 942 307 pulcher,
974 265 1053 294 rex
1083 250 1268 308 denique
1299 265 1473 308 regum,

265 319 502 377 Praecipue
534 335 684 375 sanus,
716 321 802 362 nisi
834 335 930 363 cum
960 322 1117 378 pituita
1145 323 1329 366 molesta
1358 326 1437 366 est.
1478 329 1484 332 ’

690 522 1026 565 EPISTOLA
1058 524 1127 566 11.

266 603 441 646 Troiani
472 604 571 647 belli
605 604 876 660 scriptorem,
908 605 1096 647 maxime
1126 605 1261 659 Lolli,

146 735 244 766 auct.
271 734 327 766 20.
361 733 407 767 de
435 733 579 767 Stoico:
620 730 745 776 μόνος
770 725 884 775 οὗτος

148 776 287 822 σοφός,
304 777 427 823 μόνος
439 778 569 822 καλός,
587 778 712 824 μόνος
725 780 883 823 δίκαιος,

146 823 339 874 ἀνδρεῖος,
365 825 566 870 βασιλεύς,
593 825 741 876 ῥητωρ,
767 826 885 861 πλού-

147 885 242 916 σιος,
269 875 487 919 νομοθέτης
503 878 569 909 καὶ
597 875 726 915 τᾶλλα,
752 873 885 909 ὁπόσα

147 921 262 955 ἐστίν.
313 922 389 957 Ofr.
417 922 493 957 Sat.
522 925 628 966 1,3,
657 910 725 956 124
759 934 812 967 sq.
840 942 883 946 —

146 970 370 1013 honoratus]
406 970 475 1012 „ad
506 971 671 1005 honores
698 971 882 1004 evectus.“

148 1035 191 1040 —-
215 1017 389 1060 pulcher]
419 1017 511 1060 „etsi
543 1021 700 1052 externa
723 1017 883 1052 fortasse

146 1065 274 1108 specie
300 1064 498 1107 deformis,
532 1065 646 1099 animi
672 1065 884 1109 pulchritu-

146 1110 237 1145 dine
262 1112 363 1146 inter
389 1122 517 1146 omnes
544 1113 717 1146 eminet.“
739 1131 781 1135 —-
800 1121 883 1146 rex-

146 1159 291 1202 requ‘m]
317 1162 360 1192 ut
384 1159 585 1193 Persarum
611 1171 688 1194 rex.
710 1179 751 1183 —
771 1161 884 1193 Prae-

146 1207 251 1247 cipue
288 1206 423 1249 sanus]
465 1208 700 1249 „Praecipue
738 1217 806 1251 per
844 1217 884 1240 se

148 1255 240 1296 stat,
283 1253 499 1299 significans
544 1255 640 1295 quod
680 1255 885 1288 maa-imum

146 1302 209 1334 esl-
241 1300 382 1335 Errant
406 1301 524 1346 igitur
551 1302 790 1346 interpretes,
817 1301 884 1346 qui

147 1347 312 1381 reddunt
320 1349 566 1382 vollkommen
581 1349 752 1390 qesund.“
768 1348 883 1382 HAND

146 1394 256 1429 Turs.
282 1395 347 1430 IV.
374 1407 410 1440 p.
438 1398 518 1430 528.
571 1395 636 1438 „Id
671 1406 760 1430 vero
795 1398 883 1430 ante

147 1443 274 1476 omnia
302 1443 430 1477 cuncti
457 1444 525 1478 tibi
553 1443 773 1485 concedent,
799 1454 884 1477 eum

146 1499 281 1523 sanum
309 1501 404 1532 esse,
431 1491 506 1525 nisi
532 1491 598 1525 ubi
624 1490 721 1524 forte
746 1490 885 1535 pituita

143 1534 325 1591 (κόρυζα,
351 1534 584 1585 κατοίρῥους
610 1539 882 1580 Schnupsen)

148 1584 182 1617 ei
231 1585 390 1619 molesta-
433 1589 499 1619 est.
506 1587 522 1604 ‘⁴
588 1585 704 1619 Grata
746 1585 885 1630 dilogia

151 1630 252 1666 inest
277 1632 318 1665 in
344 1643 377 1665 v.
403 1641 529 1675 sanus,
558 1633 658 1676 quod
686 1643 769 1666 cum
795 1633 833 1665 h.
859 1633 882 1666 l.

147 1682 353 1723 usurpetur
379 1680 425 1714 de
460 1691 637 1724 corpore,
671 1682 795 1713 tamen
823 1679 885 1713 vix

147 1726 259 1759 aliter
284 1726 367 1760 fieri
393 1730 535 1771 potest,
563 1737 675 1771 quam
703 1730 745 1760 ut
770 1727 882 1760 simul

147 1773 356 1808 referamus
382 1774 428 1808 ad
455 1774 666 1808 Stoicorum
694 1785 802 1807 usum
829 1773 882 1806 lo-

147 1821 302 1864 quendi,
330 1822 394 1865 qui
414 1821 620 1866 sapientem
642 1831 749 1854 suum
769 1821 882 1853 unice

145 1875 287 1909 sanum,
317 1870 462 1902 ceteros
482 1868 660 1902 mortales
679 1869 828 1900 insanos
847 1870 883 1900 et

143 1915 275 1947 stultos
301 1915 525 1949 vocitabant.
554 1914 625 1948 Sed
642 1915 740 1958 fugit
760 1914 882 1947 adhuc

146 1961 373 2006 interpretes
410 1962 502 1996 mihi
541 1965 651 1996 notos
686 1962 796 1995 etiam
827 1963 883 2002 pi-

146 2010 279 2042 tunam
306 2010 365 2052 (h.
391 2010 415 2043 l.
443 2010 596 2054 trisyll.)
623 2020 643 2042 e
671 2008 881 2042 Stoicorum

147 2056 288 2090 scholis
322 2057 475 2101 petitam
511 2067 615 2090 esse:
657 2056 884 2090 obiiciebant

146 2104 246 2137 enim
274 2104 423 2138 sibimet
453 2105 546 2149 ipsi,
581 2104 652 2138 hoc
678 2104 883 2138 incommo-

147 2150 234 2184 dum
260 2151 451 2185 interdum
477 2151 625 2185 obstare
653 2151 773 2185 videri
799 2162 883 2195 per-

147 2198 267 2232 fectae
285 2199 532 2241 beatitudini3
560 2209 603 2232 eo
622 2198 769 2232 scilicet
795 2209 883 2232 con-

148 2245 254 2287 silio,
290 2249 332 2279 ut
356 2246 459 2280 facili
495 2257 609 2290 opera
643 2246 756 2279 talem
782 2245 883 2279 obie-

147 2293 310 2326 ctionem
337 2294 590 2327 confutarent.
629 2293 737 2327 Hanc
763 2293 882 2337 ipsam

146 2340 401 2374 ratiunculam
421 2341 518 2374 salse
537 2340 654 2374 ridet:
683 2340 779 2382 „nisi
798 2350 881 2373 cum

146 2386 285 2429 pituita
311 2388 470 2421 molesta
496 2390 552 2421 est
577 2390 614 2421 et
640 2387 726 2430 tibi,
754 2390 791 2421 et
816 2398 882 2420 no-

147 2432 205 2467 bis
243 2434 517 2468 auditoribus.“
569 2435 719 2468 Arrian.
758 2434 881 2479 Epict.

151 2482 181 2523 1,
208 2483 240 2522 6,
267 2483 331 2514 30:
365 2481 442 2514 Ναί
468 2481 676 2523 (ἐτέτυχον
702 2480 883 2524 εὐδαιμο-

148 2528 258 2570 νὶας)·
282 2526 364 2560 ἀλλ’
382 2529 425 2560 αἱ
435 2526 552 2570 μύξαι
573 2529 711 2569 (mucus
730 2531 762 2562 el
780 2529 882 2562 mala

144 2577 284 2615 pituita
309 2576 409 2617 nasi,
445 2575 580 2609 Catull.
609 2578 673 2618 23,
710 2577 779 2618 17.)
805 2587 882 2618 μου

147 2619 292 2679 ῥέουσι.
344 2623 457 2664 Τίνος
493 2623 563 2655 οὐν
598 2620 659 2656 ἕνα
649 2634 712 2656 κα
755 2627 884 2670 χεῖρας

147 2667 265 2712 ἔχεις,
303 2666 570 2725 ἀνδράποδον,·
608 2668 681 2711 οὐχ
721 2669 781 2703 ἵνα
818 2672 883 2703 καὶ

147 2714 382 2763 ἀπουύσσῃς
418 2714 607 2757 σεαυτόν,·
651 2717 775 2751 Τοῦτο
813 2717 882 2751 οὐν

933 729 1092 779 εὔλογον
1118 733 1242 778 μύξας
1258 733 1434 779 γίνεσθαι
1458 734 1500 768 ἐν
1523 733 1575 790 τῷ
1601 733 1670 768 κό-

934 793 1044 828 σμω,·
1076 782 1152 815 Καὶ
1178 779 1288 816 πόσω
1320 786 1491 829 κρεῖττον
1516 771 1669 825 ἀπομύ-

934 818 1010 872 §aa
1011 830 1078 862 θαί
1095 840 1139 863 σε
1164 826 1190 873 ἢ
1209 829 1405 874 ἑγκαλεΐν,·
1430 829 1487 863 Ad
1505 828 1667 863 eandem

934 877 1100 921 putidam
1143 877 1347 922 imaginem
1388 875 1592 911 revertitur
1635 878 1668 919 2,

936 926 991 965 16,
1021 927 1075 958 13.
1102 927 1135 966 4,
1162 926 1218 968 11,
1244 927 1276 958 9.

980 971 1028 1004 H.
1054 971 1221 1015 Lollius,
1248 971 1295 1006 ad
1322 982 1435 1016 quem
1461 971 1554 1006 haec
1579 970 1668 1015 Epi·

934 1018 1030 1052 stola
1048 1018 1133 1052 data
1150 1021 1219 1062 est,
1245 1019 1347 1053 filius
1372 1020 1466 1052 natu
1483 1018 1668 1052 maximus

932 1065 980 1098 M.
998 1065 1110 1099 Lollii
1130 1076 1205 1100 cos.
1223 1077 1256 1099 a.
1271 1077 1308 1099 u.
1327 1076 1359 1100 c.
1377 1067 1457 1100 733.
1477 1065 1540 1108 (ad
1557 1075 1669 1109 quem

933 1112 1114 1147 Horatius
1133 1112 1287 1157 scripsit
1304 1112 1373 1146 Od.
1391 1115 1424 1154 4,
1443 1112 1493 1155 9.)
1519 1112 1666 1146 videtur

933 1160 1062 1194 fuisse.
1110 1159 1237 1194 Nobili
1270 1160 1353 1194 loco
1386 1161 1517 1202 natus,
1552 1159 1667 1202 dives,

934 1207 1080 1241 iuvenis
1115 1217 1321 1253 generosae
1354 1207 1495 1241 indolis
1529 1208 1567 1240 et
1591 1206 1668 1241 ele—

934 1255 1055 1299 gantis
1082 1254 1226 1300 ingenii
1253 1256 1352 1297 erat,
1379 1257 1562 1299 quantum
1588 1253 1670 1298 qui—

935 1301 1018 1335 dem
1045 1312 1089 1336 ex
1105 1302 1176 1336 hac
1193 1301 1366 1346 Epistola
1390 1304 1427 1335 et
1443 1301 1560 1335 huius
1577 1299 1668 1335 libri

933 1349 1053 1393 Epist.
1080 1350 1136 1382 18.
1163 1337 1353 1383 oolniioere
1379 1349 1479 1383 licet.
1527 1347 1574 1382 Ei
1599 1347 1669 1393 igi-

934 1399 996 1430 tur
1029 1399 1142 1441 poeta
1175 1397 1244 1431 hac
1269 1395 1440 1440 Epistola
1466 1394 1670 1430 saluberri-

934 1443 1005 1477 mis
1033 1443 1203 1477 consiliis
1228 1444 1345 1486 viam,
1373 1454 1448 1488 qua
1471 1442 1669 1487 pervenia-

934 1493 995 1524 tur
1022 1491 1068 1525 ad
1101 1492 1337 1525 honestatem
1371 1493 1408 1525 et
1437 1489 1669 1533 felicitatem,

934 1541 1119 1572 monstrat
1154 1549 1310 1583 eamque
1335 1539 1378 1572 ut
1401 1537 1517 1572 alacri
1542 1538 1666 1571 animo

933 1585 1172 1630 ingrediatur
1214 1586 1491 1620 adolescentem
1530 1586 1668 1618 monet.

933 1634 1057 1677 Atque
1084 1644 1168 1667 cum
1204 1643 1248 1667 eo
1282 1633 1365 1677 ipso
1401 1634 1567 1676 tempore
1593 1631 1668 1665 Ho-

934 1681 1052 1714 ratius
1089 1680 1294 1714 Praeneste
1333 1678 1473 1724 degens
1511 1678 1667 1712 Homeri

933 1728 1098 1761 carmina
1123 1727 1338 1771 relegisset,
1371 1726 1442 1759 hac
1476 1725 1667 1760 scribendi

933 1774 1132 1808 occasione
1166 1776 1277 1807 utens
1311 1773 1475 1817 primum
1501 1772 1669 1807 ostendit

932 1821 1021 1854 inde
1047 1823 1237 1866 tamquam
1271 1831 1317 1854 ex
1341 1820 1418 1853 vita
1449 1820 1532 1864 ipsa
1555 1830 1667 1864 posse

932 1868 1127 1912 aptissima
1182 1868 1221 1901 in
1272 1869 1471 1911 utramque
1521 1870 1666 1912 partem

933 1915 1103 1959 exempla
1128 1926 1149 1948 a
1181 1914 1292 1948 nobis
1317 1914 1407 1958 peti.
1456 1914 1548 1948 Post
1570 1914 1668 1948 hanc

933 1963 1120 2007 egregiam
1159 1961 1204 1995 de
1241 1961 1405 1995 Homero
1444 1961 1668 1995 sententiam

932 2010 1107 2054 pluribus
1133 2019 1189 2042 vv,
1217 2009 1439 2053 explicatam
1464 2009 1536 2051 (vv.
1557 2008 1667 2051 1-31.)

934 2057 1048 2090 tradit
1072 2056 1268 2101 potissima
1293 2058 1582 2100 praeceptorum
1607 2065 1668 2090 ca-

933 2104 1029 2148 pita,
1065 2104 1205 2148 quibus
1240 2104 1318 2137 vita
1342 2103 1470 2137 iuveni
1501 2101 1668 2148 regenda

934 2151 1002 2193 sit,
1037 2154 1111 2185 tam
1136 2161 1244 2193 vere,
1278 2154 1354 2185 tam
1379 2160 1557 2192 nervose,
1591 2151 1668 2184 tam

933 2198 978 2232 ad
1004 2198 1309 2243 persuadendum
1334 2200 1439 2242 apte,
1470 2199 1514 2230 ut
1537 2207 1667 2242 quem-

932 2246 1026 2280 libet
1043 2246 1331 2287 adolescentem,
1352 2244 1417 2289 qui
1434 2244 1548 2289 plane
1566 2243 1668 2278 abie-

933 2296 991 2327 cto
1019 2293 1144 2327 animo
1171 2303 1247 2326 non
1274 2293 1341 2333 sit,
1368 2292 1532 2326 excitare
1558 2293 1596 2325 et
1619 2290 1666 2325 ad

933 2340 1073 2384 optima
1088 2350 1262 2384 quaeque
1272 2338 1479 2373 accendere
1493 2338 1666 2372 debeant.

933 2387 1047 2421 Zau..
1098 2387 1273 2421 Ceterum
1301 2389 1358 2420 est
1384 2385 1512 2419 schola
1538 2384 1664 2419 Stoica

932 2445 979 2468 ex
1003 2433 1318 2478 interpretatione
1341 2432 1495 2466 Homeri
1520 2430 1667 2475 morali,

933 2492 1044 2526 quam
1108 2481 1348 2526 praeiverant
1408 2479 1666 2520 Antisthenes,

933 2529 1057 2569 Zeno,
1104 2528 1301 2562 Persaeus.
1363 2526 1459 2560 Vide
1506 2526 1666 2560 Dionem

934 2576 1125 2621 Chrysost.
1152 2574 1253 2608 Orat.
1280 2577 1337 2608 53.
1364 2577 1402 2608 et
1426 2575 1483 2607 55.
1508 2573 1563 2606 Ac
1580 2582 1666 2617 per-

934 2633 1046 2668 quam
1095 2622 1228 2656 similis
1271 2624 1327 2656 est
1367 2620 1518 2655 Maximi
1562 2619 1664 2674 Tyrii

932 2670 1032 2704 Diss.
1058 2671 1114 2703 32.
1138 2669 1254 2703 veluti
1279 2680 1316 2713 p.
1337 2669 1415 2702 126.
1433 2667 1497 2701 R.:
1523 2664 1667 2700 Αὐτίκα

935 2718 1138 2760 πεποίηται
1185 2713 1287 2761 αὐτῷ
1335 2715 1374 2748 ἐν
1414 2718 1495 2756 τοῖς
1535 2710 1667 2758 λόγοις
