1786 2912
158 140 215 194 38

278 251 387 295 Cum
417 267 515 296 mea
546 257 795 310 compenset
824 254 943 296 vitiis
980 253 1114 310 bona3
1146 255 1342 312 pluribus
1373 255 1507 312 hisce,

662 151 870 187 HORATII
896 151 1210 207 summum.

1621 259 1680 300 70

277 323 323 366 Si
357 324 481 366 modo
513 324 636 380 plura
666 325 772 366 mihi
802 325 917 367 bona
947 329 1067 380 sunt,
1097 326 1295 380 inclinet,
1327 327 1463 370 amari

277 394 325 436 Si
356 395 499 437 volet:
533 395 614 437 hac
643 395 741 451 lege
771 395 817 437 in
847 395 1009 439 trutina
1037 400 1223 452 ponetur
1254 398 1418 441 eadem.

276 465 374 520 Qui,
407 480 463 509 ne
493 466 716 508 tuberibus
747 467 933 522 propriis
966 465 1155 510 offendat
1185 468 1389 523 amicum,

275 536 486 591 Postulat,
519 537 714 593 ignoscet
743 538 932 580 verrucis
963 537 1103 593 illius3
1137 553 1324 595 aequum
1355 543 1423 583 est

275 607 471 650 Peccatis
502 608 673 650 veniam
704 612 952 664 poscentem
983 609 1162 652 reddere
1193 624 1353 652 rursus.

1625 611 1683 652 7}

277 677 493 734 Denique,
527 682 737 735 quatenus
771 679 910 723 excidi
941 681 1112 736 penitus
1143 681 1295 722 vitium
1326 682 1435 735 irae,

281 748 438 792 Cetera
468 750 571 792 item
603 754 822 807 nequeunt
853 750 994 793 stultis
1025 751 1269 806 haerentia,
1303 766 1378 794 cur
1405 765 1493 794 non

274 819 543 863 Ponderibus
575 820 844 878 modulisque
876 821 965 864 suis
996 822 1105 865 ratio
1137 823 1284 875 utitur,
1318 837 1368 865 ac
1397 836 1471 866 res

274 890 332 932 Ut
364 906 559 948 quaeque
592 896 671 946 est,
703 893 765 935 ita
796 893 1018 949 suppliciis
1050 893 1207 936 delicta
1237 894 1441 937 coercet?

278 963 324 1005 Si
357 963 452 1019 quis
485 978 582 1006 eum
615 978 805 1018 servum,
838 964 1030 1020 patinam
1062 963 1135 1020 qui
1166 964 1317 1007 tollere
1347 964 1491 1006 iussus

1623 965 1681 1006 80

276 1033 475 1076 Semesos
506 1035 648 1090 pisces
680 1034 959 1091 tepidumque
989 1035 1202 1090 ligurierit
1231 1035 1320 1089 ius,

274 1105 324 1147 In
357 1119 480 1148 cruce
513 1106 705 1162 suffigat,
737 1106 942 1149 Labeone
974 1106 1164 1148 insanior
1195 1106 1307 1148 inter

254 1213 310 1245 70.
354 1213 442 1245 Cum
474 1211 629 1246 BbScd:
670 1213 790 1254 Quum
813 1210 871 1256 [M.
898 1230 940 1236 —
969 1213 1025 1245 81.
1067 1212 1298 1254 tepidumque
1335 1210 1479 1254 BbScd,
1481 1209 1561 1246 LCt
1597 1213 1635 1246 et

203 1258 425 1294 Bentleius:
460 1261 712 1302 trepidumque
740 1270 759 1293 e
787 1259 903 1294 Codd.
930 1259 1000 1303 (p)
1026 1258 1105 1293 ΕΜ.
1130 1277 1178 1283 —
1204 1260 1261 1293 82.
1286 1260 1446 1293 Labieno
1471 1258 1634 1294 malebat

207 1306 415 1341 Bentleius.

156 1397 296 1436 tempus
346 1396 463 1429 locum
501 1404 680 1437 personas
722 1397 896 1438 observet,

156 1443 244 1481 quia
277 1444 465 1476 momentis
498 1444 681 1483 quaedam
714 1445 824 1484 arata
859 1445 891 1476 ei

155 1489 306 1530 inorata
339 1491 434 1522 suni.
484 1489 518 1522 A
543 1489 697 1524 Graecis
732 1489 892 1523 mutuati

155 1544 238 1570 esse
263 1535 439 1569 videntur
464 1535 603 1570 Latini.
647 1536 892 1570 Philodemus

156 1584 241 1637 περὶ
265 1580 491 1626 ποιηαάτων
519 1594 555 1627 p.
584 1583 892 1626 17,19.Diibn.:

156 1628 225 1672 τὴν
250 1629 290 1663 δὲ
315 1627 547 1663 διάνοιαν--
558 1629 893 1678 ,ταοεκβεβηκυῖαν

156 1687 224 1710 ῗΟν
249 1674 383 1711 zolvdv
409 1677 511 1710 νοῦν.

204 1726 265 1758 70-
269 1726 326 1758 72.
363 1726 451 1758 Cum
475 1733 558 1758 mea
584 1724 670 1767 cet.]
706 1723 892 1758 Construe

157 1781 241 1804 cum
289 1771 575 1816 Porphyrione:
632 1796 648 1814 „
664 1772 750 1804 Cum
797 1772 892 1804 viliis

155 1819 281 1861 (meis)
309 1828 390 1852 mea
416 1821 512 1852 bona
537 1818 772 1860 compensem
807 1820 893 1851 Cum

153 1865 269 1910 igitur
295 1869 352 1900 est
374 1866 614 1910 praepositio,
640 1876 716 1899 non
736 1865 893 1899 coniun-

155 1913 241 1956 ctio,
259 1916 302 1946 ut
318 1913 403 1947 aliis
420 1913 545 1957 placet
563 1912 891 1946 construentibus:

154 1961 297 1993 Amicus
322 1961 439 1993 dulcis
463 1969 554 2002 cum,
581 1963 621 1992 ut
646 1968 803 2000 aequum
830 1962 890 2002 est,

155 2010 358 2049 compenset
402 2016 484 2040 mea
523 2008 616 2040 bona
653 2008 770 2047 viiiis‚·
817 2018 892 2051 qua

155 2054 307 2098 quidem
340 2054 380 2087 in
412 2054 559 2088 ratione
585 2064 640 2086 vv.
667 2058 706 2087 ui
734 2063 892 2094 aequum

156 2103 205 2134 esi
241 2112 309 2135 suo
343 2101 426 2135 loco
461 2102 646 2136 collocata
679 2111 756 2135 non
792 2104 889 2135 sunt.

154 2147 210 2183 De
228 2148 507 2193 praepositione
531 2151 655 2182 autem
681 2159 703 2182 a
729 2159 797 2182 suo
825 2159 890 2182 no-

154 2195 255 2229 mine
290 2198 433 2230 remota
464 2195 538 2229 vid.
573 2207 605 2229 v,
633 2197 700 2229 68:
735 2197 890 2229 viciis

154 2251 258 2275 nemo
298 2245 410 2276 sine
447 2245 622 2277 nascitur.
674 2243 748 2277 Sat.
775 2245 807 2285 1,
835 2245 890 2286 10,

155 2291 513 2331 912Discipularum
538 2291 657 2323 inter
682 2291 787 2323 iubeo
809 2291 890 2331 plo-

154 2345 243 2370 rare
294 2338 588 2370 cathedras.
633 2356 674 2360 —
720 2338 890 2378 pluribus

155 2383 264 2427 hisce]
290 2394 367 2418 non
395 2387 451 2418 est
476 2383 662 2418 ablativus
681 2384 889 2427 absolutus,

154 2434 196 2464 ut
220 2431 342 2465 visum
369 2434 426 2465 est
449 2431 609 2471 Acroni,
644 2431 708 2464 sed
742 2431 889 2465 dativus

155 2478 369 2524 iungendus
405 2488 490 2512 cum
515 2478 629 2511 verbo
656 2479 816 2512 inclinet.
846 2499 886 2502 —

154 2527 277 2559 amari
317 2527 349 2559 si
384 2526 493 2568 volet]
542 2525 661 2570 Magis
704 2525 888 2560 concinne

155 2573 267 2606 etiam
292 2575 448 2618 propter
475 2583 650 2606 versuum
679 2573 889 2606 conforma-

154 2621 294 2653 tionem
335 2621 428 2654 haec
469 2619 730 2664 superioribus
775 2620 889 2653 adne-

154 2670 308 2701 ctuntur
327 2677 438 2712 quam
457 2666 716 2712 sequentibus,
740 2677 815 2710 qua
831 2678 889 2700 ra-

155 2714 257 2748 tione
285 2715 395 2748 etiam
430 2713 617 2748 sententia
654 2713 888 2747 obscuratur.

947 1413 990 1419 —-
1019 1396 1086 1428 hae
1113 1396 1189 1436 leae
1216 1393 1301 1438 cet.]
1329 1393 1421 1438 „hac
1445 1393 1681 1438 condicione,

943 1443 974 1476 si
1000 1453 1164 1487 aequum
1190 1441 1237 1476 de
1260 1452 1319 1476 me
1345 1441 1531 1475 iudicium
1554 1440 1681 1484 faciat,

943 1500 1010 1535 ego
1037 1489 1138 1523 idem
1163 1488 1210 1523 de
1235 1489 1302 1523 illo
1328 1488 1498 1523 faciam.“

990 1538 1081 1569 76—
1086 1538 1142 1570 83.
1183 1536 1399 1579 „Quoniam
1426 1532 1579 1580 quidem
1610 1545 1681 1570 nos

943 1593 1091 1624 omnes,
1129 1594 1225 1627 quos
1251 1582 1370 1617 Stoici
1394 1585 1546 1627 praeter
1571 1582 1682 1617 illum

942 1640 1052 1663 suum
1059 1630 1288 1684 sapientem
1321 1631 1551 1674 perfectum,
1586 1628 1680 1664 stul-

942 1679 999 1710 tos
1027 1672 1244 1723 (ἄφρονας,
1276 1674 1472 1720 ἠλιθίους,
1506 1655 1682 1720 φαύλους

944 1723 1045 1757 Stob.
1070 1688 1150 1757 Ecl.
1176 1724 1289 1769 Phys.
1315 1725 1356 1766 2,
1383 1724 1432 1767 7.)
1458 1733 1594 1759 vocare
1620 1735 1682 1759 so-

943 1771 1033 1813 lent,
1059 1781 1082 1804 a
1106 1771 1208 1805 vitiis
1234 1781 1393 1816 prorsus
1419 1771 1584 1806 liberare
1609 1781 1684 1806 nos

942 1829 1018 1852 non
1044 1828 1266 1862 possumus,
1301 1818 1436 1863 quidni
1460 1829 1588 1852 veram
1621 1829 1684 1853 ra-

942 1865 1083 1899 tionem
1102 1867 1138 1899 et
1155 1865 1384 1910 aequitatem
1407 1865 1448 1899 in
1467 1864 1679 1899 diiudican-

941 1912 999 1946 dis
1018 1923 1061 1946 ac
1078 1912 1285 1956 puniendis
1303 1912 1464 1947 aliorum
1483 1912 1681 1947 erroribus

915 1959 919 1963 '
942 1959 1166 2004 delictisque
1197 1959 1451 2004 sequimuer
1479 1978 1524 1983 -—
1551 1962 1680 2000 quate-

941 2006 1030 2050 nus]
1073 2006 1158 2040 Vid.
1197 2006 1244 2040 ad
1283 2005 1356 2041 Sat.
1396 2009 1435 2049 1,
1475 2008 1513 2048 1,
1548 2007 1606 2040 64.
1632 2025 1680 2031 —

940 2053 1140 2096 suppliciis]
1177 2053 1360 2098 „poenis,
1386 2055 1424 2087 et
1449 2052 1620 2097 quidem,
1645 2054 1680 2088 si

941 2111 1036 2144 opus
1071 2103 1144 2142 est,
1184 2099 1492 2135 severioribus*
1511 2119 1555 2124 -
1588 2102 1679 2142 tepi-

939 2148 1111 2191 dumque]
1147 2150 1289 2192 „atquc
1324 2147 1371 2182 ob
1406 2147 1446 2180 id
1477 2157 1603 2192 neque
1629 2147 1676 2182 ab

939 2196 1031 2229 hero
1065 2205 1136 2229 nec
1169 2206 1191 2229 a
1223 2194 1391 2229 convivis
1423 2194 1498 2229 iam
1523 2197 1678 2240 gustan-

940 2242 1047 2283 dum,
1091 2242 1156 2276 sed
1195 2242 1312 2276 servis
1349 2241 1675 2286 relinquendum.“

940 2310 982 2313 —
1013 2289 1209 2332 liquricril]
1242 2289 1423 2334 Plerique
1459 2289 1677 2331 &numer-a,

940 2337 1006 2371 sed
1032 2339 1075 2370 ut
1090 2336 1241 2381 reliqua
1256 2346 1314 2369 vv.
1339 2336 1380 2369 in
1404 2336 1489 2369 uffo
1514 2335 1677 2380 simplici

938 2394 958 2417 r
977 2383 1229 2418 scribendum.
1253 2382 1312 2415 Ad
1330 2382 1555 2416 sententiam
1572 2382 1672 2416 conf.

938 2432 1068 2465 Iuven.
1095 2433 1135 2473 9,
1160 2433 1206 2464 -5ι
1244 2431 1318 2463 Nos
1343 2430 1537 2471 colaphum
1571 2430 1676 2463 ineu·

939 2480 1046 2512 timus
1083 2478 1254 2511 lambenti
1286 2477 1452 2510 crustula
1485 2483 1602 2510 servo.
1630 2494 1674 2500 —-—

938 2525 1119 2568 Labeone]
1159 2524 1257 2558 Cum
1278 2522 1518 2565 Scholiastis,
1555 2522 1674 2556 Hein-

939 2572 1075 2614 dorfio,
1110 2571 1328 2606 Weicherto
1368 2571 1472 2604 hunc
1512 2579 1580 2614 pro
1624 2568 1675 2603 M.

937 2619 1103 2654 Antistio
1141 2618 1338 2660 Labeone,
1376 2615 1673 2651 celebratissimo

938 2669 1069 2711 postea
1104 2666 1213 2707 ICto,
1251 2666 1468 2706 incorrupta
1507 2664 1675 2697 libertate

939 2714 1081 2759 insigni
1108 2713 1219 2755 (Tac.
1244 2711 1343 2746 Ann.
1370 2713 1411 2754 3,
1436 2711 1536 2753 75.),
1561 2710 1680 2744 habe-
