1774 2930
131 147 219 189 328

545 125 549 126 ⁷
606 147 811 182 nomm
836 147 1185 183 urls‘ronfflmi

251 248 297 290 Si
328 248 439 305 pede
470 249 604 291 maior
636 249 739 302 erit,
773 249 1013 302 subvertet,
1045 249 1083 291 si
1113 251 1266 304 minor,
1298 255 1406 294 uret.

247 319 410 362 Laetus
443 324 557 362 sorte
588 324 663 362 tua
694 320 813 362 vives
846 320 1077 376 sapienter,
1109 316 1268 375 Aristi,

250 391 341 434 Nec
372 406 440 434 me
472 391 662 433 dimittes
693 391 1017 447 incastigatum,
1049 391 1124 434 ubi
1154 392 1279 448 plura

1595 394 1653 434 45

250 462 416 518 Cogere
450 477 577 518 quam
609 462 714 504 satis
747 466 813 505 est
844 477 894 505 ac
925 476 1012 507 non
1043 476 1213 506 cessare
1243 462 1434 506 videbor.

248 533 436 589 Imperat
467 537 541 575 aut
573 534 705 576 servit
737 533 917 576 collecta
946 535 1129 589 pecunia
1159 535 1333 590 cuique,

250 604 430 646 Tortum
462 605 593 660 digna
625 605 748 660 sequi
778 604 921 660 potius
954 619 1082 661 quam
1112 605 1268 648 ducere
1298 605 1458 648 funem.

250 675 371 718 Haec
403 675 482 718 tibi
501 676 728 719 «dictabam
760 679 858 731 post
888 675 1034 717 fanum
1067 680 1190 732 putre
1218 676 1439 729 Vacunae,

224 784 279 815 47.
308 785 484 823 Imperat,
510 784 611 816 haud
636 777 836 816 Waddelio
863 784 1018 816 auctore
1045 782 1224 828 Doering.

134 878 170 909 in
195 877 343 911 fabellis
370 880 407 911 et
433 878 634 922 exemplis:
676 882 744 920 „ut
771 879 867 911 solet

132 924 211 957 fieri
239 924 278 957 in
306 926 444 965 calceo,
475 925 540 970 qui
567 925 598 959 si
626 925 744 959 maior
770 925 866 969 pede

129 975 197 1014 est,
222 972 321 1014 facit,
348 975 389 1006 ut
414 973 518 1005 humi
544 973 807 1017 prolabamur3
835 973 867 1006 si

128 1020 263 1060 minor,
288 1020 423 1063 pedem
441 1020 666 1064 constringit
684 1023 720 1053 et
737 1019 867 1053 dolore

128 1077 197 1100 nos
223 1066 372 1100 afficit.“
409 1067 494 1101 Vid.
520 1067 567 1100 ad
594 1066 668 1100 Sat.
697 1069 728 1108 1,
754 1069 784 1109 1,
809 1069 866 1100 25.

127 1133 173 1137 —
187 1114 282 1157 uret]
301 1114 474 1159 Propert.
494 1117 526 1157 5,
546 1116 578 1156 3,
597 1116 661 1161 23:
687 1115 755 1148 Dic
779 1116 868 1147 mihi

127 1170 215 1195 num
241 1164 382 1195 teneros
408 1164 506 1195 urit
540 1163 656 1195 lorica
689 1162 867 1195 lacertos?

127 1208 305 1242 Ceterum
347 1209 547 1243 admodum
588 1209 769 1253 frequens
812 1212 869 1243 est

126 1256 228 1300 apud
266 1257 453 1311 sophistas
491 1257 583 1290 haec
624 1257 868 1310 comparatio.

126 1303 286 1337 Lucian.
312 1304 386 1338 Pro
410 1304 546 1360 imagg.
567 1306 629 1338 10.
654 1303 752 1347 μηδὲ
775 1300 868 1360 ὑπὲρ

126 1349 194 1384 τὸν
228 1348 330 1385 πόδα
361 1347 459 1385 ἔστω
493 1349 537 1385 τὸ
575 1347 775 1409 ὑπόμδηαα,
812 1350 868 1394 μή

126 1401 192 1431 καὶ
218 1399 473 1454 ἐπιστομίσῃ
472 1410 528 1439 ue,
555 1400 688 1442 φησίν,
714 1399 870 1446 ἑατερι-

127 1446 326 1480 πατοῦσαν
351 1444 468 1493 αὐτῷ.

175 1520 239 1551 44-
242 1520 298 1551 46.
318 1519 451 1551 Laetus
469 1518 554 1561 cet.]
582 1517 700 1560 „Tum
718 1517 868 1551 demum

125 1566 280 1610 poteris,
305 1567 347 1598 ut
364 1565 473 1599 decet
490 1565 712 1610 sapientem,
729 1565 868 1607 vivere,

127 1612 159 1646 si
178 1615 380 1646 contentus
399 1613 475 1647 eris
495 1612 718 1647 condicione
744 1624 766 1646 a
792 1613 867 1646 fato

126 1660 195 1694 tibi
227 1661 414 1704 imposita..
465 1660 626 1703 Verum,
661 1663 797 1705 ut·ego
825 1660 868 1693 li-

127 1707 216 1741 bere
242 1710 278 1741 te
303 1718 452 1748 moneo,
480 1708 534 1741 ita
559 1710 600 1741 tu
627 1718 782 1752 quoque
808 1718 867 1741 me

126 1755 287 1799 corrige,
325 1755 390 1790 ubi
429 1765 488 1788 me
527 1755 663 1788 horum
696 1755 866 1798 ipsorum

124 1805 413 1846 praeceptorum
463 1813 629 1846 unquam
677 1802 867 1835 immemo-

126 1860 205 1882 rem
230 1849 410 1883 videbis.“
443 1849 526 1888 Qua
549 1849 739 1882 sententia
762 1849 867 1881 illam

125 1896 244 1941 ipsam
270 1897 419 1930 molesti
446 1896 672 1930 correctoris
703 1896 866 1940 speciem

126 1944 270 1977 urbane
296 1955 317 1978 a
343 1955 382 1979 se
408 1946 587 1978 removet.
607 1962 650 1967 -
669 1944 866 1984 inca-eliaa-

125 1992 216 2034 tum]
241 1987 346 2034 ἅπαξ
370 1989 593 2036 λεγόμενον.
619 1990 755 2024 Graeci
778 1987 868 2023 ἀνε-

123 2040 341 2084 πιτίαητον.
369 2059 412 2062 -
441 2038 588 2082 Coqere]
631 2039 667 2071 h.
694 2038 719 2071 1.
748 2048 866 2081 „con-

128 2097 278 2131 gerere,
311 2086 568 2121 coacervaref‘
599 2105 642 2109 --
670 2094 783 2126 quam
806 2094 866 2118 sa-

127 2135 172 2166 lis
189 2134 253 2177 esc]
279 2134 437 2168 Alexis
427 2145 466 2168 in
487 2133 607 2167 Grotii
626 2132 714 2166 Exc.
728 2144 764 2177 p.
782 2135 866 2186 593:

129 2177 270 2236 Ἔγωγε
308 2181 361 2215 τῶ
407 2179 454 2214 τὰ
489 2180 610 2214 δέοντ’
649 2176 750 2221 ἔχειν
796 2177 866 2226 ἀρ-

127 2225 247 2282 {orins
231 2241 316 2270 ενος
343 2218 412 2262 Τὰ
450 2226 603 2284 περιττά
639 2227 752 2270 αισῶ
786 2231 867 2269 τοῖς

126 2273 192 2308 ὖπε
198 2287 237 2323 9
225 2273 409 2310 &evovae
433 2287 506 2324 γαρ
527 2277 673 2322 Τέρψις
701 2275 767 2307 ιιὲν
793 2271 866 2308 οὐκ

124 2307 233 2356 ἐἰεστ
236 2335 260 2365 ι,
288 2323 511 2357 πολυτέλεια
537 2307 588 2356 δέ.

173 2396 229 2427 47.
246 2397 304 2428 48.
326 2397 486 2436 Imperat
501 2393 706 2436 aulservit]
727 2393 867 2435 „Prout

126 2452 322 2486 possessor
349 2445 423 2475 est:
454 2442 486 2475 si
514 2442 677 2485 sapiens,
703 2440 868 2485 pecunia

124 2493 234 2533 parta
266 2489 423 2522 inservit
448 2489 546 2522 vitae
573 2488 867 2522 necessitudini-

125 2537 210 2578 bus,
235 2536 395 2570 utilibus
413 2535 589 2579 inceptis,
615 2535 808 2570 beneficiis
826 2535 865 2568 in

126 2584 222 2618 alios
249 2582 512 2625 conferendis3
540 2582 599 2616 sin
628 2582 779 2624 stultus,
804 2593 868 2626 pe-

128 2632 242 2665 cunia
268 2631 302 2664 ei
326 2631 499 2675 imperat,
526 2632 567 2663 ut
586 2629 762 2663 dominus
790 2639 867 2663 ser-

126 2689 184 2720 vo,
211 2679 263 2712 ita
280 2680 333 2719 ut,
360 2678 531 2722 quamvis
550 2687 595 2710 ea
611 2677 665 2710 uti
689 2679 867 2720 nequeat,

127 2728 252 2759 tamen
279 2726 361 2759 eius
387 2735 534 2769 semper
555 2724 750 2769 augendae
777 2734 867 2757 cau-

917 889 957 911 sa
983 877 1189 922 quidlibet,
1224 877 1336 912 etiam
1367 877 1655 922 perversissima

918 935 1103 969 quaeque,
1129 925 1169 958 in
1187 935 1226 959 se
1246 924 1440 969 suscipere
1458 924 1653 969 multoque

916 983 1002 1006 cum
1050 972 1181 1006 labore
1229 972 1410 1017 perficere
1464 972 1654 1017 (ιοςιιΐιιιπιι

915 1019 1074 1054 Publius
1094 1019 1210 1064 Syrus
1229 1022 1316 1054 998:
1342 1021 1503 1053 Pecunia
1521 1021 1571 1053 esc
1589 1027 1656 1053 an-

917 1068 1015 1109 cilla,
1041 1068 1073 1100 si
1096 1068 1164 1100 sois
1190 1069 1263 1107 uli3
1287 1068 1320 1100 si
1344 1068 1472 1109 nescis,
1497 1068 1655 1100 hera.—

917 1116 1066 1148 Torlum
1086 1114 1170 1157 cet]
1197 1114 1395 1148 Sententia
1419 1124 1487 1158 per
1513 1125 1554 1148 se
1581 1114 1656 1148 ola-

917 1173 977 1196 ra:
1006 1161 1205 1204 „Pecunia
1239 1161 1351 1195 debet
1383 1171 1466 1196 esse
1501 1171 1546 1195 ea
1578 1171 1655 1195 ma-

918 1209 1064 1252 chinae,
1090 1212 1131 1243 ut
1156 1210 1209 1243 ita
1232 1209 1374 1251 dicam,
1405 1208 1531 1243 vitalis
1556 1219 1655 1253 pars,

918 1267 1014 1301 quae
1040 1259 1222 1299 movetur,
1255 1267 1332 1290 non
1358 1266 1420 1298 ea,
1454 1266 1553 1300 quae
1578 1266 1656 1291 mo-

917 1306 996 1346 vet3
1010 1303 1026 1322 ‘⁴
1072 1303 1315 1346 „ordinatrix
1338 1306 1376 1337 et
1400 1302 1657 1349 dispensatrix

918 1355 998 1385 esto
1040 1362 1146 1385 mens
1190 1350 1371 1396 sapientis
1412 1350 1656 1396 possessoris,

918 1399 1082 1443 pecunia
1105 1399 1295 1440 materies,
1312 1409 1398 1442 ‘qua
1421 1409 1491 1443 pro
1509 1409 1579 1432 sua
1595 1408 1657 1432 vo-

916 1447 1063 1480 luntate
1079 1448 1194 1491 atque
1212 1446 1467 1490 intelligentia
1492 1445 1558 1479 ille
1575 1447 1657 1480 uta-

917 1494 1013 1527 tur.‘·'·
1066 1493 1261 1533 Quomodo
1286 1493 1402 1527 verba
1435 1493 1519 1537 ipsa
1543 1503 1656 1537 expo-

918 1540 1044 1575 nenda
1077 1541 1172 1583 sint,
1205 1540 1420 1586 ambigitur.
1469 1539 1514 1574 V.
1539 1542 1657 1574 tortus

915 1588 1111 1633 epitheton
1129 1588 1279 1622 funium
1296 1590 1334 1622 et
1350 1587 1555 1622 rudentum
1571 1597 1656 1632 per-

916 1638 1072 1680 petuum
1091 1646 1175 1670 esse
1196 1636 1409 1670 monstrant
1422 1635 1656 1679 Interpretes

917 1693 963 1717 ex
978 1683 1084 1727 Virg.
1101 1683 1196 1717 Aen.
1220 1684 1254 1725 4,
1272 1684 1354 1716 575.
1392 1681 1499 1716 Ovid.
1517 1680 1604 1715 Met.
1623 1682 1655 1722 3,

917 1732 997 1764 679.
1032 1730 1167 1764 Catull.
1187 1731 1244 1771 64,
1263 1731 1344 1763 235.
1381 1729 1487 1762 Pers.
1513 1730 1547 1771 5,
1576 1730 1656 1762 146.

914 1776 993 1811 Iam
1018 1777 1145 1811 malim
1170 1776 1388 1822 intelligere
1414 1775 1460 1810 de
1477 1775 1569 1809 fune
1587 1775 1656 1809 du-

916 1825 1034 1858 ctario
1068 1824 1129 1858 vel
1165 1824 1204 1857 in
1243 1823 1428 1858 machinis
1466 1822 1656 1858 tractoriis

916 1870 1079 1913 (Vitruv.
1101 1873 1156 1913 10,
1174 1873 1195 1904 3
1213 1873 1251 1904 et
1267 1870 1317 1913 4.)
1336 1871 1396 1904 vel
1413 1870 1454 1903 in
1473 1870 1655 1911 remulco,

916 1929 1028 1963 quam
1054 1918 1100 1952 de
1125 1918 1235 1959 fune,
1270 1928 1344 1962 quo
1369 1917 1564 1952 ducuntur
1589 1918 1656 1952 bo-

915 1977 982 2000 ves
1020 1966 1174 2008 (Iuven.
1200 1965 1276 1999 Sat.
1303 1967 1369 2007 12,
1392 1965 1470 2007 5.),
1510 1964 1572 1999 vel
1608 1963 1655 1998 de

917 2013 1129 2055 saltatione,
1156 2023 1269 2057 quam
1294 2013 1420 2046 restim
1435 2012 1567 2046 ducere
1590 2022 1656 2056 ap-

916 2061 1111 2105 pellabant
1147 2059 1323 2103 (Terent.
1346 2058 1417 2093 Ad.
1443 2062 1483 2100 4,
1509 2060 1544 2102 7,
1569 2058 1657 2101 340,

916 2109 977 2142 vel
1002 2108 1048 2142 de
1074 2107 1164 2142 ludo
1190 2117 1418 2151 puerorum,
1451 2106 1518 2151 qui
1541 2105 1657 2140 duce·

917 2156 1008 2189 bant
1041 2157 1230 2199 sparteam
1263 2156 1405 2188 restem
1439 2157 1478 2188 et
1513 2152 1657 2188 tamdiu

918 2203 1137 2244 trahebant,
1174 2202 1297 2236 donec
1334 2204 1400 2235 aut
1435 2203 1658 2245 rumperent

916 2252 982 2284 aut
1003 2251 1186 2285 alteruter
1205 2249 1344 2283 omissa
1366 2247 1471 2282 funis
1495 2247 1658 2292 prehen-

917 2298 1026 2332 sione
1058 2297 1162 2331 humi
1197 2296 1369 2337 caderet,
1403 2295 1467 2329 vel
1491 2294 1655 2339 denique

917 2355 1002 2378 cum
1027 2343 1224 2378 Diderotio
1251 2343 1353 2387 apud
1376 2342 1510 2377 Iacobs
1534 2341 1657 2376 Lectt.

917 2391 1060 2426 Venus.
1078 2403 1114 2435 p.
1134 2392 1232 2432 162„
1256 2389 1324 2434 qui
1341 2391 1479 2423 tortum
1495 2389 1657 2434 explic&

916 2439 996 2481 bat,
1027 2438 1147 2481 „dum
1172 2438 1425 2482 torquem-⁴⁶,
1450 2436 1497 2471 de
1523 2436 1658 2471 restio-

918 2486 977 2521 nis
1005 2485 1167 2530 opificio.

964 2582 1021 2614 49.
1049 2582 1106 2613 50.
1132 2580 1197 2612 tibi
1219 2578 1459 2621 dictabamJ„
1463 2577 1513 2610 Ut
1537 2579 1579 2610 tu
1605 2575 1658 2610 le-

916 2638 1038 2674 geres,
1067 2626 1253 2661 dictabam
1278 2636 1361 2660 meo
1387 2634 1506 2669 puero
1532 2634 1555 2658 a
1579 2633 1656 2657 ma-

917 2686 982 2709 nu.
987 2675 1004 2693 ‘⁴
1053 2673 1110 2707 Im
1111 2673 1353 2718 perfectum,
1362 2674 1405 2706 ut
1427 2672 1467 2706 in
1493 2670 1658 2705 subseri-

916 2721 1110 2767 ptionibus
1111 2685 1392 2765 pepistolarum:
1418 2719 1507 2752 haec
1523 2719 1657 2752 embo-
