<?xml version="1.0" encoding="UTF-8"?>
<!DOCTYPE html PUBLIC "-//W3C//DTD XHTML 1.0 Transitional//EN"
    "http://www.w3.org/TR/xhtml1/DTD/xhtml1-transitional.dtd">
<html xmlns="http://www.w3.org/1999/xhtml" xml:lang="en" lang="en">
 <head>
  <title>
</title>
<meta http-equiv="Content-Type" content="text/html;charset=utf-8" />
  <meta name='ocr-system' content='tesseract 3.04.00' />
  <meta name='ocr-capabilities' content='ocr_page ocr_carea ocr_par ocr_line ocrx_word'/>
</head>
<body>
  <div class='ocr_page' id='page_1' title='image "./qhoratiusflaccus00horauoft_0388.png"; bbox 0 0 1774 2930; ppageno 0'>
   <div class='ocr_carea' id='block_1_1' title="bbox 112 151 200 192">
    <p class='ocr_par' dir='ltr' id='par_1_1' title="bbox 112 151 200 192">
     <span class='ocr_line' id='line_1_1' title="bbox 112 151 200 192; baseline 0.023 -2"><span class='ocrx_word' id='word_1_1' title='bbox 112 151 200 192; x_wconf 88' lang='lat'>380</span> 
     </span>
    </p>
   </div>
   <div class='ocr_carea' id='block_1_2' title="bbox 228 250 1370 308">
    <p class='ocr_par' dir='ltr' id='par_1_2' title="bbox 228 250 1370 308">
     <span class='ocr_line' id='line_1_2' title="bbox 228 250 1370 308; baseline 0.001 -15"><span class='ocrx_word' id='word_1_2' title='bbox 228 250 421 293; x_wconf 81' lang='lat' dir='ltr'>Lenibus</span> <span class='ocrx_word' id='word_1_3' title='bbox 454 250 666 306; x_wconf 89' lang='lat' dir='ltr'>imperiis,</span> <span class='ocrx_word' id='word_1_4' title='bbox 699 250 954 307; x_wconf 80' lang='lat' dir='ltr'>quotiesque</span> <span class='ocrx_word' id='word_1_5' title='bbox 986 250 1140 294; x_wconf 90' lang='lat' dir='ltr'>educet</span> <span class='ocrx_word' id='word_1_6' title='bbox 1169 251 1214 293; x_wconf 92' lang='lat' dir='ltr'>in</span> <span class='ocrx_word' id='word_1_7' title='bbox 1244 266 1370 308; x_wconf 88' lang='lat' dir='ltr'>agros</span> 
     </span>
    </p>
   </div>
   <div class='ocr_carea' id='block_1_3' title="bbox 591 150 1169 185">
    <p class='ocr_par' dir='ltr' id='par_1_3' title="bbox 591 150 1169 185">
     <span class='ocr_line' id='line_1_3' title="bbox 591 150 1169 185; baseline 0.002 -1"><span class='ocrx_word' id='word_1_8' title='bbox 591 150 797 184; x_wconf 84' lang='lat' dir='ltr'><strong>HORATII</strong></span> <span class='ocrx_word' id='word_1_9' title='bbox 821 150 1169 185; x_wconf 78' lang='lat' dir='ltr'><strong>EPISTOLARUM</strong></span> 
     </span>
    </p>
   </div>
   <div class='ocr_carea' id='block_1_4' title="bbox 230 321 1403 590">
    <p class='ocr_par' dir='ltr' id='par_1_4' title="bbox 230 321 1403 590">
     <span class='ocr_line' id='line_1_4' title="bbox 230 321 1264 379; baseline 0.002 -16"><span class='ocrx_word' id='word_1_10' title='bbox 230 321 397 364; x_wconf 88' lang='lat' dir='ltr'>Aetolis</span> <span class='ocrx_word' id='word_1_11' title='bbox 431 325 608 364; x_wconf 85' lang='lat' dir='ltr'>onerata</span> <span class='ocrx_word' id='word_1_12' title='bbox 638 321 777 377; x_wconf 86' lang='lat' dir='ltr'>plagis</span> <span class='ocrx_word' id='word_1_13' title='bbox 808 321 1001 364; x_wconf 87' lang='lat' dir='ltr'>iumenta</span> <span class='ocrx_word' id='word_1_14' title='bbox 1033 336 1264 379; x_wconf 88' lang='lat' dir='ltr'>canesque,</span> 
     </span>
     <span class='ocr_line' id='line_1_5' title="bbox 231 391 1403 449; baseline 0.002 -15"><span class='ocrx_word' id='word_1_15' title='bbox 231 392 369 448; x_wconf 85' lang='lat' dir='ltr'>Surge</span> <span class='ocrx_word' id='word_1_16' title='bbox 402 396 444 434; x_wconf 90' lang='lat' dir='ltr'>et</span> <span class='ocrx_word' id='word_1_17' title='bbox 475 391 736 434; x_wconf 81' lang='lat' dir='ltr'>inhumanae</span> <span class='ocrx_word' id='word_1_18' title='bbox 768 392 937 434; x_wconf 90' lang='lat' dir='ltr'>senium</span> <span class='ocrx_word' id='word_1_19' title='bbox 968 393 1135 449; x_wconf 89' lang='lat' dir='ltr'>depone</span> <span class='ocrx_word' id='word_1_20' title='bbox 1169 392 1403 446; x_wconf 83' lang='lat' dir='ltr'>Camenae,</span> 
     </span>
     <span class='ocr_line' id='line_1_6' title="bbox 231 463 1343 521; baseline 0.002 -16"><span class='ocrx_word' id='word_1_21' title='bbox 231 463 371 506; x_wconf 83' lang='lat' dir='ltr'>Oenes</span> <span class='ocrx_word' id='word_1_22' title='bbox 403 468 451 504; x_wconf 91' lang='lat' dir='ltr'>ut</span> <span class='ocrx_word' id='word_1_23' title='bbox 481 463 642 519; x_wconf 88' lang='lat' dir='ltr'>pariter</span> <span class='ocrx_word' id='word_1_24' title='bbox 673 463 895 519; x_wconf 88' lang='lat' dir='ltr'>pulmenta</span> <span class='ocrx_word' id='word_1_25' title='bbox 923 463 1142 506; x_wconf 79' lang='lat' dir='ltr'>laboribus</span> <span class='ocrx_word' id='word_1_26' title='bbox 1175 468 1343 521; x_wconf 77' lang='lat' dir='ltr'>empta3</span> 
     </span>
     <span class='ocr_line' id='line_1_7' title="bbox 230 534 1278 590; baseline 0.003 -15"><span class='ocrx_word' id='word_1_27' title='bbox 230 534 436 576; x_wconf 85' lang='lat' dir='ltr'>Romanis</span> <span class='ocrx_word' id='word_1_28' title='bbox 469 534 675 576; x_wconf 91' lang='lat' dir='ltr'>sollemne</span> <span class='ocrx_word' id='word_1_29' title='bbox 705 534 810 575; x_wconf 87' lang='lat' dir='ltr'>viris</span> <span class='ocrx_word' id='word_1_30' title='bbox 843 548 968 590; x_wconf 89' lang='lat' dir='ltr'>opus,</span> <span class='ocrx_word' id='word_1_31' title='bbox 1001 535 1107 577; x_wconf 90' lang='lat' dir='ltr'>utile</span> <span class='ocrx_word' id='word_1_32' title='bbox 1138 534 1278 578; x_wconf 87' lang='lat' dir='ltr'>famae</span> 
     </span>
    </p>
   </div>
   <div class='ocr_carea' id='block_1_5' title="bbox 230 605 1440 661">
    <p class='ocr_par' dir='ltr' id='par_1_5' title="bbox 230 605 1440 661">
     <span class='ocr_line' id='line_1_8' title="bbox 230 605 1440 661; baseline 0.002 -15"><span class='ocrx_word' id='word_1_33' title='bbox 230 605 444 661; x_wconf 87' lang='lat' dir='ltr'>Vitaeque</span> <span class='ocrx_word' id='word_1_34' title='bbox 476 610 518 647; x_wconf 91' lang='lat' dir='ltr'>et</span> <span class='ocrx_word' id='word_1_35' title='bbox 550 605 773 658; x_wconf 82' lang='lat' dir='ltr'>membris,</span> <span class='ocrx_word' id='word_1_36' title='bbox 805 606 1061 661; x_wconf 86' lang='lat' dir='ltr'>praesertim</span> <span class='ocrx_word' id='word_1_37' title='bbox 1091 621 1188 648; x_wconf 91' lang='lat' dir='ltr'>cum</span> <span class='ocrx_word' id='word_1_38' title='bbox 1218 607 1364 649; x_wconf 86' lang='lat' dir='ltr'>valeas</span> <span class='ocrx_word' id='word_1_39' title='bbox 1397 611 1440 649; x_wconf 93' lang='lat' dir='ltr'>et</span> 
     </span>
    </p>
   </div>
   <div class='ocr_carea' id='block_1_6' title="bbox 1577 607 1633 649">
    <p class='ocr_par' dir='ltr' id='par_1_6' title="bbox 1577 607 1633 649">
     <span class='ocr_line' id='line_1_9' title="bbox 1577 607 1633 649; baseline -0.018 0"><span class='ocrx_word' id='word_1_40' title='bbox 1577 607 1633 649; x_wconf 88' lang='lat'>50</span> 
     </span>
    </p>
   </div>
   <div class='ocr_carea' id='block_1_7' title="bbox 228 676 1362 733">
    <p class='ocr_par' dir='ltr' id='par_1_7' title="bbox 228 676 1362 733">
     <span class='ocr_line' id='line_1_10' title="bbox 228 676 1362 733; baseline 0.001 -15"><span class='ocrx_word' id='word_1_41' title='bbox 228 676 313 719; x_wconf 86' lang='lat' dir='ltr'>Vel</span> <span class='ocrx_word' id='word_1_42' title='bbox 344 690 470 718; x_wconf 89' lang='lat' dir='ltr'>cursu</span> <span class='ocrx_word' id='word_1_43' title='bbox 502 690 706 732; x_wconf 84' lang='lat' dir='ltr'>superare</span> <span class='ocrx_word' id='word_1_44' title='bbox 739 690 888 719; x_wconf 87' lang='lat' dir='ltr'>canem</span> <span class='ocrx_word' id='word_1_45' title='bbox 918 676 988 719; x_wconf 85' lang='lat' dir='ltr'>vel</span> <span class='ocrx_word' id='word_1_46' title='bbox 1017 676 1179 719; x_wconf 85' lang='lat' dir='ltr'>viribus</span> <span class='ocrx_word' id='word_1_47' title='bbox 1212 691 1362 733; x_wconf 86' lang='lat' dir='ltr'>aprum</span> 
     </span>
    </p>
   </div>
   <div class='ocr_carea' id='block_1_8' title="bbox 229 747 392 789">
    <p class='ocr_par' dir='ltr' id='par_1_8' title="bbox 229 747 392 789">
     <span class='ocr_line' id='line_1_11' title="bbox 229 747 392 789; baseline 0 -1"><span class='ocrx_word' id='word_1_48' title='bbox 229 747 392 789; x_wconf 89' lang='lat' dir='ltr'>Possis.</span> 
     </span>
    </p>
   </div>
   <div class='ocr_carea' id='block_1_9' title="bbox 441 746 1324 804">
    <p class='ocr_par' dir='ltr' id='par_1_9' title="bbox 441 746 1324 804">
     <span class='ocr_line' id='line_1_12' title="bbox 441 746 1324 804; baseline 0.002 -16"><span class='ocrx_word' id='word_1_49' title='bbox 441 746 585 800; x_wconf 86' lang='lat' dir='ltr'>Adde,</span> <span class='ocrx_word' id='word_1_50' title='bbox 618 747 760 789; x_wconf 83' lang='lat' dir='ltr'>virilia</span> <span class='ocrx_word' id='word_1_51' title='bbox 791 747 904 803; x_wconf 89' lang='lat' dir='ltr'>quod</span> <span class='ocrx_word' id='word_1_52' title='bbox 936 749 1173 804; x_wconf 81' lang='lat' dir='ltr'>speciosius</span> <span class='ocrx_word' id='word_1_53' title='bbox 1205 762 1324 791; x_wconf 87' lang='lat' dir='ltr'>arma</span> 
     </span>
    </p>
   </div>
   <div class='ocr_carea' id='block_1_10' title="bbox 230 818 1514 946">
    <p class='ocr_par' dir='ltr' id='par_1_10' title="bbox 230 818 1514 946">
     <span class='ocr_line' id='line_1_13' title="bbox 230 818 1514 875; baseline 0.001 -14"><span class='ocrx_word' id='word_1_54' title='bbox 230 818 327 861; x_wconf 83' lang='lat' dir='ltr'>&#39;Non</span> <span class='ocrx_word' id='word_1_55' title='bbox 358 821 424 861; x_wconf 90' lang='lat' dir='ltr'>est</span> <span class='ocrx_word' id='word_1_56' title='bbox 456 819 528 874; x_wconf 90' lang='lat' dir='ltr'>qui</span> <span class='ocrx_word' id='word_1_57' title='bbox 559 822 736 860; x_wconf 85' lang='lat' dir='ltr'>tractet:</span> <span class='ocrx_word' id='word_1_58' title='bbox 773 842 828 848; x_wconf 83' lang='lat'>—-—</span> <span class='ocrx_word' id='word_1_59' title='bbox 861 819 965 873; x_wconf 90' lang='lat' dir='ltr'>scis,</span> <span class='ocrx_word' id='word_1_60' title='bbox 999 833 1082 875; x_wconf 94' lang='lat' dir='ltr'>quo</span> <span class='ocrx_word' id='word_1_61' title='bbox 1114 820 1300 862; x_wconf 86' lang='lat' dir='ltr'>clamore</span> <span class='ocrx_word' id='word_1_62' title='bbox 1332 833 1514 862; x_wconf 90' lang='lat' dir='ltr'>coronae</span> 
     </span>
     <span class='ocr_line' id='line_1_14' title="bbox 230 889 1472 946; baseline 0.001 -15"><span class='ocrx_word' id='word_1_63' title='bbox 230 889 402 932; x_wconf 83' lang='lat' dir='ltr'>Proelia</span> <span class='ocrx_word' id='word_1_64' title='bbox 434 890 647 932; x_wconf 80' lang='lat' dir='ltr'>sustineas</span> <span class='ocrx_word' id='word_1_65' title='bbox 681 890 960 945; x_wconf 82' lang='lat' dir='ltr'>campestria3</span> <span class='ocrx_word' id='word_1_66' title='bbox 997 914 1051 920; x_wconf 83' lang='lat'>-—</span> <span class='ocrx_word' id='word_1_67' title='bbox 1083 890 1268 946; x_wconf 89' lang='lat' dir='ltr'>denique</span> <span class='ocrx_word' id='word_1_68' title='bbox 1299 904 1472 934; x_wconf 85' lang='lat' dir='ltr'>saevam</span> 
     </span>
    </p>
   </div>
   <div class='ocr_carea' id='block_1_11' title="bbox 229 960 1246 1016">
    <p class='ocr_par' dir='ltr' id='par_1_11' title="bbox 229 960 1246 1016">
     <span class='ocr_line' id='line_1_15' title="bbox 229 960 1246 1016; baseline 0.001 -14"><span class='ocrx_word' id='word_1_69' title='bbox 229 960 429 1003; x_wconf 81' lang='lat' dir='ltr'>Militiam</span> <span class='ocrx_word' id='word_1_70' title='bbox 460 975 569 1016; x_wconf 88' lang='lat' dir='ltr'>puer</span> <span class='ocrx_word' id='word_1_71' title='bbox 600 965 644 1002; x_wconf 90' lang='lat' dir='ltr'>et</span> <span class='ocrx_word' id='word_1_72' title='bbox 676 960 935 1003; x_wconf 83' lang='lat' dir='ltr'>Cantabrica</span> <span class='ocrx_word' id='word_1_73' title='bbox 965 961 1079 1003; x_wconf 86' lang='lat' dir='ltr'>bella</span> <span class='ocrx_word' id='word_1_74' title='bbox 1109 960 1246 1003; x_wconf 82' lang='lat' dir='ltr'>tulisti</span> 
     </span>
    </p>
   </div>
   <div class='ocr_carea' id='block_1_12' title="bbox 207 1075 264 1106">
    <p class='ocr_par' dir='ltr' id='par_1_12' title="bbox 207 1075 264 1106">
     <span class='ocr_line' id='line_1_16' title="bbox 207 1075 264 1106; baseline 0 0"><span class='ocrx_word' id='word_1_75' title='bbox 207 1075 264 1106; x_wconf 86' lang='lat'>46.</span> 
     </span>
    </p>
   </div>
   <div class='ocr_carea' id='block_1_13' title="bbox 101 1162 851 2767">
    <p class='ocr_par' dir='ltr' id='par_1_13' title="bbox 101 1162 851 2767">
     <span class='ocr_line' id='line_1_17' title="bbox 112 1162 848 1207; baseline 0 -12"><span class='ocrx_word' id='word_1_76' title='bbox 112 1162 285 1207; x_wconf 89' lang='lat' dir='ltr'>„quippe</span> <span class='ocrx_word' id='word_1_77' title='bbox 325 1163 390 1206; x_wconf 92' lang='lat' dir='ltr'>qui</span> <span class='ocrx_word' id='word_1_78' title='bbox 424 1162 553 1196; x_wconf 79' lang='lat' dir='ltr'>fratris</span> <span class='ocrx_word' id='word_1_79' title='bbox 591 1162 848 1196; x_wconf 72' lang='lat' dir='ltr'>morositatem</span> 
     </span>
     <span class='ocr_line' id='line_1_18' title="bbox 110 1209 848 1254; baseline -0.001 -11"><span class='ocrx_word' id='word_1_80' title='bbox 110 1210 270 1254; x_wconf 79' lang='lat' dir='ltr'>pulchre</span> <span class='ocrx_word' id='word_1_81' title='bbox 297 1212 447 1251; x_wconf 85' lang='lat' dir='ltr'>nosset,</span> <span class='ocrx_word' id='word_1_82' title='bbox 482 1210 615 1251; x_wconf 86' lang='lat' dir='ltr'>cessit,</span> <span class='ocrx_word' id='word_1_83' title='bbox 641 1220 689 1243; x_wconf 91' lang='lat' dir='ltr'>ne</span> <span class='ocrx_word' id='word_1_84' title='bbox 715 1209 848 1253; x_wconf 88' lang='lat' dir='ltr'>impla-</span> 
     </span>
     <span class='ocr_line' id='line_1_19' title="bbox 110 1256 849 1291; baseline -0.003 0"><span class='ocrx_word' id='word_1_85' title='bbox 110 1257 234 1291; x_wconf 82' lang='lat' dir='ltr'>cabile</span> <span class='ocrx_word' id='word_1_86' title='bbox 269 1256 396 1290; x_wconf 91' lang='lat' dir='ltr'>odium</span> <span class='ocrx_word' id='word_1_87' title='bbox 430 1257 530 1290; x_wconf 89' lang='lat' dir='ltr'>inter</span> <span class='ocrx_word' id='word_1_88' title='bbox 565 1256 695 1291; x_wconf 84' lang='lat' dir='ltr'>ambos</span> <span class='ocrx_word' id='word_1_89' title='bbox 730 1257 849 1290; x_wconf 90' lang='lat' dir='ltr'>orire-</span> 
     </span>
     <span class='ocr_line' id='line_1_20' title="bbox 110 1303 850 1348; baseline -0.001 -10"><span class='ocrx_word' id='word_1_90' title='bbox 110 1305 208 1338; x_wconf 86' lang='lat' dir='ltr'>tur.“</span> <span class='ocrx_word' id='word_1_91' title='bbox 238 1322 281 1328; x_wconf 82' lang='lat'>--</span> <span class='ocrx_word' id='word_1_92' title='bbox 315 1304 514 1347; x_wconf 80' lang='lat' dir='ltr'>Amphion]</span> <span class='ocrx_word' id='word_1_93' title='bbox 550 1303 756 1348; x_wconf 86' lang='lat' dir='ltr'>Postquam</span> <span class='ocrx_word' id='word_1_94' title='bbox 792 1314 850 1337; x_wconf 86' lang='lat' dir='ltr'>re-</span> 
     </span>
     <span class='ocr_line' id='line_1_21' title="bbox 109 1349 851 1407; baseline -0.004 -21"><span class='ocrx_word' id='word_1_95' title='bbox 109 1352 264 1407; x_wconf 83' lang='lat' dir='ltr'>spondit</span> <span class='ocrx_word' id='word_1_96' title='bbox 280 1351 386 1394; x_wconf 80' lang='lat' dir='ltr'>(Eur.</span> <span class='ocrx_word' id='word_1_97' title='bbox 404 1352 464 1385; x_wconf 85' lang='lat' dir='ltr'>Fr.</span> <span class='ocrx_word' id='word_1_98' title='bbox 484 1353 539 1385; x_wconf 90' lang='lat'>30.</span> <span class='ocrx_word' id='word_1_99' title='bbox 543 1349 575 1395; x_wconf 91' lang='lat'>):</span> <span class='ocrx_word' id='word_1_100' title='bbox 605 1349 657 1384; x_wconf 89' lang='grc' dir='ltr'>Τὸ</span> <span class='ocrx_word' id='word_1_101' title='bbox 681 1350 712 1383; x_wconf 80' lang='grc' dir='ltr'>δ’</span> <span class='ocrx_word' id='word_1_102' title='bbox 730 1349 851 1384; x_wconf 80' lang='grc' dir='ltr'><em>ἀσθε-</em></span> 
     </span>
     <span class='ocr_line' id='line_1_22' title="bbox 111 1396 850 1442; baseline 0 -11"><span class='ocrx_word' id='word_1_103' title='bbox 111 1400 174 1441; x_wconf 81' lang='grc' dir='ltr'>νές</span> <span class='ocrx_word' id='word_1_104' title='bbox 197 1411 274 1442; x_wconf 84' lang='grc' dir='ltr'>μου</span> <span class='ocrx_word' id='word_1_105' title='bbox 299 1401 365 1432; x_wconf 79' lang='grc' dir='ltr'>καὶ</span> <span class='ocrx_word' id='word_1_106' title='bbox 392 1397 435 1432; x_wconf 84' lang='grc' dir='ltr'>τὸ</span> <span class='ocrx_word' id='word_1_107' title='bbox 455 1398 554 1442; x_wconf 67' lang='grc' dir='ltr'>θῆὶυ</span> <span class='ocrx_word' id='word_1_108' title='bbox 572 1396 753 1442; x_wconf 79' lang='grc' dir='ltr'>σώματος</span> <span class='ocrx_word' id='word_1_109' title='bbox 770 1399 850 1431; x_wconf 90' lang='grc' dir='ltr'>Κα-</span> 
     </span>
     <span class='ocr_line' id='line_1_23' title="bbox 111 1444 850 1501; baseline 0 -22"><span class='ocrx_word' id='word_1_110' title='bbox 111 1446 228 1488; x_wconf 60' lang='grc' dir='ltr'>κῶςς</span> <span class='ocrx_word' id='word_1_111' title='bbox 213 1446 431 1490; x_wconf 77' lang='grc' dir='ltr'>ἑμέιιφθης·</span> <span class='ocrx_word' id='word_1_112' title='bbox 457 1447 551 1479; x_wconf 83' lang='grc' dir='ltr'>καὶ</span> <span class='ocrx_word' id='word_1_113' title='bbox 541 1444 614 1501; x_wconf 58' lang='grc' dir='ltr'>μὰρ</span> <span class='ocrx_word' id='word_1_114' title='bbox 632 1448 666 1479; x_wconf 77' lang='grc' dir='ltr'>εἰ</span> <span class='ocrx_word' id='word_1_115' title='bbox 690 1450 850 1500; x_wconf 79' lang='grc' dir='ltr'><strong><em>φρονεῖν</em></strong></span> 
     </span>
     <span class='ocr_line' id='line_1_24' title="bbox 111 1490 849 1542; baseline -0.003 -15"><span class='ocrx_word' id='word_1_116' title='bbox 111 1490 199 1535; x_wconf 75' lang='grc' dir='ltr'>ἕχω</span> <span class='ocrx_word' id='word_1_117' title='bbox 225 1494 416 1542; x_wconf 76' lang='grc' dir='ltr'><em>Κοεΐσσον</em></span> <span class='ocrx_word' id='word_1_118' title='bbox 442 1490 519 1527; x_wconf 80' lang='grc' dir='ltr'><em>τόδ’</em></span> <span class='ocrx_word' id='word_1_119' title='bbox 551 1490 633 1527; x_wconf 79' lang='grc' dir='ltr'><em>’ἐστι</em></span> <span class='ocrx_word' id='word_1_120' title='bbox 662 1493 849 1540; x_wconf 76' lang='grc' dir='ltr'><em>καρτεροῦ</em></span> 
     </span>
     <span class='ocr_line' id='line_1_25' title="bbox 111 1527 849 1589; baseline 0.001 -15"><span class='ocrx_word' id='word_1_121' title='bbox 111 1527 341 1589; x_wconf 76' lang='grc' dir='ltr'><em>βραχίονος,</em></span> <span class='ocrx_word' id='word_1_122' title='bbox 383 1542 503 1586; x_wconf 82' lang='lat' dir='ltr'>lyram</span> <span class='ocrx_word' id='word_1_123' title='bbox 541 1541 611 1575; x_wconf 92' lang='lat' dir='ltr'>sub</span> <span class='ocrx_word' id='word_1_124' title='bbox 655 1541 849 1586; x_wconf 81' lang='lat' dir='ltr'>chlamyde</span> 
     </span>
     <span class='ocr_line' id='line_1_26' title="bbox 111 1588 849 1634; baseline 0 -12"><span class='ocrx_word' id='word_1_125' title='bbox 111 1589 270 1629; x_wconf 81' lang='lat' dir='ltr'>abdidit,</span> <span class='ocrx_word' id='word_1_126' title='bbox 296 1592 337 1623; x_wconf 93' lang='lat' dir='ltr'>ut</span> <span class='ocrx_word' id='word_1_127' title='bbox 363 1591 420 1623; x_wconf 88' lang='lat' dir='ltr'>est</span> <span class='ocrx_word' id='word_1_128' title='bbox 445 1589 485 1622; x_wconf 91' lang='lat' dir='ltr'>in</span> <span class='ocrx_word' id='word_1_129' title='bbox 512 1589 724 1634; x_wconf 76' lang='lat' dir='ltr'>anaglypho</span> <span class='ocrx_word' id='word_1_130' title='bbox 751 1588 849 1633; x_wconf 83' lang='lat' dir='ltr'>apud</span> 
     </span>
     <span class='ocr_line' id='line_1_27' title="bbox 110 1635 849 1671; baseline -0.001 -1"><span class='ocrx_word' id='word_1_131' title='bbox 110 1636 403 1670; x_wconf 87' lang='lat' dir='ltr'>Winckelmann</span> <span class='ocrx_word' id='word_1_132' title='bbox 421 1637 585 1671; x_wconf 76' lang='lat' dir='ltr'>Monam.</span> <span class='ocrx_word' id='word_1_133' title='bbox 602 1638 696 1669; x_wconf 75' lang='lat' dir='ltr'>ined.</span> <span class='ocrx_word' id='word_1_134' title='bbox 716 1635 800 1670; x_wconf 84' lang='lat' dir='ltr'>Vol.</span> <span class='ocrx_word' id='word_1_135' title='bbox 817 1638 849 1670; x_wconf 96' lang='grc'>2.</span> 
     </span>
     <span class='ocr_line' id='line_1_28' title="bbox 109 1696 849 1773; baseline 0 -9"><span class='ocrx_word' id='word_1_136' title='bbox 109 1696 135 1729; x_wconf 75' lang='lat' dir='ltr'>p</span> <span class='ocrx_word' id='word_1_137' title='bbox 159 1733 297 1765; x_wconf 81' lang='lat'>45-50.</span> <span class='ocrx_word' id='word_1_138' title='bbox 332 1732 486 1765; x_wconf 72' lang='lat' dir='ltr'>Lenibus</span> <span class='ocrx_word' id='word_1_139' title='bbox 511 1731 698 1773; x_wconf 82' lang='lat' dir='ltr'>imperiis]</span> <span class='ocrx_word' id='word_1_140' title='bbox 727 1729 849 1773; x_wconf 75' lang='lat' dir='ltr'>„Nam</span> 
     </span>
     <span class='ocr_line' id='line_1_29' title="bbox 112 1778 849 1822; baseline -0.003 -10"><span class='ocrx_word' id='word_1_141' title='bbox 112 1779 145 1812; x_wconf 85' lang='lat' dir='ltr'>si</span> <span class='ocrx_word' id='word_1_142' title='bbox 171 1789 258 1813; x_wconf 88' lang='lat' dir='ltr'>vere</span> <span class='ocrx_word' id='word_1_143' title='bbox 284 1779 354 1812; x_wconf 91' lang='lat' dir='ltr'>tibi</span> <span class='ocrx_word' id='word_1_144' title='bbox 381 1778 524 1812; x_wconf 87' lang='lat' dir='ltr'>amicus</span> <span class='ocrx_word' id='word_1_145' title='bbox 552 1780 626 1819; x_wconf 89' lang='lat' dir='ltr'>est,</span> <span class='ocrx_word' id='word_1_146' title='bbox 654 1788 849 1822; x_wconf 86' lang='lat' dir='ltr'>nunquam</span> 
     </span>
     <span class='ocr_line' id='line_1_30' title="bbox 112 1824 848 1869; baseline -0.001 -10"><span class='ocrx_word' id='word_1_147' title='bbox 112 1825 209 1859; x_wconf 85' lang='lat' dir='ltr'>dura</span> <span class='ocrx_word' id='word_1_148' title='bbox 249 1825 310 1859; x_wconf 81' lang='lat' dir='ltr'>vel</span> <span class='ocrx_word' id='word_1_149' title='bbox 351 1826 570 1869; x_wconf 88' lang='lat' dir='ltr'>importuna</span> <span class='ocrx_word' id='word_1_150' title='bbox 611 1827 724 1858; x_wconf 87' lang='lat' dir='ltr'>erunt</span> <span class='ocrx_word' id='word_1_151' title='bbox 765 1824 848 1858; x_wconf 89' lang='lat' dir='ltr'>eius</span> 
     </span>
     <span class='ocr_line' id='line_1_31' title="bbox 112 1871 848 1917; baseline -0.003 -11"><span class='ocrx_word' id='word_1_152' title='bbox 112 1873 235 1915; x_wconf 81' lang='lat' dir='ltr'>iussa3</span> <span class='ocrx_word' id='word_1_153' title='bbox 271 1883 345 1917; x_wconf 92' lang='lat' dir='ltr'>quo</span> <span class='ocrx_word' id='word_1_154' title='bbox 377 1872 527 1906; x_wconf 82' lang='lat' dir='ltr'>facilius</span> <span class='ocrx_word' id='word_1_155' title='bbox 554 1875 595 1905; x_wconf 84' lang='lat' dir='ltr'>tu</span> <span class='ocrx_word' id='word_1_156' title='bbox 622 1882 667 1905; x_wconf 83' lang='lat' dir='ltr'>ea</span> <span class='ocrx_word' id='word_1_157' title='bbox 692 1871 848 1915; x_wconf 84' lang='lat' dir='ltr'>exsequi</span> 
     </span>
     <span class='ocr_line' id='line_1_32' title="bbox 111 1917 848 1965; baseline -0.003 -11"><span class='ocrx_word' id='word_1_158' title='bbox 111 1921 296 1965; x_wconf 87' lang='lat' dir='ltr'>poteris.“</span> <span class='ocrx_word' id='word_1_159' title='bbox 340 1939 383 1943; x_wconf 89' lang='lat'><strong>—</strong></span> <span class='ocrx_word' id='word_1_160' title='bbox 425 1918 586 1961; x_wconf 79' lang='lat' dir='ltr'>Aetolis]</span> <span class='ocrx_word' id='word_1_161' title='bbox 632 1917 848 1963; x_wconf 83' lang='lat' dir='ltr'>„Meleager</span> 
     </span>
     <span class='ocr_line' id='line_1_33' title="bbox 109 1965 849 2012; baseline -0.004 -11"><span class='ocrx_word' id='word_1_162' title='bbox 109 1966 362 2012; x_wconf 79' lang='lat' dir='ltr'>Calydonium</span> <span class='ocrx_word' id='word_1_163' title='bbox 380 1977 512 2011; x_wconf 85' lang='lat' dir='ltr'>aprum</span> <span class='ocrx_word' id='word_1_164' title='bbox 532 1965 674 2000; x_wconf 88' lang='lat' dir='ltr'>nobilis</span> <span class='ocrx_word' id='word_1_165' title='bbox 693 1968 849 1999; x_wconf 83' lang='lat' dir='ltr'>venator</span> 
     </span>
     <span class='ocr_line' id='line_1_34' title="bbox 113 2013 850 2058; baseline -0.004 -9"><span class='ocrx_word' id='word_1_166' title='bbox 113 2015 273 2058; x_wconf 83' lang='lat' dir='ltr'>excepit.</span> <span class='ocrx_word' id='word_1_167' title='bbox 321 2014 416 2048; x_wconf 90' lang='lat' dir='ltr'>Inde</span> <span class='ocrx_word' id='word_1_168' title='bbox 443 2014 635 2058; x_wconf 83' lang='lat' dir='ltr'>epitheton</span> <span class='ocrx_word' id='word_1_169' title='bbox 660 2013 751 2047; x_wconf 88' lang='lat' dir='ltr'>fecit</span> <span class='ocrx_word' id='word_1_170' title='bbox 774 2013 850 2046; x_wconf 91' lang='lat' dir='ltr'>Ho-</span> 
     </span>
     <span class='ocr_line' id='line_1_35' title="bbox 101 2060 848 2105; baseline -0.003 -9"><span class='ocrx_word' id='word_1_171' title='bbox 101 2062 243 2103; x_wconf 11' lang='lat' dir='ltr'>iratius,</span> <span class='ocrx_word' id='word_1_172' title='bbox 270 2065 312 2095; x_wconf 89' lang='lat' dir='ltr'>ut</span> <span class='ocrx_word' id='word_1_173' title='bbox 333 2063 470 2095; x_wconf 81' lang='lat' dir='ltr'>Aetolis</span> <span class='ocrx_word' id='word_1_174' title='bbox 495 2061 638 2094; x_wconf 89' lang='lat' dir='ltr'>retibus</span> <span class='ocrx_word' id='word_1_175' title='bbox 665 2060 711 2094; x_wconf 84' lang='lat' dir='ltr'>ad</span> <span class='ocrx_word' id='word_1_176' title='bbox 737 2071 848 2105; x_wconf 87' lang='lat' dir='ltr'>apros</span> 
     </span>
     <span class='ocr_line' id='line_1_36' title="bbox 112 2108 850 2154; baseline -0.003 -11"><span class='ocrx_word' id='word_1_177' title='bbox 112 2109 221 2143; x_wconf 84' lang='lat' dir='ltr'>factis</span> <span class='ocrx_word' id='word_1_178' title='bbox 247 2108 538 2154; x_wconf 79' lang='lat' dir='ltr'>intelligamus.“</span> <span class='ocrx_word' id='word_1_179' title='bbox 577 2108 727 2142; x_wconf 77' lang='lat' dir='ltr'>PORPH.</span> <span class='ocrx_word' id='word_1_180' title='bbox 760 2109 850 2142; x_wconf 83' lang='lat' dir='ltr'>Aeo-</span> 
     </span>
     <span class='ocr_line' id='line_1_37' title="bbox 115 2155 849 2202; baseline -0.001 -13"><span class='ocrx_word' id='word_1_181' title='bbox 115 2158 172 2190; x_wconf 86' lang='lat' dir='ltr'>liis</span> <span class='ocrx_word' id='word_1_182' title='bbox 205 2156 438 2202; x_wconf 83' lang='lat' dir='ltr'>significaret</span> <span class='ocrx_word' id='word_1_183' title='bbox 470 2158 671 2199; x_wconf 74' lang='lat' dir='ltr'>Cumana83</span> <span class='ocrx_word' id='word_1_184' title='bbox 710 2155 849 2189; x_wconf 88' lang='lat' dir='ltr'>etenim</span> 
     </span>
     <span class='ocr_line' id='line_1_38' title="bbox 114 2203 848 2243; baseline -0.001 -6"><span class='ocrx_word' id='word_1_185' title='bbox 114 2205 225 2237; x_wconf 80' lang='lat' dir='ltr'>bonus</span> <span class='ocrx_word' id='word_1_186' title='bbox 248 2205 396 2237; x_wconf 76' lang='lat' dir='ltr'>Aeoliae</span> <span class='ocrx_word' id='word_1_187' title='bbox 423 2206 467 2237; x_wconf 81' lang='lat' dir='ltr'>de</span> <span class='ocrx_word' id='word_1_188' title='bbox 492 2204 590 2236; x_wconf 84' lang='lat' dir='ltr'>valle</span> <span class='ocrx_word' id='word_1_189' title='bbox 606 2203 766 2243; x_wconf 74' lang='lat' dir='ltr'>Sibyllae</span> <span class='ocrx_word' id='word_1_190' title='bbox 784 2204 848 2236; x_wconf 88' lang='lat' dir='ltr'>Fe-</span> 
     </span>
     <span class='ocr_line' id='line_1_39' title="bbox 113 2250 849 2295; baseline -0.001 -11"><span class='ocrx_word' id='word_1_191' title='bbox 113 2255 170 2284; x_wconf 80' lang='lat' dir='ltr'>tus</span> <span class='ocrx_word' id='word_1_192' title='bbox 205 2251 293 2294; x_wconf 89' lang='lat' dir='ltr'>lini,</span> <span class='ocrx_word' id='word_1_193' title='bbox 328 2254 423 2285; x_wconf 86' lang='lat' dir='ltr'>teste</span> <span class='ocrx_word' id='word_1_194' title='bbox 458 2250 588 2284; x_wconf 79' lang='lat' dir='ltr'>Gratio</span> <span class='ocrx_word' id='word_1_195' title='bbox 626 2250 765 2295; x_wconf 79' lang='lat' dir='ltr'>Cyneg.</span> <span class='ocrx_word' id='word_1_196' title='bbox 793 2252 849 2284; x_wconf 85' lang='lat'>35.</span> 
     </span>
     <span class='ocr_line' id='line_1_40' title="bbox 113 2297 850 2343; baseline -0.003 -11"><span class='ocrx_word' id='word_1_197' title='bbox 113 2298 186 2332; x_wconf 87' lang='lat' dir='ltr'>Sed</span> <span class='ocrx_word' id='word_1_198' title='bbox 228 2298 275 2332; x_wconf 86' lang='lat' dir='ltr'>ad</span> <span class='ocrx_word' id='word_1_199' title='bbox 312 2297 627 2343; x_wconf 84' lang='lat' dir='ltr'>transportandas</span> <span class='ocrx_word' id='word_1_200' title='bbox 667 2298 850 2331; x_wconf 78' lang='lat' dir='ltr'>Cumanas</span> 
     </span>
     <span class='ocr_line' id='line_1_41' title="bbox 108 2345 850 2389; baseline 0 -11"><span class='ocrx_word' id='word_1_201' title='bbox 108 2347 265 2388; x_wconf 60' lang='lat' dir='ltr'>plagas,</span> <span class='ocrx_word' id='word_1_202' title='bbox 301 2348 431 2389; x_wconf 81' lang='lat' dir='ltr'>utpote</span> <span class='ocrx_word' id='word_1_203' title='bbox 466 2345 708 2379; x_wconf 85' lang='lat' dir='ltr'>tenuissimas</span> <span class='ocrx_word' id='word_1_204' title='bbox 735 2347 772 2378; x_wconf 89' lang='lat' dir='ltr'>et</span> <span class='ocrx_word' id='word_1_205' title='bbox 797 2345 850 2378; x_wconf 90' lang='lat' dir='ltr'>le-</span> 
     </span>
     <span class='ocr_line' id='line_1_42' title="bbox 113 2391 849 2435; baseline -0.001 -9"><span class='ocrx_word' id='word_1_206' title='bbox 113 2392 286 2427; x_wconf 84' lang='lat' dir='ltr'>vissimas</span> <span class='ocrx_word' id='word_1_207' title='bbox 314 2393 435 2435; x_wconf 90' lang='lat' dir='ltr'>(Plin.</span> <span class='ocrx_word' id='word_1_208' title='bbox 460 2392 508 2425; x_wconf 88' lang='lat' dir='ltr'>H.</span> <span class='ocrx_word' id='word_1_209' title='bbox 532 2391 577 2425; x_wconf 79' lang='lat' dir='ltr'>N.</span> <span class='ocrx_word' id='word_1_210' title='bbox 606 2394 668 2434; x_wconf 80' lang='lat'>19,</span> <span class='ocrx_word' id='word_1_211' title='bbox 696 2392 764 2434; x_wconf 83' lang='grc'>2.),</span> <span class='ocrx_word' id='word_1_212' title='bbox 790 2392 849 2425; x_wconf 93' lang='lat' dir='ltr'>iu-</span> 
     </span>
     <span class='ocr_line' id='line_1_43' title="bbox 112 2440 850 2484; baseline -0.001 -11"><span class='ocrx_word' id='word_1_213' title='bbox 112 2440 252 2473; x_wconf 83' lang='lat' dir='ltr'>mentis</span> <span class='ocrx_word' id='word_1_214' title='bbox 279 2451 373 2484; x_wconf 84' lang='lat' dir='ltr'>opus</span> <span class='ocrx_word' id='word_1_215' title='bbox 400 2451 477 2474; x_wconf 89' lang='lat' dir='ltr'>non</span> <span class='ocrx_word' id='word_1_216' title='bbox 504 2442 595 2473; x_wconf 79' lang='lat' dir='ltr'>erat.</span> <span class='ocrx_word' id='word_1_217' title='bbox 623 2459 665 2462; x_wconf 80' lang='lat'><em>-</em></span> <span class='ocrx_word' id='word_1_218' title='bbox 694 2441 850 2472; x_wconf 74' lang='lat' dir='ltr'>onerata</span> 
     </span>
     <span class='ocr_line' id='line_1_44' title="bbox 111 2485 849 2530; baseline 0 -10"><span class='ocrx_word' id='word_1_219' title='bbox 111 2488 235 2529; x_wconf 63' lang='lat' dir='ltr'>plavis</span> <span class='ocrx_word' id='word_1_220' title='bbox 259 2487 438 2529; x_wconf 80' lang='lat' dir='ltr'>iumenta]</span> <span class='ocrx_word' id='word_1_221' title='bbox 466 2486 540 2520; x_wconf 85' lang='lat' dir='ltr'>Cfr.</span> <span class='ocrx_word' id='word_1_222' title='bbox 560 2485 654 2530; x_wconf 85' lang='lat' dir='ltr'>Epp.</span> <span class='ocrx_word' id='word_1_223' title='bbox 676 2489 706 2529; x_wconf 78' lang='lat'>1,</span> <span class='ocrx_word' id='word_1_224' title='bbox 734 2489 766 2529; x_wconf 84' lang='lat'>6,</span> <span class='ocrx_word' id='word_1_225' title='bbox 793 2488 849 2520; x_wconf 88' lang='grc'>58.</span> 
     </span>
     <span class='ocr_line' id='line_1_45' title="bbox 115 2534 850 2577; baseline 0 -10"><span class='ocrx_word' id='word_1_226' title='bbox 115 2553 159 2558; x_wconf 95' lang='lat'>——</span> <span class='ocrx_word' id='word_1_227' title='bbox 178 2534 417 2577; x_wconf 79' lang='lat' dir='ltr'>inhumanae]</span> <span class='ocrx_word' id='word_1_228' title='bbox 446 2544 638 2575; x_wconf 85' lang='lat' dir='ltr'>„morosae</span> <span class='ocrx_word' id='word_1_229' title='bbox 658 2537 694 2567; x_wconf 91' lang='lat' dir='ltr'>et</span> <span class='ocrx_word' id='word_1_230' title='bbox 719 2537 850 2567; x_wconf 84' lang='lat' dir='ltr'>trucu—</span> 
     </span>
     <span class='ocr_line' id='line_1_46' title="bbox 115 2581 850 2624; baseline -0.001 -9"><span class='ocrx_word' id='word_1_231' title='bbox 115 2581 240 2615; x_wconf 84' lang='lat' dir='ltr'>lentae</span> <span class='ocrx_word' id='word_1_232' title='bbox 275 2582 515 2624; x_wconf 76' lang='lat' dir='ltr'>(unleutseliq</span> <span class='ocrx_word' id='word_1_233' title='bbox 550 2581 727 2623; x_wconf 83' lang='lat' dir='ltr'>Voss.)“‚</span> <span class='ocrx_word' id='word_1_234' title='bbox 764 2591 850 2615; x_wconf 87' lang='lat' dir='ltr'>eum</span> 
     </span>
     <span class='ocr_line' id='line_1_47' title="bbox 115 2629 850 2663; baseline 0.001 -2"><span class='ocrx_word' id='word_1_235' title='bbox 115 2629 236 2663; x_wconf 90' lang='lat' dir='ltr'>omnis</span> <span class='ocrx_word' id='word_1_236' title='bbox 253 2629 362 2663; x_wconf 85' lang='lat' dir='ltr'>Musa</span> <span class='ocrx_word' id='word_1_237' title='bbox 378 2629 543 2662; x_wconf 81' lang='lat' dir='ltr'>humana</span> <span class='ocrx_word' id='word_1_238' title='bbox 570 2631 606 2662; x_wconf 88' lang='lat' dir='ltr'>et</span> <span class='ocrx_word' id='word_1_239' title='bbox 632 2629 748 2662; x_wconf 88' lang='lat' dir='ltr'>comis</span> <span class='ocrx_word' id='word_1_240' title='bbox 768 2638 850 2662; x_wconf 89' lang='lat' dir='ltr'>esse</span> 
     </span>
     <span class='ocr_line' id='line_1_48' title="bbox 114 2675 849 2718; baseline 0 -9"><span class='ocrx_word' id='word_1_241' title='bbox 114 2676 261 2710; x_wconf 83' lang='lat' dir='ltr'>debeat.</span> <span class='ocrx_word' id='word_1_242' title='bbox 294 2693 342 2700; x_wconf 81' lang='lat'><em>—-—-</em></span> <span class='ocrx_word' id='word_1_243' title='bbox 378 2675 540 2718; x_wconf 73' lang='lat' dir='ltr'>senium]</span> <span class='ocrx_word' id='word_1_244' title='bbox 582 2676 849 2717; x_wconf 85' lang='lat' dir='ltr'>morositatem,</span> 
     </span>
     <span class='ocr_line' id='line_1_49' title="bbox 114 2723 850 2767; baseline 0 -11"><span class='ocrx_word' id='word_1_245' title='bbox 114 2734 170 2767; x_wconf 86' lang='lat' dir='ltr'>pr.</span> <span class='ocrx_word' id='word_1_246' title='bbox 207 2724 330 2767; x_wconf 88' lang='lat' dir='ltr'>qualis</span> <span class='ocrx_word' id='word_1_247' title='bbox 364 2724 402 2757; x_wconf 90' lang='lat' dir='ltr'>in</span> <span class='ocrx_word' id='word_1_248' title='bbox 437 2723 592 2757; x_wconf 84' lang='lat' dir='ltr'>senibus</span> <span class='ocrx_word' id='word_1_249' title='bbox 626 2733 707 2757; x_wconf 84' lang='lat' dir='ltr'>esse</span> <span class='ocrx_word' id='word_1_250' title='bbox 742 2723 850 2757; x_wconf 87' lang='lat' dir='ltr'>solet.</span> 
     </span>
    </p>
   </div>
   <div class='ocr_carea' id='block_1_14' title="bbox 289 1073 870 1115">
    <p class='ocr_par' dir='ltr' id='par_1_14' title="bbox 289 1073 870 1115">
     <span class='ocr_line' id='line_1_50' title="bbox 289 1073 870 1115; baseline 0 -9"><span class='ocrx_word' id='word_1_251' title='bbox 289 1074 433 1115; x_wconf 75' lang='lat' dir='ltr'>Aeoliis,</span> <span class='ocrx_word' id='word_1_252' title='bbox 459 1077 502 1106; x_wconf 86' lang='lat' dir='ltr'>ut</span> <span class='ocrx_word' id='word_1_253' title='bbox 528 1073 691 1107; x_wconf 86' lang='lat' dir='ltr'>coniecit</span> <span class='ocrx_word' id='word_1_254' title='bbox 716 1073 870 1115; x_wconf 84' lang='lat' dir='ltr'>Vlitius,</span> 
     </span>
    </p>
   </div>
   <div class='ocr_carea' id='block_1_15' title="bbox 1578 962 1633 1003">
    <p class='ocr_par' dir='ltr' id='par_1_15' title="bbox 1578 962 1633 1003">
     <span class='ocr_line' id='line_1_51' title="bbox 1578 962 1633 1003; baseline 0 0"><span class='ocrx_word' id='word_1_255' title='bbox 1578 962 1633 1003; x_wconf 84' lang='lat'>55</span> 
     </span>
    </p>
   </div>
   <div class='ocr_carea' id='block_1_16' title="bbox 897 1072 1383 1118">
    <p class='ocr_par' dir='ltr' id='par_1_16' title="bbox 897 1072 1383 1118">
     <span class='ocr_line' id='line_1_52' title="bbox 897 1072 1383 1118; baseline -0.002 -11"><span class='ocrx_word' id='word_1_256' title='bbox 897 1072 988 1107; x_wconf 75' lang='lat' dir='ltr'>Coti,</span> <span class='ocrx_word' id='word_1_257' title='bbox 1014 1073 1176 1118; x_wconf 82' lang='lat' dir='ltr'>Franeq.</span> <span class='ocrx_word' id='word_1_258' title='bbox 1204 1076 1241 1108; x_wconf 86' lang='lat' dir='ltr'>et</span> <span class='ocrx_word' id='word_1_259' title='bbox 1265 1085 1322 1118; x_wconf 89' lang='lat' dir='ltr'>pr.</span> <span class='ocrx_word' id='word_1_260' title='bbox 1348 1074 1383 1107; x_wconf 90' lang='lat' dir='ltr'>d.</span> 
     </span>
    </p>
   </div>
   <div class='ocr_carea' id='block_1_17' title="bbox 895 1162 1635 2766">
    <p class='ocr_par' dir='ltr' id='par_1_17' title="bbox 895 1162 1635 2340">
     <span class='ocr_line' id='line_1_53' title="bbox 899 1162 1635 1205; baseline 0.001 -10"><span class='ocrx_word' id='word_1_261' title='bbox 899 1181 942 1186; x_wconf 77' lang='lat'>-</span> <span class='ocrx_word' id='word_1_262' title='bbox 953 1164 1147 1204; x_wconf 77' lang='lat' dir='ltr'>pulmenta</span> <span class='ocrx_word' id='word_1_263' title='bbox 1168 1163 1355 1196; x_wconf 79' lang='lat' dir='ltr'>laboribus</span> <span class='ocrx_word' id='word_1_264' title='bbox 1374 1162 1510 1205; x_wconf 81' lang='lat' dir='ltr'>empta]</span> <span class='ocrx_word' id='word_1_265' title='bbox 1530 1173 1635 1205; x_wconf 83' lang='lat' dir='ltr'>„car-</span> 
     </span>
     <span class='ocr_line' id='line_1_54' title="bbox 898 1210 1635 1254; baseline 0.001 -11"><span class='ocrx_word' id='word_1_266' title='bbox 898 1221 984 1244; x_wconf 93' lang='lat' dir='ltr'>nem</span> <span class='ocrx_word' id='word_1_267' title='bbox 1010 1210 1196 1252; x_wconf 83' lang='lat' dir='ltr'>ferarum,</span> <span class='ocrx_word' id='word_1_268' title='bbox 1229 1220 1324 1254; x_wconf 82' lang='lat' dir='ltr'>quas</span> <span class='ocrx_word' id='word_1_269' title='bbox 1357 1221 1436 1244; x_wconf 83' lang='lat' dir='ltr'>una</span> <span class='ocrx_word' id='word_1_270' title='bbox 1461 1210 1635 1244; x_wconf 85' lang='lat' dir='ltr'>confece-</span> 
     </span>
     <span class='ocr_line' id='line_1_55' title="bbox 898 1257 1635 1301; baseline 0.001 -11"><span class='ocrx_word' id='word_1_271' title='bbox 898 1257 1023 1300; x_wconf 86' lang='lat' dir='ltr'>ritis;“</span> <span class='ocrx_word' id='word_1_272' title='bbox 1059 1268 1157 1301; x_wconf 85' lang='lat' dir='ltr'>quae</span> <span class='ocrx_word' id='word_1_273' title='bbox 1183 1267 1277 1291; x_wconf 80' lang='lat' dir='ltr'>cena</span> <span class='ocrx_word' id='word_1_274' title='bbox 1308 1257 1369 1291; x_wconf 74' lang='lat' dir='ltr'>vel</span> <span class='ocrx_word' id='word_1_275' title='bbox 1397 1257 1483 1291; x_wconf 86' lang='lat' dir='ltr'>ideo</span> <span class='ocrx_word' id='word_1_276' title='bbox 1509 1257 1635 1301; x_wconf 85' lang='lat' dir='ltr'>placet</span> 
     </span>
     <span class='ocr_line' id='line_1_56' title="bbox 899 1304 1632 1349; baseline 0.001 -11"><span class='ocrx_word' id='word_1_277' title='bbox 899 1305 1160 1347; x_wconf 85' lang='lat' dir='ltr'>venatoribus,</span> <span class='ocrx_word' id='word_1_278' title='bbox 1196 1304 1299 1349; x_wconf 89' lang='lat' dir='ltr'>quod</span> <span class='ocrx_word' id='word_1_279' title='bbox 1323 1305 1478 1349; x_wconf 86' lang='lat' dir='ltr'>proprio</span> <span class='ocrx_word' id='word_1_280' title='bbox 1503 1304 1632 1339; x_wconf 87' lang='lat' dir='ltr'>labore</span> 
     </span>
     <span class='ocr_line' id='line_1_57' title="bbox 899 1351 1634 1396; baseline -0.001 -10"><span class='ocrx_word' id='word_1_281' title='bbox 899 1354 1029 1396; x_wconf 84' lang='lat' dir='ltr'>parata</span> <span class='ocrx_word' id='word_1_282' title='bbox 1055 1354 1123 1387; x_wconf 88' lang='lat' dir='ltr'>est.</span> <span class='ocrx_word' id='word_1_283' title='bbox 1162 1351 1238 1386; x_wconf 85' lang='lat' dir='ltr'>Sat.</span> <span class='ocrx_word' id='word_1_284' title='bbox 1265 1353 1298 1394; x_wconf 88' lang='grc'>2,</span> <span class='ocrx_word' id='word_1_285' title='bbox 1324 1353 1357 1394; x_wconf 89' lang='grc'>2,</span> <span class='ocrx_word' id='word_1_286' title='bbox 1384 1353 1447 1386; x_wconf 82' lang='lat'>20:</span> <span class='ocrx_word' id='word_1_287' title='bbox 1474 1353 1527 1386; x_wconf 81' lang='lat' dir='ltr'>Tu</span> <span class='ocrx_word' id='word_1_288' title='bbox 1547 1353 1634 1394; x_wconf 82' lang='lat' dir='ltr'>pul-</span> 
     </span>
     <span class='ocr_line' id='line_1_58' title="bbox 898 1399 1633 1442; baseline 0.003 -10.005"><span class='ocrx_word' id='word_1_289' title='bbox 898 1401 1083 1433; x_wconf 76' lang='lat' dir='ltr'>mentaria</span> <span class='ocrx_word' id='word_1_290' title='bbox 1125 1408 1261 1440; x_wconf 84' lang='lat' dir='ltr'>quaere</span> <span class='ocrx_word' id='word_1_291' title='bbox 1296 1400 1482 1433; x_wconf 76' lang='lat' dir='ltr'>sudando.</span> <span class='ocrx_word' id='word_1_292' title='bbox 1534 1399 1633 1442; x_wconf 86' lang='lat' dir='ltr'>„His</span> 
     </span>
     <span class='ocr_line' id='line_1_59' title="bbox 899 1446 1633 1492; baseline 0 -11"><span class='ocrx_word' id='word_1_293' title='bbox 899 1450 1026 1481; x_wconf 84' lang='lat' dir='ltr'>autem</span> <span class='ocrx_word' id='word_1_294' title='bbox 1059 1446 1352 1492; x_wconf 81' lang='lat' dir='ltr'>cogitationibus</span> <span class='ocrx_word' id='word_1_295' title='bbox 1386 1449 1423 1481; x_wconf 88' lang='lat' dir='ltr'>te</span> <span class='ocrx_word' id='word_1_296' title='bbox 1461 1447 1633 1481; x_wconf 83' lang='lat' dir='ltr'>consola-</span> 
     </span>
     <span class='ocr_line' id='line_1_60' title="bbox 900 1493 1632 1539; baseline 0.001 -11"><span class='ocrx_word' id='word_1_297' title='bbox 900 1494 1003 1536; x_wconf 90' lang='lat' dir='ltr'>bere,</span> <span class='ocrx_word' id='word_1_298' title='bbox 1030 1494 1179 1528; x_wconf 84' lang='lat' dir='ltr'>solitam</span> <span class='ocrx_word' id='word_1_299' title='bbox 1203 1494 1300 1528; x_wconf 84' lang='lat' dir='ltr'>hanc</span> <span class='ocrx_word' id='word_1_300' title='bbox 1317 1493 1435 1528; x_wconf 76' lang='lat' dir='ltr'>fuisse</span> <span class='ocrx_word' id='word_1_301' title='bbox 1461 1494 1632 1539; x_wconf 86' lang='lat' dir='ltr'>corporis</span> 
     </span>
     <span class='ocr_line' id='line_1_61' title="bbox 900 1541 1634 1585; baseline 0.001 -10"><span class='ocrx_word' id='word_1_302' title='bbox 900 1541 1206 1576; x_wconf 85' lang='lat' dir='ltr'>exercitationem</span> <span class='ocrx_word' id='word_1_303' title='bbox 1240 1541 1447 1576; x_wconf 86' lang='lat' dir='ltr'>maioribus</span> <span class='ocrx_word' id='word_1_304' title='bbox 1479 1541 1634 1585; x_wconf 88' lang='lat' dir='ltr'>nostris,</span> 
     </span>
     <span class='ocr_line' id='line_1_62' title="bbox 899 1589 1635 1631; baseline -0.001 -8"><span class='ocrx_word' id='word_1_305' title='bbox 899 1589 991 1623; x_wconf 82' lang='lat' dir='ltr'>viris</span> <span class='ocrx_word' id='word_1_306' title='bbox 1017 1592 1092 1623; x_wconf 84' lang='lat' dir='ltr'>tam</span> <span class='ocrx_word' id='word_1_307' title='bbox 1116 1589 1278 1623; x_wconf 85' lang='lat' dir='ltr'>fortibus</span> <span class='ocrx_word' id='word_1_308' title='bbox 1304 1599 1348 1622; x_wconf 88' lang='lat' dir='ltr'>ac</span> <span class='ocrx_word' id='word_1_309' title='bbox 1374 1589 1558 1631; x_wconf 87' lang='lat' dir='ltr'>strenuis,</span> <span class='ocrx_word' id='word_1_310' title='bbox 1592 1591 1635 1623; x_wconf 87' lang='lat' dir='ltr'>ut</span> 
     </span>
     <span class='ocr_line' id='line_1_63' title="bbox 900 1635 1631 1671; baseline -0.001 -1"><span class='ocrx_word' id='word_1_311' title='bbox 900 1638 1034 1671; x_wconf 83' lang='lat' dir='ltr'>contra</span> <span class='ocrx_word' id='word_1_312' title='bbox 1044 1636 1198 1671; x_wconf 83' lang='lat' dir='ltr'>Graecis</span> <span class='ocrx_word' id='word_1_313' title='bbox 1212 1636 1385 1671; x_wconf 89' lang='lat' dir='ltr'>trochum</span> <span class='ocrx_word' id='word_1_314' title='bbox 1400 1638 1438 1670; x_wconf 88' lang='lat' dir='ltr'>et</span> <span class='ocrx_word' id='word_1_315' title='bbox 1451 1635 1631 1670; x_wconf 82' lang='lat' dir='ltr'>discum.“</span> 
     </span>
     <span class='ocr_line' id='line_1_64' title="bbox 901 1683 1631 1726; baseline -0.001 -9"><span class='ocrx_word' id='word_1_316' title='bbox 901 1703 943 1708; x_wconf 93' lang='lat'>——</span> <span class='ocrx_word' id='word_1_317' title='bbox 978 1686 1155 1717; x_wconf 78' lang='lat' dir='ltr'>Romanis</span> <span class='ocrx_word' id='word_1_318' title='bbox 1195 1685 1354 1717; x_wconf 72' lang='lat' dir='ltr'>solemne</span> <span class='ocrx_word' id='word_1_319' title='bbox 1389 1684 1482 1716; x_wconf 73' lang='lat' dir='ltr'>vim‘s</span> <span class='ocrx_word' id='word_1_320' title='bbox 1519 1683 1631 1726; x_wconf 70' lang='lat' dir='ltr'>opus]</span> 
     </span>
     <span class='ocr_line' id='line_1_65' title="bbox 898 1731 1632 1776; baseline -0.001 -12"><span class='ocrx_word' id='word_1_321' title='bbox 898 1731 998 1765; x_wconf 83' lang='lat' dir='ltr'>Plin.</span> <span class='ocrx_word' id='word_1_322' title='bbox 1024 1731 1164 1776; x_wconf 88' lang='lat' dir='ltr'>Paneg.</span> <span class='ocrx_word' id='word_1_323' title='bbox 1190 1733 1255 1764; x_wconf 87' lang='lat'>81:</span> <span class='ocrx_word' id='word_1_324' title='bbox 1291 1732 1387 1764; x_wconf 75' lang='lat' dir='ltr'>otim</span> <span class='ocrx_word' id='word_1_325' title='bbox 1411 1731 1501 1764; x_wconf 79' lang='lat' dir='ltr'>haec</span> <span class='ocrx_word' id='word_1_326' title='bbox 1526 1739 1632 1772; x_wconf 69' lang='lat' dir='ltr'>empe-</span> 
     </span>
     <span class='ocr_line' id='line_1_66' title="bbox 898 1778 1633 1820; baseline -0.001 -9"><span class='ocrx_word' id='word_1_327' title='bbox 898 1780 1034 1811; x_wconf 82' lang='lat' dir='ltr'>rientia</span> <span class='ocrx_word' id='word_1_328' title='bbox 1075 1779 1290 1820; x_wconf 71' lang='lat' dir='ltr'>iuventutis,</span> <span class='ocrx_word' id='word_1_329' title='bbox 1334 1779 1424 1810; x_wconf 80' lang='lat' dir='ltr'>haec</span> <span class='ocrx_word' id='word_1_330' title='bbox 1462 1778 1633 1819; x_wconf 75' lang='lat' dir='ltr'>voluptas</span> 
     </span>
     <span class='ocr_line' id='line_1_67' title="bbox 901 1825 1634 1866; baseline 0 -9"><span class='ocrx_word' id='word_1_331' title='bbox 901 1827 1000 1865; x_wconf 81' lang='lat' dir='ltr'>erat3</span> <span class='ocrx_word' id='word_1_332' title='bbox 1033 1826 1086 1857; x_wconf 76' lang='lat' dir='ltr'>his</span> <span class='ocrx_word' id='word_1_333' title='bbox 1112 1826 1253 1858; x_wconf 76' lang='lat' dir='ltr'>artibus</span> <span class='ocrx_word' id='word_1_334' title='bbox 1285 1825 1405 1866; x_wconf 78' lang='lat' dir='ltr'>futuri</span> <span class='ocrx_word' id='word_1_335' title='bbox 1435 1825 1542 1858; x_wconf 80' lang='lat' dir='ltr'>duces</span> <span class='ocrx_word' id='word_1_336' title='bbox 1567 1826 1634 1858; x_wconf 84' lang='lat' dir='ltr'>im·</span> 
     </span>
     <span class='ocr_line' id='line_1_68' title="bbox 899 1873 1632 1914; baseline 0.001 -9"><span class='ocrx_word' id='word_1_337' title='bbox 899 1873 1119 1914; x_wconf 73' lang='lat' dir='ltr'>bachantur,</span> <span class='ocrx_word' id='word_1_338' title='bbox 1155 1874 1298 1905; x_wconf 86' lang='lat' dir='ltr'>certare</span> <span class='ocrx_word' id='word_1_339' title='bbox 1329 1880 1410 1905; x_wconf 86' lang='lat' dir='ltr'>eum</span> <span class='ocrx_word' id='word_1_340' title='bbox 1442 1873 1632 1914; x_wconf 70' lang='lat' dir='ltr'>suqacibus</span> 
     </span>
     <span class='ocr_line' id='line_1_69' title="bbox 898 1919 1631 1961; baseline 0.003 -10"><span class='ocrx_word' id='word_1_341' title='bbox 898 1920 986 1960; x_wconf 72' lang='lat' dir='ltr'>seris</span> <span class='ocrx_word' id='word_1_342' title='bbox 1009 1927 1130 1961; x_wconf 83' lang='lat' dir='ltr'>cursu,</span> <span class='ocrx_word' id='word_1_343' title='bbox 1157 1927 1238 1952; x_wconf 88' lang='lat' dir='ltr'>cum</span> <span class='ocrx_word' id='word_1_344' title='bbox 1265 1919 1465 1953; x_wconf 79' lang='lat' dir='ltr'>audacibus</span> <span class='ocrx_word' id='word_1_345' title='bbox 1490 1921 1631 1961; x_wconf 78' lang='lat' dir='ltr'>robore,</span> 
     </span>
     <span class='ocr_line' id='line_1_70' title="bbox 899 1967 1633 2000; baseline 0.001 -1"><span class='ocrx_word' id='word_1_346' title='bbox 899 1975 980 1999; x_wconf 85' lang='lat' dir='ltr'>eum</span> <span class='ocrx_word' id='word_1_347' title='bbox 1021 1967 1165 2000; x_wconf 74' lang='lat' dir='ltr'>callidis</span> <span class='ocrx_word' id='word_1_348' title='bbox 1203 1969 1312 1999; x_wconf 80' lang='lat' dir='ltr'>astu.-</span> <span class='ocrx_word' id='word_1_349' title='bbox 1352 1974 1417 2000; x_wconf 74' lang='lat' dir='ltr'>nec</span> <span class='ocrx_word' id='word_1_350' title='bbox 1452 1967 1633 2000; x_wconf 78' lang='lat' dir='ltr'>mediocre</span> 
     </span>
     <span class='ocr_line' id='line_1_71' title="bbox 895 2015 1633 2055; baseline 0 -8"><span class='ocrx_word' id='word_1_351' title='bbox 895 2015 998 2055; x_wconf 78' lang='lat' dir='ltr'>pacis</span> <span class='ocrx_word' id='word_1_352' title='bbox 1016 2016 1122 2047; x_wconf 82' lang='lat' dir='ltr'>decus</span> <span class='ocrx_word' id='word_1_353' title='bbox 1135 2015 1339 2047; x_wconf 80' lang='lat' dir='ltr'>habebatur</span> <span class='ocrx_word' id='word_1_354' title='bbox 1350 2015 1518 2055; x_wconf 75' lang='lat' dir='ltr'>submota</span> <span class='ocrx_word' id='word_1_355' title='bbox 1537 2022 1633 2047; x_wconf 81' lang='lat' dir='ltr'>eam-</span> 
     </span>
     <span class='ocr_line' id='line_1_72' title="bbox 895 2062 1634 2103; baseline 0.001 -9"><span class='ocrx_word' id='word_1_356' title='bbox 895 2062 954 2102; x_wconf 81' lang='lat' dir='ltr'>pis</span> <span class='ocrx_word' id='word_1_357' title='bbox 987 2062 1145 2103; x_wconf 80' lang='lat' dir='ltr'>irruptio</span> <span class='ocrx_word' id='word_1_358' title='bbox 1177 2063 1345 2103; x_wconf 87' lang='lat' dir='ltr'>serarum</span> <span class='ocrx_word' id='word_1_359' title='bbox 1380 2064 1412 2094; x_wconf 87' lang='lat' dir='ltr'>et</span> <span class='ocrx_word' id='word_1_360' title='bbox 1450 2062 1634 2095; x_wconf 68' lang='lat' dir='ltr'>obsidione</span> 
     </span>
     <span class='ocr_line' id='line_1_73' title="bbox 900 2109 1634 2150; baseline 0.001 -9"><span class='ocrx_word' id='word_1_361' title='bbox 900 2109 1061 2149; x_wconf 82' lang='lat' dir='ltr'>quadam</span> <span class='ocrx_word' id='word_1_362' title='bbox 1088 2109 1261 2142; x_wconf 72' lang='lat' dir='ltr'>liberatus</span> <span class='ocrx_word' id='word_1_363' title='bbox 1292 2109 1493 2150; x_wconf 70' lang='lat' dir='ltr'>aqrestium</span> <span class='ocrx_word' id='word_1_364' title='bbox 1519 2110 1634 2142; x_wconf 88' lang='lat' dir='ltr'>labor.</span> 
     </span>
     <span class='ocr_line' id='line_1_74' title="bbox 901 2155 1634 2200; baseline 0.001 -12"><span class='ocrx_word' id='word_1_365' title='bbox 901 2175 943 2179; x_wconf 87' lang='grc'>-</span> <span class='ocrx_word' id='word_1_366' title='bbox 969 2157 1060 2189; x_wconf 88' lang='lat' dir='ltr'>utile</span> <span class='ocrx_word' id='word_1_367' title='bbox 1085 2156 1229 2198; x_wconf 78' lang='lat' dir='ltr'>famae]</span> <span class='ocrx_word' id='word_1_368' title='bbox 1267 2157 1422 2200; x_wconf 89' lang='lat' dir='ltr'>propter</span> <span class='ocrx_word' id='word_1_369' title='bbox 1446 2155 1484 2189; x_wconf 87' lang='lat' dir='ltr'>id</span> <span class='ocrx_word' id='word_1_370' title='bbox 1509 2156 1634 2200; x_wconf 88' lang='lat' dir='ltr'>ipsum</span> 
     </span>
     <span class='ocr_line' id='line_1_75' title="bbox 900 2203 1630 2247; baseline 0.001 -11"><span class='ocrx_word' id='word_1_371' title='bbox 900 2203 1001 2247; x_wconf 89' lang='lat' dir='ltr'>quod</span> <span class='ocrx_word' id='word_1_372' title='bbox 1018 2203 1196 2237; x_wconf 88' lang='lat' dir='ltr'>assiduus</span> <span class='ocrx_word' id='word_1_373' title='bbox 1213 2205 1369 2237; x_wconf 80' lang='lat' dir='ltr'>venator</span> <span class='ocrx_word' id='word_1_374' title='bbox 1387 2203 1567 2237; x_wconf 85' lang='lat' dir='ltr'>abhorret</span> <span class='ocrx_word' id='word_1_375' title='bbox 1583 2203 1630 2237; x_wconf 86' lang='lat' dir='ltr'>ab</span> 
     </span>
     <span class='ocr_line' id='line_1_76' title="bbox 900 2250 1634 2294; baseline 0.001 -11"><span class='ocrx_word' id='word_1_376' title='bbox 900 2251 999 2284; x_wconf 92' lang='lat' dir='ltr'>omni</span> <span class='ocrx_word' id='word_1_377' title='bbox 1024 2251 1202 2293; x_wconf 85' lang='lat' dir='ltr'>mollitie3</span> <span class='ocrx_word' id='word_1_378' title='bbox 1230 2260 1392 2294; x_wconf 84' lang='lat' dir='ltr'>„corpus</span> <span class='ocrx_word' id='word_1_379' title='bbox 1417 2250 1542 2293; x_wconf 85' lang='lat' dir='ltr'>item“,</span> <span class='ocrx_word' id='word_1_380' title='bbox 1568 2250 1634 2285; x_wconf 62' lang='grc' dir='ltr'>δᾶ·</span> 
     </span>
     <span class='ocr_line' id='line_1_77' title="bbox 899 2297 1442 2340; baseline 0 -9"><span class='ocrx_word' id='word_1_381' title='bbox 899 2297 965 2340; x_wconf 89' lang='lat' dir='ltr'>dit,</span> <span class='ocrx_word' id='word_1_382' title='bbox 993 2298 1163 2340; x_wconf 83' lang='lat' dir='ltr'>„venatio</span> <span class='ocrx_word' id='word_1_383' title='bbox 1190 2297 1442 2332; x_wconf 84' lang='lat' dir='ltr'>corroborat.“</span> 
     </span>
    </p>

    <p class='ocr_par' dir='ltr' id='par_1_18' title="bbox 896 2344 1634 2766">
     <span class='ocr_line' id='line_1_78' title="bbox 947 2344 1632 2389; baseline 0 -11"><span class='ocrx_word' id='word_1_384' title='bbox 947 2347 1069 2379; x_wconf 79' lang='lat'><strong>53-57.</strong></span> <span class='ocrx_word' id='word_1_385' title='bbox 1094 2346 1173 2386; x_wconf 75' lang='lat' dir='ltr'>scis,</span> <span class='ocrx_word' id='word_1_386' title='bbox 1200 2354 1269 2385; x_wconf 83' lang='lat' dir='ltr'>quo</span> <span class='ocrx_word' id='word_1_387' title='bbox 1297 2345 1381 2388; x_wconf 63' lang='lat' dir='ltr'>cet]</span> <span class='ocrx_word' id='word_1_388' title='bbox 1409 2344 1530 2387; x_wconf 83' lang='lat' dir='ltr'>„Scis,</span> <span class='ocrx_word' id='word_1_389' title='bbox 1556 2354 1632 2389; x_wconf 88' lang='lat' dir='ltr'>quo</span> 
     </span>
     <span class='ocr_line' id='line_1_79' title="bbox 900 2391 1633 2436; baseline -0.003 -10"><span class='ocrx_word' id='word_1_390' title='bbox 900 2395 1153 2436; x_wconf 86' lang='lat' dir='ltr'>spectatorum</span> <span class='ocrx_word' id='word_1_391' title='bbox 1172 2392 1230 2435; x_wconf 81' lang='lat' dir='ltr'>(A.</span> <span class='ocrx_word' id='word_1_392' title='bbox 1248 2391 1289 2425; x_wconf 89' lang='lat' dir='ltr'>P.</span> <span class='ocrx_word' id='word_1_393' title='bbox 1309 2392 1403 2434; x_wconf 88' lang='lat'>381.)</span> <span class='ocrx_word' id='word_1_394' title='bbox 1429 2392 1567 2436; x_wconf 85' lang='lat' dir='ltr'>plausu</span> <span class='ocrx_word' id='word_1_395' title='bbox 1591 2392 1633 2424; x_wconf 90' lang='lat' dir='ltr'>in</span> 
     </span>
     <span class='ocr_line' id='line_1_80' title="bbox 901 2439 1632 2484; baseline -0.001 -11"><span class='ocrx_word' id='word_1_396' title='bbox 901 2440 1039 2484; x_wconf 84' lang='lat' dir='ltr'>Campo</span> <span class='ocrx_word' id='word_1_397' title='bbox 1057 2439 1191 2473; x_wconf 86' lang='lat' dir='ltr'>Martio</span> <span class='ocrx_word' id='word_1_398' title='bbox 1219 2441 1255 2473; x_wconf 88' lang='lat' dir='ltr'>te</span> <span class='ocrx_word' id='word_1_399' title='bbox 1274 2449 1449 2473; x_wconf 81' lang='lat' dir='ltr'>exerceas</span> <span class='ocrx_word' id='word_1_400' title='bbox 1475 2439 1632 2473; x_wconf 87' lang='lat' dir='ltr'>batuen-</span> 
     </span>
     <span class='ocr_line' id='line_1_81' title="bbox 900 2486 1632 2530; baseline -0.003 -9"><span class='ocrx_word' id='word_1_401' title='bbox 900 2487 946 2521; x_wconf 92' lang='lat' dir='ltr'>do</span> <span class='ocrx_word' id='word_1_402' title='bbox 966 2489 1003 2521; x_wconf 90' lang='lat' dir='ltr'>et</span> <span class='ocrx_word' id='word_1_403' title='bbox 1019 2487 1097 2530; x_wconf 84' lang='lat' dir='ltr'>pila</span> <span class='ocrx_word' id='word_1_404' title='bbox 1113 2486 1321 2520; x_wconf 84' lang='lat' dir='ltr'>iaciend0.“</span> <span class='ocrx_word' id='word_1_405' title='bbox 1349 2487 1500 2520; x_wconf 83' lang='lat' dir='ltr'>Proelia</span> <span class='ocrx_word' id='word_1_406' title='bbox 1516 2486 1632 2530; x_wconf 86' lang='lat' dir='ltr'>igitur</span> 
     </span>
     <span class='ocr_line' id='line_1_82' title="bbox 900 2533 1632 2576; baseline -0.001 -9"><span class='ocrx_word' id='word_1_407' title='bbox 900 2535 1117 2576; x_wconf 80' lang='lat' dir='ltr'>campestria</span> <span class='ocrx_word' id='word_1_408' title='bbox 1136 2536 1224 2567; x_wconf 88' lang='lat' dir='ltr'>sunt</span> <span class='ocrx_word' id='word_1_409' title='bbox 1243 2534 1451 2567; x_wconf 82' lang='lat' dir='ltr'>certamina</span> <span class='ocrx_word' id='word_1_410' title='bbox 1475 2533 1632 2574; x_wconf 82' lang='lat' dir='ltr'>ludicra,</span> 
     </span>
     <span class='ocr_line' id='line_1_83' title="bbox 901 2579 1631 2625; baseline -0.003 -10"><span class='ocrx_word' id='word_1_411' title='bbox 901 2592 997 2625; x_wconf 82' lang='lat' dir='ltr'>quae</span> <span class='ocrx_word' id='word_1_412' title='bbox 1031 2581 1071 2614; x_wconf 91' lang='lat' dir='ltr'>in</span> <span class='ocrx_word' id='word_1_413' title='bbox 1099 2580 1237 2625; x_wconf 84' lang='lat' dir='ltr'>Campo</span> <span class='ocrx_word' id='word_1_414' title='bbox 1264 2581 1562 2614; x_wconf 84' lang='lat' dir='ltr'>committuntur.</span> <span class='ocrx_word' id='word_1_415' title='bbox 1587 2579 1631 2613; x_wconf 80' lang='lat' dir='ltr'>A.</span> 
     </span>
     <span class='ocr_line' id='line_1_84' title="bbox 899 2628 1632 2669; baseline -0.001 -9"><span class='ocrx_word' id='word_1_416' title='bbox 899 2629 940 2661; x_wconf 92' lang='lat' dir='ltr'>P.</span> <span class='ocrx_word' id='word_1_417' title='bbox 974 2630 1062 2662; x_wconf 82' lang='lat'><strong>379:</strong></span> <span class='ocrx_word' id='word_1_418' title='bbox 1099 2629 1239 2661; x_wconf 87' lang='lat' dir='ltr'>Ludere</span> <span class='ocrx_word' id='word_1_419' title='bbox 1273 2629 1336 2668; x_wconf 82' lang='lat' dir='ltr'>qui</span> <span class='ocrx_word' id='word_1_420' title='bbox 1367 2628 1496 2669; x_wconf 77' lang='lat' dir='ltr'>nescit,</span> <span class='ocrx_word' id='word_1_421' title='bbox 1535 2635 1632 2660; x_wconf 84' lang='lat' dir='ltr'>cam-</span> 
     </span>
     <span class='ocr_line' id='line_1_85' title="bbox 896 2675 1633 2717; baseline -0.001 -9"><span class='ocrx_word' id='word_1_422' title='bbox 896 2677 1079 2717; x_wconf 74' lang='lat' dir='ltr'>pestribus</span> <span class='ocrx_word' id='word_1_423' title='bbox 1112 2676 1266 2708; x_wconf 79' lang='lat' dir='ltr'>abstinet</span> <span class='ocrx_word' id='word_1_424' title='bbox 1299 2675 1423 2708; x_wconf 71' lang='lat' dir='ltr'>armis.</span> <span class='ocrx_word' id='word_1_425' title='bbox 1451 2693 1492 2697; x_wconf 91' lang='lat'><em>-</em></span> <span class='ocrx_word' id='word_1_426' title='bbox 1525 2675 1633 2707; x_wconf 72' lang='lat' dir='ltr'>susti-</span> 
     </span>
     <span class='ocr_line' id='line_1_86' title="bbox 900 2721 1634 2766; baseline -0.004 -10"><span class='ocrx_word' id='word_1_427' title='bbox 900 2723 1002 2765; x_wconf 76' lang='lat' dir='ltr'>neas]</span> <span class='ocrx_word' id='word_1_428' title='bbox 1030 2721 1114 2756; x_wconf 83' lang='lat' dir='ltr'>vid.</span> <span class='ocrx_word' id='word_1_429' title='bbox 1141 2722 1187 2756; x_wconf 83' lang='lat' dir='ltr'>ad</span> <span class='ocrx_word' id='word_1_430' title='bbox 1204 2722 1297 2766; x_wconf 84' lang='lat' dir='ltr'>Epp.</span> <span class='ocrx_word' id='word_1_431' title='bbox 1317 2723 1349 2763; x_wconf 87' lang='grc'>2,</span> <span class='ocrx_word' id='word_1_432' title='bbox 1377 2723 1409 2763; x_wconf 89' lang='grc'>1,</span> <span class='ocrx_word' id='word_1_433' title='bbox 1437 2723 1469 2755; x_wconf 92' lang='lat'>1.</span> <span class='ocrx_word' id='word_1_434' title='bbox 1485 2729 1634 2755; x_wconf 79' lang='lat' dir='ltr'>saevam</span> 
     </span>
    </p>
   </div>
   <div class='ocr_carea' id='block_1_18' title="bbox 1576 244 1693 295">
    <p class='ocr_par' dir='ltr' id='par_1_19' title="bbox 1576 244 1693 295">
     <span class='ocr_line' id='line_1_87' title="bbox 1576 244 1693 295; baseline 0.009 -1"><span class='ocrx_word' id='word_1_435' title='bbox 1576 244 1693 295; x_wconf 71' lang='lat'>45‘</span> 
     </span>
    </p>
   </div>
  </div>
 </body>
</html>
