1774 2930
613 172 707 207 Lm.
729 172 779 207 ιι.
828 155 981 206 amsi.
1004 169 1035 203 1.

1495 167 1581 208 411

186 277 367 319 Plautus
398 274 453 318 ad
483 235 703 330 exemplar
734 271 866 314 Siculi
897 283 1128 327 properare
1157 267 1425 325 Epicharmi,

186 346 369 389 Vincere
401 344 614 388 Caecilius
647 342 875 399 gravitate,
909 340 1139 383 Terentius
1172 343 1278 381 arte.

185 416 279 459 Hos
310 414 463 459 ediscit
493 418 536 458 et
565 414 645 456 hos
677 416 769 455 arto
801 412 959 468 stipata
987 411 1156 452 theatro

1529 407 1587 448 60

188 486 362 544 Spectat
389 486 530 528 Roma
559 488 742 541 potens,
773 482 905 525 habet
934 481 1013 523 hos
1043 483 1324 535 numeratque
1354 481 1505 535 poetas

185 556 256 599 Ad
284 560 477 599 nostrum
507 559 676 611 tempus
705 553 805 596 Livi
836 552 1054 608 scriptoris
1085 551 1139 593 ab
1172 564 1291 593 aevo.

73 708 300 754 expresserit
330 707 496 750 Atticos3
530 708 633 741 hunc
665 706 706 739 in
735 704 800 739 At-

69 755 144 790 tico
170 765 343 790 sermone
369 765 549 789 summam
575 753 799 798 elegantiam

69 805 312 837 consecutum
330 813 425 844 esse,
441 801 578 835 illum
567 811 608 834 ιιι
626 800 797 834 Latino-‘⁶

68 849 114 882 In
130 860 245 893 prosa
261 860 316 883 or.
333 849 491 882 fortasse
516 847 689 881 dixisset:
715 855 799 879 con-

68 899 224 930 ventura
252 897 374 937 faisse.
401 914 445 920 -—
470 893 698 936 Menandro]
722 892 799 926 Me-

69 942 214 976 nander
249 945 361 986 poeta
393 942 551 976 eximius
585 939 798 975 comoediae

69 1000 207 1032 novae,
248 989 359 1023 cuius
394 990 616 1034 arguments
653 987 700 1022 ad
738 997 798 1020 res

68 1036 231 1079 privatas
255 1036 514 1080 pertinebant,
546 1037 657 1068 natus
684 1036 740 1068 est
765 1044 798 1067 a.

69 1085 163 1126 342„
186 1085 357 1116 mortuus
382 1093 415 1116 a.
441 1084 520 1116 291.
547 1092 580 1115 a.
608 1081 695 1115 Chr.

116 1130 174 1163 58.
206 1128 384 1172 Plautus]
419 1128 461 1163 Τ.
492 1127 659 1162 Maccius
686 1127 797 1162 Plau-

0 1168 14 1211 ,ἶ
67 1178 140 1218 tus,
166 1175 351 1219 Sarsinas,
373 1178 543 1210 mortuus
561 1186 594 1209 a.
612 1186 648 1208 u.
668 1185 698 1208 c.
717 1176 798 1208 570.

3 1242 15 1245 -κ
67 1221 291 1257 versiculus
308 1223 389 1267 ipse
405 1233 473 1267 per
492 1233 531 1256 se
549 1221 798 1256 difficillimus

70 1271 127 1303 est
158 1269 367 1314 explicatu,
402 1269 493 1313 quia
524 1279 594 1302 nos
623 1268 798 1302 Plautum

68 1326 154 1349 cum
177 1315 403 1360 Epicharmo
439 1315 667 1349 contendere
692 1315 798 1348 nullo

69 1362 179 1396 modo
211 1373 423 1407 possumus.
471 1362 609 1396 Dicere
641 1362 712 1395 hoc
746 1362 800 1394 vi-

69 1408 201 1443 detur:
228 1409 375 1453 „Plauti
401 1409 614 1443 comoediae
641 1409 797 1442 maxime

70 1458 160 1489 sunt
189 1456 370 1490 motoriae
403 1459 459 1498 et,
492 1459 534 1489 ut
566 1455 709 1494 invalio
736 1466 799 1500 ge-

71 1512 163 1536 nere
186 1502 392 1544 Homerus,
418 1504 472 1537 sic
495 1503 561 1536 ille
584 1500 726 1543 semper
750 1504 804 1536 aa

74 1551 241 1582 eventum
265 1551 413 1591 festinat
437 1550 495 1591 (A.
511 1549 553 1582 P.
572 1550 688 1592 14⁸·3)
710 1557 799 1590 pro-

66 1598 175 1636 perat
196 1596 331 1641 igitur,
364 1599 407 1630 ut
438 1595 569 1641 rapido
593 1606 798 1650 progressu

69 1641 117 1675 ad
139 1642 291 1677 fabulae
315 1639 500 1688 cuiusque
523 1640 799 1689 καταστοοφήν

0 1708 5 1716 ·
69 1690 276 1733 perveniat,
300 1701 424 1737 neque
442 1700 610 1734 unquam
626 1690 668 1723 in
685 1690 798 1723 rebus

0 1747 10 1775 1⁷,
69 1735 227 1770 minutis
259 1730 491 1772 immorando
525 1736 689 1770 retardat
715 1747 798 1781 spe-

4 1782 9 1786 ’
68 1784 256 1818 ctatorem.
261 1784 278 1802 ⁸
305 1783 350 1817 V.
366 1792 568 1826 properare
592 1783 709 1828 igitur
734 1783 798 1817 ab·

69 1829 191 1864 solute
213 1831 378 1874 positum
403 1833 478 1874 est3
512 1841 569 1864 W.
599 1832 723 1864 autem
750 1832 799 1865 ad

69 1878 257 1918 exemplar
289 1888 334 1911 ex
358 1876 493 1911 Latina
522 1877 798 1911 consuetudine

69 1922 302 1968 significant,
336 1924 436 1968 quod
460 1925 584 1957 minus
613 1927 715 1958 recte
740 1935 799 1958 re-

69 1969 256 2003 centiores
280 1969 411 2004 dicunt
440 1972 656 2012 seeundum,
691 1972 799 2004 iuxta

70 2017 271 2056 exemplar.
307 2035 349 2040 -—
386 2018 500 2050 Sicuti
524 2034 539 2041 -
563 2018 798 2060 Epicharmi]

70 2060 221 2095 Siculus
259 2062 421 2104 dicitur,
458 2063 547 2107 quia
581 2064 643 2096 vix
676 2064 799 2097 trime-

69 2107 159 2141 stris
196 2118 217 2141 e
252 2110 377 2153 patria
412 2110 452 2142 in
478 2109 646 2143 Siciliam
681 2110 797 2143 venit.

68 2153 138 2187 Est
160 2155 260 2188 enim
284 2156 325 2188 in
349 2155 475 2190 insula
500 2155 551 2190 Co
577 2158 708 2197 natus,
737 2167 798 2190 ae-

70 2201 194 2244 qualis
233 2201 398 2236 Pindaro
446 2205 560 2247 atque
598 2181 797 2247 Aeschylo.

69 2245 195 2281 Vitam
226 2248 402 2292 produxit
432 2260 554 2294 usque
579 2249 626 2283 ad
651 2252 797 2293 tempus

68 2293 248 2329 Hieronis
273 2295 423 2340 tyranni
449 2307 482 2330 a.
508 2298 594 2330 ante
613 2295 698 2329 Chr.
717 2298 797 2329 477.

117 2342 174 2375 59.
208 2343 405 2386 Caecilius]
439 2342 480 2377 C.
506 2342 692 2376 Caecilius
719 2342 799 2377 Sta-

70 2386 158 2430 tius,
182 2388 335 2423 natione
360 2389 521 2424 Insuber
546 2389 690 2432 Gallus,
720 2400 798 2423 ser-

68 2444 138 2468 vus
163 2445 320 2480 genere,
345 2436 460 2470 Ennii
483 2436 699 2478 familiaris,
730 2447 798 2480 po-

68 2481 227 2517 steriore
258 2485 365 2526 parte
399 2483 519 2517 seculi
550 2483 703 2517 Romari
734 2483 796 2517 VI.

68 2527 198 2562 floruit
221 2532 259 2563 et
282 2539 381 2564 anno
406 2533 492 2574 post
507 2528 623 2563 Ennii
641 2530 796 2573 obitum,

70 2584 104 2607 a.
121 2585 158 2608 u.
184 2585 215 2608 c.
241 2578 333 2622 586„
357 2579 529 2611 mortuus
554 2579 620 2611 est.
648 2576 723 2611 Cic.
750 2577 796 2611 de

72 2622 146 2664 opt.
170 2632 253 2666 gen.
279 2623 350 2656 dic.
376 2626 393 2656 1
409 2649 418 2666 ,
444 2626 484 2658 2:
513 2624 593 2657 licet
618 2625 737 2657 dicere
762 2627 796 2657 et

70 2667 230 2701 Enniimi
259 2678 438 2703 summum
470 2672 608 2712 epicum
639 2672 794 2712 pucilam,

70 2713 104 2746 si
142 2715 200 2747 eui
233 2716 287 2749 ita
321 2718 484 2760 videtur,
522 2720 554 2750 et
595 2719 795 2751 Pacuvium

849 706 1032 746 travicum
1058 706 1092 737 et
1118 703 1315 737 Caeciliam
1344 703 1501 743 fortasse
1527 710 1587 734 co-

847 753 993 785 micum.
1042 750 1116 785 Sed
1148 750 1248 783 idem
1285 748 1333 783 ad
1366 750 1440 782 Att.
1474 750 1515 790 7,
1551 750 1586 791 3,

850 801 913 832 10:
956 799 1076 831 matus
1114 798 1244 830 auctor
1277 797 1486 830 Latinitatis
1522 798 1584 828 est.

848 845 1045 879 Volcatius
1095 843 1286 888 Sedigitas
1336 842 1437 887 apud
1486 841 1584 876 Gell.

850 895 914 934 15,
952 894 1021 925 24:
1063 892 1220 924 Caecilio
1256 891 1425 931 palmam
1461 892 1588 922 statuo

846 940 1010 973 dandam
1038 939 1192 974 comico:
1224 938 1380 970 Plautus
1405 937 1585 970 secundus

846 987 958 1028 [acite
1006 987 1203 1026 exsuperat
1252 987 1400 1017 ceteros.
1460 982 1583 1017 Varro

846 1033 948 1076 apud
979 1031 1074 1066 Non.
1108 1031 1148 1064 in
1182 1041 1216 1064 v.
1251 1032 1403 1064 Poscere
1435 1041 1471 1074 p.
1502 1031 1583 1063 3⁷4.

846 1079 914 1113 M:
956 1081 1003 1112 In
1038 1080 1263 1119 armamentis
1302 1078 1478 1111 Caecilius
1516 1086 1585 1118 po-

845 1128 911 1160 scit
943 1127 1126 1168 palmam,
1163 1126 1202 1158 in
1237 1126 1348 1158 ethesi
1381 1125 1582 1166 Terentius,

847 1175 885 1206 in
918 1174 1143 1206 sermonibus
1178 1173 1343 1205 Plautus.
1371 1190 1413 1195 —
1452 1173 1589 1204 Teren·

848 1221 942 1263 tius]
975 1220 1016 1252 P.
1052 1219 1254 1252 Terentius
1289 1218 1381 1251 Afer
1423 1218 1586 1251 Kartha·

847 1268 935 1311 gine
969 1270 1081 1300 natus
1114 1277 1147 1300 a.
1172 1277 1210 1298 u.
1237 1276 1268 1299 c.
1294 1267 1376 1299 559.
1410 1267 1583 1299 mortuus

848 1317 905 1347 est
946 1313 986 1346 in
1028 1313 1190 1346 Arcadia
1229 1323 1262 1346 a.
1305 1314 1390 1346 595.
1440 1312 1496 1345 De
1538 1322 1585 1345 eo

847 1360 1028 1394 Afranius
1062 1360 1163 1404 apud
1189 1358 1342 1393 Sueton.
1393 1358 1470 1392 Vit.
1497 1358 1582 1392 Ter.

847 1410 880 1441 5.
930 1408 1094 1440 Terentio
1150 1415 1224 1439 non
1277 1406 1431 1439 similem
1486 1407 1585 1439 dices

848 1456 1065 1495 (lammam.
1115 1453 1255 1487 Contra
1287 1453 1504 1486 Volcatius:
1543 1454 1584 1485 in

846 1503 948 1534 sexto
981 1502 1144 1541 sequitur
1175 1501 1238 1533 hos
1276 1501 1353 1533 loco
1379 1500 1582 1533 Terentius.

850 1567 892 1571 —
918 1547 1121 1590 oravitate]
1152 1547 1423 1581 sententiarum
1450 1547 1582 1590 impri-

846 1595 931 1637 mis,
948 1595 1087 1639 quibus
1107 1590 1215 1637 πάθη
1242 1594 1437 1636 excitabat,
1463 1594 1586 1627 Nach-

847 1643 973 1675 druck.

895 1689 1014 1722 60-62.
1041 1688 1139 1731 arto]
1155 1691 1309 1732 propter
1328 1690 1583 1732 spectatorum

846 1734 1140 1769 multitudinem.
1166 1735 1242 1768 Cfr.
1268 1735 1362 1779 Epp.
1383 1737 1414 1776 1,
1434 1737 1490 1776 19,
1515 1736 1583 1767 41:

846 1783 968 1823 spissis
993 1800 1009 1806 -
1034 1783 1198 1815 theatris.
1226 1801 1269 1805 -
1297 1782 1443 1824 ediscit]
1488 1781 1585 1823 „fre-

848 1832 1008 1873 quenter
1034 1832 1072 1863 et
1095 1829 1256 1874 legendo
1279 1832 1316 1862 et
1341 1828 1581 1872 spectando.“

846 1875 947 1910 Vera
980 1879 1105 1910 autem
1130 1877 1246 1917 ratio,
1284 1885 1352 1909 cur
1384 1878 1585 1919 tantopere

847 1926 1062 1957 amarentur
1088 1934 1110 1956 a
1133 1923 1275 1967 populo
1301 1924 1454 1966 poetae,
1485 1933 1582 1966 quos

848 1973 1061 2011 enumerat,
1098 1970 1190 2003 haec
1225 1972 1324 2011 erat,
1361 1969 1464 2014 quod
1496 1972 1585 2012 post

847 2016 1003 2050 Accium
1028 2017 1239 2061 tragoedia,
1272 2019 1358 2060 post
1380 2016 1596 2049 Afranium·

849 2063 1041 2096 comoedia
1065 2063 1201 2096 Latina
1226 2063 1483 2107 degeneraret,
1508 2072 1582 2095 nec

847 2120 890 2142 eo
917 2119 993 2153 quo
1012 2110 1164 2153 scripsit
1181 2113 1348 2152 tempore
1366 2109 1446 2142 ulla
1462 2119 1582 2153 prope

846 2155 974 2189 fabula
997 2167 1088 2189 vera
1113 2155 1224 2189 laude
1247 2156 1363 2200 digna
1386 2155 1584 2199 prodierat

846 2205 997 2246 praeter
1028 2202 1134 2236 Varii
1169 2202 1380 2247 Thyestem.
1408 2221 1450 2225 ——
1478 2202 1581 2245 Livi]

845 2248 944 2282 Livii
992 2248 1221 2291 Andronici,
1271 2249 1488 2291 Tarentini,
1537 2254 1583 2283 ut

846 2295 1015 2338 videtur,
1062 2296 1194 2330 saltem
1242 2295 1294 2329 ibi
1336 2307 1359 2330 a
1398 2296 1581 2331 Romanis

847 2342 965 2386 capti,
998 2353 1020 2376 a
1053 2342 1094 2376 C.
1128 2342 1276 2386 (potius
1310 2353 1422 2387 quam
1457 2354 1480 2376 a
1512 2343 1580 2385 M.)

845 2388 952 2423 Livio
978 2389 1188 2423 Salinatore
1223 2390 1270 2423 ob
1295 2390 1440 2435 ingenii
1465 2391 1580 2424 meri-

845 2438 924 2469 tum
949 2436 1123 2470 libertate
1148 2436 1277 2470 donati
1313 2437 1360 2479 (a
1385 2448 1459 2481 quo
1487 2438 1584 2470 Livii

846 2493 983 2517 nomen
1008 2484 1239 2527 assumpsit).
1264 2483 1301 2517 Is
1326 2495 1359 2518 a.
1378 2495 1414 2517 u.
1433 2494 1464 2517 c.
1484 2486 1580 2525 514„

845 2540 945 2564 anno
970 2533 1056 2563 ante
1072 2530 1237 2564 Ennium
1263 2533 1406 2572 natum,
1430 2531 1577 2574 primus

844 2576 983 2610 Romae
1036 2577 1204 2611 fabulam
1253 2577 1401 2619 docuit,
1457 2576 1579 2621 Odys-

845 2633 1023 2668 seamque
1039 2624 1079 2657 in
1096 2624 1273 2658 Latinum
1293 2624 1478 2658 convertit
1495 2634 1581 2657 ver-

844 2670 951 2705 sibus
993 2670 1190 2704 Saturniis.
1242 2670 1318 2704 Cic.
1366 2671 1471 2704 Brut.
1522 2672 1580 2713 18,

844 2718 912 2750 71:
956 2718 1113 2758 Odyssea
1147 2719 1278 2751 Latina
1317 2721 1367 2751 est
1402 2719 1453 2751 sic
1485 2721 1580 2750 tam-
