1774 2930
0 87 11 154 „⁴5-

644 130 740 169 ΜΒ.
761 130 811 165 11.
857 106 1010 164 nmsr.
1031 127 1081 162 11.

1524 123 1611 165 439

641 383 976 429 EPISTOLA
1002 384 1072 426 11.

221 470 368 524 Flore,
398 470 512 512 bono
543 469 743 524 claroque
772 466 911 509 fidelis
942 465 1079 507 amice
1107 463 1287 516 Neroni,

223 541 270 584 Si
301 541 396 600 quis
425 539 536 583 forte
565 539 671 582 velit
698 551 879 595 puerum
907 537 987 579 tibi
1016 535 1202 578 vendere
1231 537 1379 576 natum

224 612 386 655 Tibure
414 611 484 653 vel
516 610 666 653 Gabiis
699 613 742 652 et
770 613 911 651 tecum
942 608 1004 649 sio
1034 610 1155 662 agat:

1190 604 1297 658 „Hic
1326 608 1370 646 et

226 682 442 726 Candidus
474 685 517 725 et
546 681 655 723 talos
688 695 714 723 a
741 679 902 722 vertice
931 677 1109 735 pulcher
1138 676 1194 718 ad
1221 676 1330 718 imos

154 811 512 855 11„Exeusaturus
538 821 579 845 se
603 810 702 844 Iulio
727 809 840 843 Floro

114 860 202 903 (cfr.
227 859 344 904 Epist.
371 862 411 902 1,
437 859 508 900 3.,)
533 857 634 902 quod
659 856 755 890 nihil
778 856 842 890 lit-

113 909 278 942 terarum
303 916 429 951 neque
451 905 659 939 carminum
682 903 730 938 ad
756 913 841 938 eum

114 954 276 996 miserit,
311 953 476 998 primm
508 951 634 996 lepida
666 950 842 985 similitu-

116 1000 202 1036 dine
238 999 444 1054 signifieat,
484 1010 526 1033 se
561 997 658 1032 nihil
693 997 844 1042 profici-

116 1047 238 1083 secati
283 1046 405 1082 amieo
444 1046 682 1091 promisisse,
730 1044 842 1078 immo

115 1105 220 1129 sum
241 1094 284 1128 in
308 1093 508 1129 scribendo
524 1092 716 1138 pigritiam
739 1092 843 1136 inge·

115 1151 191 1180 nne
218 1140 432 1187 professum
464 1150 546 1175 esse
580 1140 660 1182 (Π.
687 1141 753 1172 1-
711 1139 842 1180 -..25)

114 1187 172 1223 De
205 1188 434 1223 carminibus
465 1187 594 1222 ridens
627 1186 844 1231 respondet,

117 1245 159 1269 se
183 1235 371 1279 quondam
403 1245 482 1269 uon
515 1234 591 1268 nisi
621 1236 844 1278 paupertate

117 1281 167 1316 ad
182 1292 314 1316 versus
330 1281 523 1316 faciendos
540 1281 724 1322 adactum,
741 1290 845 1314 nune

118 1328 270 1374 quiden
301 1328 458 1363 meliore
490 1328 642 1362 fortuna
678 1330 846 1361 utentem

118 1376 271 1410 beatum
293 1375 413 1410 otium
436 1375 497 1410 his
517 1374 709 1409 laboribus
734 1374 846 1419 longe

117 1422 309 1468 praeferre
357 1423 438 1466 (Π.
463 1422 660 1464 25-54.);
709 1420 846 1455 deinde

118 1469 219 1504 serio
253 1472 407 1504 excusat
438 1471 604 1508 aetatem,
622 1479 747 1510 suam,
779 1468 847 1502 im-

117 1519 284 1562 portuna
314 1517 499 1551 lectorum
529 1515 699 1558 fastidia,
737 1515 848 1549 urba-

118 1574 190 1598 nae
214 1564 312 1598 vitae
335 1563 602 1608 impedimenta
630 1566 741 1607 atque
766 1565 847 1596 tnr-

118 1611 185 1646 bas
211 1611 291 1654 (Π.
316 1611 504 1653 35—86.)‚
534 1614 571 1644 et
595 1609 782 1654 significat
807 1620 847 1643 se

118 1662 333 1703 pertaesum
364 1668 448 1692 esse
480 1657 601 1692 omnis
625 1658 740 1691 huius
766 1667 847 1690 ear-

118 1705 262 1739 minum
278 1705 563 1750 pangendorum
586 1704 699 1738 studii
718 1705 765 1738 ob
789 1705 847 1738 in-

120 1754 226 1796 eptos
267 1762 313 1786 ao
348 1752 518 1786 misellos
559 1755 615 1786 tot
653 1753 848 1795 poetarum

120 1799 181 1833 sui
205 1800 384 1843 temporis
408 1799 456 1833 ad
473 1799 638 1833 favorem
655 1799 848 1832 hominum

120 1849 232 1890 atque
268 1846 417 1881 laudem
454 1846 673 1890 captandam
710 1845 849 1879 tumul-

120 1894 183 1927 tus
208 1903 292 1926 oum
310 1893 495 1938 legitimae
513 1894 605 1927 artis
621 1893 850 1938 ignorantia,

123 1939 312 1983 simulque
337 1940 489 1973 saniora
521 1940 704 1984 quaedam
730 1943 767 1974 et
791 1950 849 1974 se-

122 1986 270 2019 veriora
301 1986 393 2019 artis
425 1990 626 2030 praecepta
657 1987 705 2020 iis
735 1997 850 2030 oppo-

123 2031 182 2065 nit
206 2032 285 2073 (Π.
311 2032 520 2074 87-140.).
556 2032 748 2066 Postremo
775 2036 852 2066 stu-

62 2080 64 2082 '
125 2077 243 2120 dium,
268 2078 369 2122 quod
394 2081 469 2112 tam
492 2079 711 2122 frequenter
736 2080 775 2111 in
792 2079 851 2113 his

125 2124 295 2169 epistolis
318 2125 534 2169 profitetur,
559 2125 766 2169 sapientiae
791 2136 853 2159 ex-

125 2174 252 2214 cusat,
285 2172 349 2205 cui
373 2182 477 2205 nune
507 2172 651 2206 reli-{tis
675 2183 854 2206 versuum

124 2217 274 2253 lusibus
306 2219 418 2252 unice
451 2218 600 2253 deditus
634 2219 704 2261 sit,
740 2222 853 2263 atque

125 2276 241 2300 aurea
296 2266 479 2310 quaedam
534 2276 647 2300 sanae
696 2266 855 2300 rationis

124 2316 325 2357 praecepta
370 2313 442 2346 hoo
486 2314 568 2357 ipso
617 2312 743 2347 studio
784 2313 855 2347 sibi

126 2363 340 2403 comparata
376 2370 461 2394 oum
492 2360 612 2394 amico
651 2361 855 2394 eommuni-

127 2409 187 2440 eat
220 2408 299 2449 (Π.
333 2409 412 2441 141.
446 2407 493 2440 ad
526 2407 690 2449 finem).“
741 2407 854 2441 ΖΕΗ..

128 2451 275 2497 Scripta
333 2454 482 2488 videtur
541 2455 636 2488 haec
698 2454 855 2499 epistola

125 2499 337 2534 Kirohnero
364 2511 396 2536 a.
421 2512 457 2534 ιι.
484 2511 515 2534 e.
541 2503 621 2535 743.

175 2549 279 2581 1—6.
315 2548 422 2581 Flore
457 2547 543 2591 eet.]
580 2548 637 2583 De
674 2548 784 2583 Floro
822 2560 854 2582 v.

126 2592 220 2638 Epp.
251 2598 295 2636 1,
320 2597 354 2628 3.
378 2595 647 2641 Dillenburger
681 2595 728 2629 ad
760 2595 854 2640 Epp.

130 2641 170 2681 1,
211 2644 251 2680 9,
285 2620 336 2675 '42
388 2641 560 2684 „Versus
601 2643 855 2698 negligentius

129 2685 276 2721 faetus·
266 2699 306 2722 ιιι
327 2689 487 2733 epistola
505 2692 664 2724 sermoni
682 2692 856 2731 propiore

888 806 1225 852 reprehendendus
1249 816 1326 839 non
1353 807 1421 839 est.
1469 803 1619 837 Similes

890 854 1137 895 suntSat.l,
1162 856 1196 894 2,
1221 855 1276 886 39.
1304 855 1336 894 1,
1361 853 1454 893 8,9.
1482 852 1535 884 17.
1561 851 1619 884 36.

889 904 947 936 50.
972 903 1006 944 2,
1031 903 1065 943 8,
1091 902 1147 934 12.
1171 900 1343 944 Epishl,
1367 900 1403 940 5,
1427 900 1484 932 27.
1512 901 1543 939 1,
1563 898 1619 939 16,

890 951 948 983 20.
972 951 1014 990 2,
1040 950 1082 991 2,
1110 949 1163 982 1.“
1190 967 1236 972 -
1261 946 1376 989 bono]
1409 945 1466 980 De
1498 944 1622 979 laudi·

890 997 961 1031 bus
1001 995 1058 1029 Ti.
1101 994 1258 1029 Claudio
1302 993 1446 1028 Neroni
1491 991 1621 1026 iuveni

889 1043 1090 1087 impertitis
1126 1053 1161 1075 v.
1193 1041 1288 1086 Epp.
1324 1044 1362 1083 1,
1388 1043 1422 1074 9.
1456 1040 1539 1074 init.
1574 1057 1619 1063 —

889 1092 928 1125 St·
968 1091 1048 1131 quis
1090 1089 1175 1133 oet]
1218 1088 1322 1132 ,Non
1362 1087 1481 1133 magis
1518 1088 1623 1120 reete

891 1140 933 1172 tu
973 1147 1118 1171 mecum
1155 1136 1237 1182 agis
1273 1135 1463 1190 pigritiam
1499 1144 1621 1168 meam

891 1184 1184 1230 reprehendens,
1208 1194 1322 1228 quam
1339 1183 1370 1216 si
1388 1182 1474 1226 quis
1498 1183 1623 1226 empto

891 1243 1011 1277 puero
1044 1231 1219 1277 mangoni
1251 1230 1356 1264 litem
1389 1232 1521 1274 postea
1542 1238 1622 1262 mo-

893 1283 1007 1321 vetet,
1033 1278 1202 1323 quamvis
1226 1278 1289 1311 hio
1315 1277 1474 1321 emptori
1498 1275 1626 1310 omnia

893 1326 1072 1370 mancipii
1104 1326 1195 1359 vitia
1226 1324 1476 1369 exposuisset.
1480 1323 1498 1341 '¹⁵
1548 1322 1624 1356 crr.

895 1373 971 1407 Cio.
997 1373 1043 1407 de
1067 1372 1161 1417 Bep.
1188 1374 1228 1414 3,
1255 1375 1317 1406 19.
1343 1373 1469 1405 Bonus
1492 1371 1569 1412 vir,
1592 1370 1626 1403 si

896 1422 1025 1459 habeat
1053 1428 1196 1453 sewum
1220 1420 1450 1461 rumimunt,-
1458 1420 1624 1451 ηαννι-

894 1477 938 1500 ne
948 1468 1177 1510 profitebitur
1188 1468 1381 1508 suoititmm
1391 1473 1626 1499 servum-we

894 1516 1061 1556 vendere,
1085 1523 1136 1547 an
1160 1515 1289 1547 celabit
1307 1513 1528 1555 emptorem?
1553 1513 1625 1546 oet.

896 1581 940 1586 -
978 1563 1108 1595 Tibure
1144 1562 1204 1595 vel
1240 1560 1387 1603 Gabiis]
1429 1560 1499 1602 „in
1535 1558 1627 1592 villa

895 1609 1025 1653 aliqua
1049 1608 1249 1643 Tiburtina
1272 1609 1331 1641 vel
1350 1607 1506 1648 Gabina,
1530 1605 1625 1640 adeo

895 1660 939 1690 ut
960 1665 1076 1690 verna
1101 1656 1156 1698 (v.
1182 1656 1231 1697 6.)
1258 1655 1324 1696 sit,
1348 1654 1484 1688 Latine
1508 1653 1626 1698 igitur

897 1704 1003 1746 sciat,
1027 1703 1251 1736 liberalibus
1269 1702 1319 1736 sit
1342 1701 1488 1736 artibus
1505 1700 1628 1734 imbu-

897 1753 978 1791 tus,
1006 1750 1131 1795 pluris
1155 1750 1285 1794 itaque
1309 1747 1565 1784 aestimandus
1590 1749 1629 1781 et

897 1799 1015 1843 magis
1046 1797 1206 1831 idoneus
1239 1797 1288 1830 ad
1321 1795 1443 1830 omnis
1475 1794 1629 1840 generis

897 1845 1119 1887 ministeria,
1136 1855 1250 1889 quam
1267 1845 1299 1878 si
1315 1843 1499 1878 barbarus
1516 1843 1629 1883 esset,

898 1892 1025 1926 Thrax
1055 1891 1116 1926 vel
1141 1891 1375 1936 Cappadox.“
1426 1890 1484 1924 De
1508 1889 1631 1923 forma

898 1941 1029 1973 Tibure
1069 1949 1137 1983 pro
1175 1940 1303 1972 Tiburi
1343 1938 1411 1972 cfr.
1448 1936 1497 1971 ad
1532 1936 1629 1981 Epp.

900 1989 940 2028 1,
974 1988 1015 2027 8,
1050 1988 1105 2019 12.
1131 2005 1174 2010 —
1206 1985 1408 2028 candidus]
1441 1984 1629 2018 Pulchrae

881 2033 1039 2066 -formae
1055 2036 1200 2077 partem
1223 2033 1401 2073 nominat,
1428 2030 1631 2066 candidum

901 2080 1065 2113 colorem
1114 2080 1432 2120 (Lilienwet'ss
1481 2077 1629 2120 Voss.);

900 2126 1121 2170 neutiquam
1146 2136 1234 2160 vero
1261 2130 1329 2167 est,
1354 2128 1396 2159 ut
1412 2125 1478 2159 alii
1501 2124 1652 2166 velue--

901 2175 1002 2215 runt,
1029 2173 1209 2217 „integer,
1235 2173 1317 2206 sine
1341 2172 1525 2206 fallacia.“
1553 2171 1630 2205 Cir.

901 2219 1018 2264 Epod.
1046 2223 1109 2262 11,
1134 2221 1191 2254 27.
1237 2218 1339 2253 Nudi
1369 2222 1494 2254 autem
1518 2229 1630 2252 vena-

902 2267 958 2300 les
988 2266 1034 2300 ab
1066 2266 1380 2311 empturientibus
1413 2266 1632 2311 spectaban-

902 2316 977 2347 tur.
1026 2313 1169 2348 Seneca
1192 2313 1286 2358 Epp.
1314 2316 1376 2355 80,
1402 2316 1443 2347 9:
1475 2315 1631 2354 Manuo-

903 2369 965 2394 nes
1005 2362 1181 2402 quidquid
1218 2364 1268 2394 est
1309 2362 1406 2402 quod
1441 2361 1631 2402 displiceat

903 2409 1029 2449 aliquo
1068 2409 1244 2442 lenocinio
1281 2409 1524 2449 abscondam&
1559 2409 1631 2440 ita-

902 2464 971 2495 que
996 2457 1192 2489 ementibus
1222 2458 1440 2488 ornamema
1466 2457 1549 2496 ipsa
1571 2463 1633 2487 su-

901 2505 1026 2544 specta
1059 2506 1161 2536 sum.-
1195 2504 1270 2535 sive
1307 2511 1389 2536 crus
1426 2503 1633 2543 adliqalum

901 2551 975 2583 sive
1012 2551 1199 2583 brachium
1235 2551 1459 2591 adspiceres,
1496 2549 1633 2582 nudari

903 2597 1045 2631 iuberes
1070 2600 1104 2630 el
1128 2599 1246 2638 ipsum
1271 2598 1337 2630 tibi
1362 2605 1490 2637 corpus
1515 2598 1632 2629 osten-

904 2645 953 2677 ai.
986 2663 1029 2668 -—
1062 2645 1156 2677 talos
1193 2653 1218 2677 a
1253 2643 1484 2677 vertice-ad
1518 2642 1633 2685 imos]

903 2690 1062 2725 Locutio
1087 2691 1347 2736 proverbialis.
1396 2689 1473 2724 Cio.
1498 2700 1534 2734 p.
1558 2689 1633 2723 Ro-
