1774 2930
175 163 261 204 246

291 263 354 306 Et
385 265 523 308 soleas
555 266 708 322 poscit.

682 163 891 198 HORATH
916 164 1200 200 SATIRARUM

757 266 869 307 Tum
900 267 945 308 in
975 267 1087 309 lecto
1119 282 1288 324 quoque
1321 269 1489 332 videres

293 335 483 379 Stridere
514 341 680 379 secreta
710 336 869 378 divisos
901 352 1004 380 aure
1041 352 1251 380 susurros.

292 406 444 449 Nullos
475 408 543 448 his
575 407 747 449 mallem
776 408 899 450 ludos
933 413 1176 465 spectasse3
1210 410 1287 452 sed
1317 411 1392 453 illa

293 478 443 520 Redde
476 493 576 534 age,
611 493 720 534 quae
753 478 956 535 deinceps
987 481 1136 522 risisti.
1183 480 1382 524 Vibidius
1415 481 1518 524 dum

1638 484 1698 525 80

295 549 473 598 Quaerit
505 549 558 592 de
589 550 756 606 pueris,
788 564 890 591 num
923 551 979 592 sit
1010 565 1180 607 quoque
1211 552 1347 595 fracta
1374 553 1546 609 lagena,

295 620 419 669 Quod
451 621 534 663 sibi
565 621 760 678 poscenti
789 635 876 663 non
908 621 1062 663 dantur
1091 623 1264 679 pocula,
1297 623 1483 681 dumque

293 691 476 734 Ridetur
505 692 615 734 fictis
647 706 790 734 rerum
819 692 1052 736 Balatrone
1084 694 1289 748 secundo,

292 763 546 816 Nasidiene,
578 763 694 805 redis
727 767 917 807 mutatae
949 764 1120 818 frontis,
1152 769 1200 806 ut
1230 770 1322 808 arte

293 833 612 876 Emendaturus
644 834 881 889 fortunam3
915 834 1071 878 deinde
1103 837 1238 878 secuti

1640 838 1699 879 85

294 905 545 947 Mazonomo
576 906 700 961 pueri
730 920 886 961 magno
918 906 1134 963 discerpta
1164 907 1351 950 ferentes

293 975 487 1019 Membra
517 977 633 1032 gruis
666 978 804 1033 sparsi
835 978 924 1019 sale
954 979 1227 1033 multofnon
1258 978 1351 1020 sine
1382 978 1517 1033 farre3

274 1091 328 1122 82.
354 1090 487 1122 dentur
510 1100 547 1133 p,
572 1099 669 1123 corr.
696 1088 732 1131 S,
758 1088 837 1122 Lct
862 1092 900 1123 et
923 1089 1132 1124 Bentleius.
1171 1089 1241 1132 (Ut
1266 1101 1347 1133 nos,
1373 1091 1418 1124 bc
1446 1093 1483 1124 et
1506 1101 1564 1134 pr.
1591 1090 1644 1133 S.)

226 1179 281 1210 77.
308 1179 364 1210 78.
390 1178 511 1210 soleas
534 1177 674 1219 poscit]
699 1177 808 1211 Foris
836 1178 911 1211 cal-

178 1223 275 1266 eeis,
310 1224 410 1258 domi
445 1225 559 1258 soleis
593 1224 797 1258 utebantur
823 1225 912 1268 viri;

178 1271 331 1305 easdem
363 1272 404 1304 in
442 1271 713 1305 discumbendo
748 1271 912 1316 depone-

178 1320 289 1361 bant3
316 1319 506 1363 depositas
526 1330 675 1353 servum
700 1320 825 1363 poscit
840 1319 913 1353 Na-

179 1366 363 1407 sidienus,
389 1369 430 1400 ut
455 1366 500 1400 de
533 1377 627 1400 cena
653 1369 781 1411 surgat
807 1367 912 1400 iube-

178 1416 291 1458 atque
305 1414 525 1458 praeparari
539 1425 811 1457 mazonomum,
826 1425 913 1458 quo,

179 1461 376 1505 deperdita
399 1462 555 1505 pulvere
589 1462 790 1504 muraena,
825 1472 913 1495 con-

178 1509 281 1542 vivas
309 1509 465 1542 soletur.
491 1509 613 1542 Plaut.
640 1508 794 1542 Trucul.
821 1511 854 1551 2,
880 1512 913 1551 4,

180 1557 243 1589 12:
283 1557 365 1589 cedo
402 1557 520 1589 soleas
556 1557 664 1596 mihi«,-
701 1558 913 1599 Properate,

180 1604 323 1645 auferte
348 1612 522 1636 mensam.
549 1614 581 1637 v.
607 1606 670 1637 16:
697 1606 780 1637 Iam
804 1604 915 1636 rediit

180 1653 345 1691 emimus,-
378 1651 477 1684 deme
502 1652 643 1693 soleas,
670 1653 755 1686 cedo
782 1652 913 1684 bibam.

182 1717 224 1721 —
245 1699 285 1731 in
304 1699 392 1731 lecto
412 1698 569 1741 quoque]
586 1698 744 1732 Remoto
762 1698 914 1732 domino

181 1756 296 1779 cenae
330 1756 407 1779 non
439 1746 560 1779 solum
592 1745 819 1779 Maecenatis
855 1756 915 1779 eo-

180 1793 309 1835 mites,
342 1803 472 1826 verum
507 1793 617 1826 etiam
643 1793 708 1826 imi
734 1793 822 1826 lecti
848 1804 912 1836 pa-

180 1841 287 1874 rasiti
324 1841 428 1874 iocos
466 1839 512 1873 de
550 1839 712 1874 ridiculo
750 1849 839 1873 casu
873 1840 913 1872 in

180 1898 310 1921 aurem
327 1887 495 1931 proximo
514 1887 676 1931 quisque
695 1887 913 1920 insusurra-

180 1935 291 1977 bant,
331 1934 533 1978 quominus
566 1935 606 1966 in
642 1934 779 1968 effusos
814 1935 914 1967 risus

183 1984 449 2026 erumperent,
498 1981 647 2014 vetabat
686 1981 914 2015 Maecenatis

181 2029 416 2074 praesentia,
450 2029 557 2062 cuius
593 2028 755 2073 dignitas
781 2039 828 2062 ne
855 2039 915 2062 co—

182 2087 261 2110 ram
292 2077 448 2118 parochi
485 2077 602 2110 servis
636 2076 916 2120 periclitaretur

183 2124 390 2158 cavendum
415 2126 505 2157 erat.
526 2143 569 2147 —
587 2124 740 2166 videres]
758 2122 841 2157 Non
862 2126 918 2157 est

181 2172 345 2216 positum
370 2182 437 2215 pro
467 2171 676 2212 „audires“‚
703 2174 744 2204 ut
765 2171 917 2204 videba-

183 2222 244 2252 tur
257 2219 454 2260 Lambino,
473 2218 556 2252 sed:
578 2218 687 2260 „dum
707 2222 915 2261 susurrant,

182 2267 322 2299 videres
357 2266 448 2300 bina
487 2266 610 2310 capita
645 2265 717 2299 sibi
755 2265 916 2299 invicem

183 2313 525 2357 appropinquare.“
553 2332 595 2336 —-
622 2313 797 2356 stridere]
821 2312 918 2346 Nota

184 2361 455 2405 sigmatismum
472 2361 511 2393 in
529 2361 600 2394 hoc
614 2370 725 2394 versu
744 2360 916 2394 consulto

185 2409 396 2451 quaesitum
422 2407 468 2440 ad
503 2407 767 2451 exprimendos
791 2416 918 2440 susur-

184 2463 254 2487 ros.
283 2474 325 2477 —
352 2455 635 2497 secreta-aure]
661 2455 764 2488 Pers.
793 2457 825 2496 5,
852 2457 916 2488 96:

183 2503 369 2536 secretam
395 2503 521 2542 qarmil
546 2503 585 2534 in
611 2511 750 2535 aurem.

233 2550 352 2583 80-87.
379 2549 523 2590 Redde]
553 2549 687 2590 „Refer
718 2549 843 2582 mihist
874 2568 914 2571 —

184 2598 230 2630 sic
263 2605 405 2637 quoque
437 2596 579 2638 fracta]
615 2599 657 2629 ut
688 2597 818 2640 patina
850 2596 916 2630 illa

184 2654 398 2678 muraenae.
418 2662 460 2666 —
488 2652 560 2676 non
586 2643 735 2686 dantur]
760 2644 915 2677 Factum

186 2694 243 2725 est
268 2694 436 2733 certum3
461 2691 602 2734 itaque,
629 2691 698 2724 etsi
725 2690 916 2734 praecedit

186 2739 302 2772 oratio
347 2738 519 2782 obliqua,
561 2738 631 2771 rite
674 2738 916 2783 subiungitur

961 1178 1192 1212 indicativus
1206 1178 1376 1212 firmatus
1390 1189 1413 1212 a
1425 1179 1564 1212 nostris
1579 1178 1697 1212 Codd.

961 1226 1174 1269 antiquiss„
1193 1229 1235 1259 ut
1252 1226 1354 1270 apud
1373 1225 1509 1260 Salust.
1527 1225 1608 1270 Iug.
1629 1228 1694 1259 38:

962 1274 1146 1313 Iugurtha
1170 1291 1184 1297 -
1202 1291 1216 1297 -
1233 1274 1346 1306 verba
1394 1274 1503 1315 facit,
1553 1275 1696 1307 tamem·

960 1321 1235 1361 ipsum--same
1266 1322 1298 1353 et
1323 1322 1425 1361 [erro
1444 1321 1610 1353 clausum
1635 1323 1696 1353 te-

962 1370 1050 1409 net,
1089 1370 1212 1400 tamen
1247 1368 1546 1401 se--incolumis
1579 1369 1696 1400 omnis

961 1415 1027 1447 sub
1052 1416 1179 1455 iuqum
1202 1417 1420 1448 missurum.-
1452 1418 1489 1448 et
1512 1425 1696 1459 persaepe

963 1461 1064 1506 apud
1107 1462 1288 1496 Tacitum.
1328 1481 1371 1485 -—
1409 1463 1565 1495 Ridelur
1605 1463 1696 1503 fictis

962 1509 1103 1552 vreru-m]
1129 1512 1171 1543 ut
1196 1509 1270 1543 Sat.
1296 1511 1329 1549 2,
1355 1510 1388 1551 2,
1415 1511 1482 1543 25:
1506 1510 1611 1543 vanis
1635 1517 1695 1542 re-

962 1565 1056 1590 rum.
1082 1557 1125 1590 A.
1149 1556 1190 1590 P.
1209 1559 1271 1590 49:
1297 1557 1421 1600 abdita
1445 1564 1578 1590 rerum.
1606 1555 1697 1590 Sen-

963 1605 1081 1638 tentia
1118 1607 1192 1638 est:
1232 1604 1505 1648 „Fingebamus
1543 1614 1612 1637 nos
1649 1603 1696 1637 de

963 1651 1048 1685 aliis
1075 1651 1191 1685 rebus
1217 1651 1355 1685 iocosis
1380 1651 1541 1684 ridere.“
1570 1669 1612 1673 ——
1638 1659 1695 1683 se-

964 1698 1095 1741 cundo]
1114 1698 1280 1732 Tralatio
1298 1700 1446 1741 sumpta
1463 1699 1520 1731 est
1545 1708 1566 1730 a
1583 1699 1695 1731 vento

964 1746 1129 1779 seeundo
1149 1745 1259 1789 (Epp.
1279 1746 1310 1787 2,
1332 1747 1362 1786 l,
1382 1745 1496 1787 102.)3
1524 1747 1697 1788 „praeter

964 1795 1109 1826 ceteros
1144 1803 1213 1826 nos
1246 1791 1480 1826 adiuvant&
1508 1811 1551 1815 —
1585 1793 1698 1825 Nasi-

963 1839 1090 1882 diene]
1117 1838 1296 1873 Vocativo
1332 1840 1468 1881 utitur,
1502 1841 1544 1872 ut
1577 1839 1616 1872 in
1642 1839 1696 1873 lo-

964 1885 1037 1928 cis,
1079 1886 1145 1920 ubi
1187 1883 1313 1928 πάθος
1352 1887 1564 1931 praevalet,
1606 1897 1696 1920 suos

963 1934 1097 1968 heroas
1134 1933 1383 1988 alloquuntur
1420 1935 1552 1978 poetae
1587 1934 1695 1977 epici.

962 1980 1069 2014 Iliad.
1095 1980 1134 2023 δ,
1163 1983 1248 2014 127:
1290 1978 1386 2013 Οὐδὲ
1417 1981 1550 2020 σέθεν,
1575 1980 1696 2013 Μενέ-

964 2027 1049 2067 λ,αε
1085 2028 1170 2061 θεοὶ
1201 2024 1394 2076 μάκαρες’
1401 2023 1623 2061 λελάθοντο.
1647 2046 1696 2051 —

965 2078 1004 2108 ut
1042 2078 1121 2109 arte
1161 2076 1253 2118 cet]
1297 2078 1368 2118 „ut
1400 2075 1592 2120 sapientia
1631 2077 1697 2109 tua

966 2123 1059 2157 scite
1097 2123 1281 2157 medearis
1319 2123 1495 2157 fortunae
1532 2121 1696 2156 adversi-

965 2170 1067 2204 tati.“
1101 2170 1254 2204 Terent.
1278 2170 1347 2204 Ad.
1374 2172 1407 2212 4,
1433 2172 1466 2213 7,
1493 2172 1556 2204 23:
1583 2170 1695 2212 Illud,

967 2219 1063 2258 quod
1089 2218 1213 2251 cecidit
1238 2219 1351 2260 sorte,
1385 2218 1423 2250 id
1447 2219 1527 2251 arte
1552 2219 1593 2250 ul
1617 2225 1696 2250 cor-
1730 2247 1741 2261 ⁴

965 2267 1078 2306 rigas.
1111 2284 1158 2288 -
1189 2265 1425 2307 Mazonomo]
1466 2260 1697 2306 Μαζονόμος

966 2314 1118 2368 proprie
1153 2315 1210 2346 est
1243 2312 1331 2346 lanx
1363 2313 1517 2357 ingens,
1552 2322 1598 2345 ex
1623 2321 1697 2354 qua

965 2356 1067 2402 μάζα
1103 2360 1272 2402 νέμεται.
1314 2359 1401 2403 puls
1443 2351 1695 2399 distribuitur,

967 2407 1002 2440 h.
1029 2407 1053 2439 1.
1088 2406 1199 2440 etiam
1223 2406 1309 2439 aliis
1343 2406 1436 2440 cibis
1462 2404 1712 2450 apponendis.

967 2454 1171 2487 destinata.
1209 2453 1526 2494 δροὶεεηεσὴιῖεεει.
1553 2471 1596 2476 -
1622 2453 1694 2485 dis-

967 2501 1111 2543 cerpta]
1155 2499 1311 2544 Singula
1357 2500 1431 2534 iam
1477 2499 1695 2533 animalium

966 2548 1142 2589 membra,
1170 2558 1284 2591 quae,
1310 2549 1352 2580 ut
1377 2547 1599 2591 opinabatur
1622 2545 1695 2579 Na-

965 2595 1145 2637 sidienus,
1171 2606 1192 2629 a
1217 2595 1384 2628 convivis
1408 2594 1565 2628 maxime
1583 2603 1695 2637 appe-

964 2645 1154 2684 terentur,
1197 2642 1266 2676 sub
1301 2652 1415 2676 cenae
1456 2641 1567 2674 finem
1606 2639 1694 2674 affe-

964 2691 1110 2724 runtur.
1140 2708 1181 2712 —-
1217 2689 1341 2732 aruis]
1381 2688 1488 2722 Tunc
1527 2687 1695 2722 ciconiae

964 2736 1286 2782 praeferebantur,
1311 2738 1406 2770 teste
1429 2734 1604 2769 Cornelio
1621 2733 1694 2769 Ne-
