1774 2930
163 150 248 191 296

633 150 852 185 HORATH
863 151 1213 187 EPISTOLARUM

278 251 400 293 Ultra
431 266 559 308 quam
590 252 694 294 satis
727 256 793 295 est
822 254 1025 295 virtutem
1056 254 1094 295 si
1125 258 1244 311 petat
1272 256 1424 312 ipsam.

281 323 301 364 I
330 337 455 376 nunc,
488 327 712 378 argentum
743 327 786 365 et
816 337 1000 366 marmor
1030 328 1153 367 vetus
1185 340 1370 383 aeraque
1401 331 1444 370 et
1475 331 1588 371 artes

282 393 475 450 Suspice,
508 408 605 436 cum
635 395 818 450 gemmis
852 394 1005 452 Tyrios
1037 397 1192 439 mirare
1224 397 1415 441 colores:

283 464 446 518 Gaude,
480 465 594 521 quod
625 469 821 521 spectant
851 466 964 508 oculi
993 470 1037 509 te
1068 467 1184 510 mille
1215 468 1484 524 loquentem3

279 535 321 577 N
322 550 426 578 avus
457 551 583 579 mane
614 536 753 578 forum
784 540 827 579 et
856 538 1128 594 vespertinus
1158 542 1260 594 pete
1289 543 1464 593 tectum,

1621 541 1677 582 20

281 606 346 649 Ne
378 607 473 663 plus
506 607 709 650 frumenti
740 608 952 650 dotalibus
985 613 1143 652 emetat
1173 611 1289 666 agris

211 746 340 771 nomen
366 737 540 783 bSEcdp,
566 737 676 772 LCtO
704 741 741 772 et
765 738 982 772 Bentleius:
1008 748 1139 773 nomen
1162 741 1306 782 sapiens
1330 740 1408 774 ΕΜ.
1426 760 1471 765 --
1491 742 1547 775 16.
1569 750 1630 782 pe-

211 788 259 818 let
285 785 375 828 bcd,
398 787 490 827 petit
517 785 553 819 S.
604 786 676 828 (Ut
701 797 788 829 nos,
813 784 895 830 Ep.)

211 832 366 874 d,tFOM
391 835 429 867 et
453 833 660 868 Bentleius.

163 928 218 962 sic
252 930 476 962 nectuntur:
512 928 673 973 „Neque
704 929 762 971 id,
796 929 898 973 quod

162 975 256 1018 dixi,
291 975 337 1009 de
371 976 485 1010 rebus
517 977 680 1010 externis
707 976 900 1010 dumtaxat

163 1024 273 1057 valet.
300 1023 412 1066 Quid,
439 1024 539 1068 quod
557 1024 669 1058 etiam
686 1024 805 1068 ipsius
825 1024 899 1057 vir-

161 1071 254 1104 tutis
272 1071 437 1104 studium
454 1071 566 1105 nimis
578 1071 719 1106 ardens
733 1082 898 1105 omnem-

163 1129 239 1163 que
264 1118 415 1152 modum
441 1119 647 1161 excedens,
682 1119 783 1163 quod
809 1119 897 1153 affe-

163 1168 267 1200 ctant
300 1165 436 1209 Stoici,
470 1167 570 1201 iusta
602 1167 898 1210 reprehensione

163 1213 347 1247 stultitiae
361 1216 474 1258 atque
489 1214 617 1248 nescio
629 1214 738 1248 ouius
751 1214 791 1247 in
802 1214 898 1248 alios

162 1260 379 1305 iniquitatis
405 1272 481 1295 non
506 1262 634 1296 caret?
658 1260 763 1302 Nam,
788 1263 831 1294 ut
847 1261 901 1294 ait

164 1307 241 1342 Cic.
269 1308 379 1342 Tusc.
406 1312 447 1351 4,
479 1311 544 1351 25,
575 1311 644 1343 55:
681 1310 809 1343 Studia
841 1309 900 1342 vel

163 1357 386 1397 optimarum
414 1365 539 1390 rerum
557 1375 571 1382 -
588 1376 603 1382 -
619 1358 749 1390 sedata
779 1359 900 1390 tamen

164 1406 197 1436 et
229 1405 433 1444 tranquilla
466 1413 539 1437 esse
573 1404 740 1438 debent.“
770 1423 812 1427 -
839 1413 899 1437 ae-

163 1459 256 1491 quus
277 1452 408 1495 iniqui]
435 1452 526 1496 quia
550 1452 637 1486 talis
663 1452 773 1485 homo
799 1451 899 1485 haud

162 1509 249 1532 raro
288 1499 400 1533 nimis
440 1510 569 1533 severe
608 1503 720 1544 atque
758 1499 899 1533 iniuste

162 1545 208 1580 de
234 1546 319 1580 aliis
344 1546 497 1581 iudicat.

214 1643 333 1675 17-23.
361 1644 383 1674 Ι
399 1650 496 1675 nunc
514 1642 598 1685 cet]
625 1642 899 1687 Argumentum

163 1699 185 1722 a
209 1689 352 1723 maiore
378 1689 424 1723 ad
462 1690 599 1724 minus.
652 1689 825 1731 „Quodsi
852 1700 898 1723 ne

162 1736 284 1770 virtus
311 1737 463 1781 quidem
493 1738 609 1771 nimio
636 1737 760 1771 studio
787 1747 899 1780 appe-

162 1783 276 1817 tenda
302 1787 375 1827 est,
401 1785 497 1817 nihil
522 1785 690 1828 profecto
716 1787 774 1818 est
799 1783 899 1828 quod

163 1830 318 1865 viliores
332 1843 392 1865 res
406 1834 600 1875 tantopere
616 1832 783 1872 secteris,
797 1830 899 1875 quod

163 1882 343 1923 argentea
361 1881 397 1912 et
420 1881 538 1922 aenea
560 1879 719 1913 artificia
744 1878 901 1922 conqui-

163 1936 237 1967 ras,
264 1926 365 1969 quod
391 1926 540 1960 laudem
559 1926 762 1960 oratoriam
787 1936 899 1970 appe-

162 1974 232 2015 tas,
259 1973 359 2017 quod
378 1974 553 2018 quaestui
575 1985 644 2019 per
661 1976 782 2007 totum
800 1973 900 2007 diem

163 2020 301 2062 inhies,
327 2031 374 2054 ne
399 2022 498 2055 alius
523 2022 609 2066 quis
633 2022 796 2055 obscuro
822 2021 899 2053 for-

163 2070 263 2101 tasse
289 2069 372 2102 loco
399 2071 522 2112 natus,
548 2070 678 2103 uxoris
704 2069 791 2102 dote
817 2069 841 2101 i.
869 2079 899 2101 e.

165 2115 247 2150 sine
266 2116 344 2149 ullo
363 2127 431 2150 suo
450 2117 601 2162 negotio
627 2119 663 2150 te
683 2116 797 2150 ditior
816 2115 898 2150 sit.“

164 2162 354 2196 DILLENB.
378 2164 556 2198 Formula
569 2166 694 2198 autem
707 2165 720 2196 i
732 2172 829 2196 nunc
843 2164 903 2206 (ut

165 2210 261 2244 bene
287 2212 433 2245 monuit
457 2211 680 2254 Lambinus)
709 2210 901 2245 concessio

166 2262 223 2291 est
240 2258 551 2293 dissimulationis
566 2262 603 2293 et
616 2259 805 2292 irrisionis
822 2259 902 2303 ple-

165 2316 225 2346 na,
253 2317 325 2350 qua
350 2309 510 2340 utuntur
527 2307 665 2348 Latini,
692 2317 777 2340 cum
794 2306 854 2339 vel
880 2316 903 2339 a

165 2363 206 2386 re
239 2354 413 2397 quapiam
446 2354 639 2388 deterrent
664 2354 723 2387 vel
756 2353 900 2397 aliquid

165 2400 380 2444 improbant
405 2402 465 2436 vel
495 2402 577 2436 fieri
611 2412 688 2435 non
714 2412 825 2445 posse
852 2401 901 2434 si-

165 2447 358 2493 gnificant,
384 2451 426 2482 ut
451 2448 544 2493 Epp.
564 2451 596 2490 2,
615 2451 647 2491 2,
666 2451 729 2482 76:
760 2451 782 2481 I
805 2457 901 2481 nunc

167 2497 200 2528 et
224 2504 351 2528 versus
385 2499 505 2530 tecum
534 2498 711 2530 meditare
736 2504 899 2529 canoros.

166 2542 271 2587 Virg.
290 2543 382 2577 Aen.
401 2546 434 2585 7,
452 2546 539 2577 425:
567 2546 586 2576 1
612 2552 720 2585 nunc,
745 2544 902 2584 maratis

167 2592 258 2631 offer
283 2593 328 2633 le,
353 2592 478 2632 irriso,
502 2592 661 2632 periclis.
711 2590 841 2624 Iuven.
869 2594 901 2632 6,

168 2639 255 2671 306:
275 2640 295 2670 Ι
311 2647 408 2672 nunc
422 2641 453 2672 et
470 2639 608 2671 dubita.
625 2640 678 2679 12,
694 2640 754 2671 57:
773 2640 795 2670 Ι
806 2646 902 2671 nunc

169 2688 201 2718 el
221 2688 334 2719 ventis
352 2687 514 2719 animam
536 2687 723 2719 committe.
766 2685 903 2718 Simili-

168 2736 226 2767 ter
252 2734 324 2767 iam
350 2734 537 2767 Homerus
562 2732 606 2765 Il.
633 2744 665 2775 y.
693 2734 779 2766 432:
812 2730 901 2765 Ἀλλ’

925 806 967 810 -
995 788 1051 821 20.
1078 789 1203 822 Navus
1226 787 1352 830 bSEc,
1375 788 1460 822 LO:
1486 789 1632 822 Gnavus

948 926 1004 962 ἴθι
1050 929 1117 962 νῦν
1165 926 1428 977 προκάλεσσαι
1463 927 1679 978 Ἄρηΐφιλον

946 976 1156 1010 Μενέλαον.
1195 997 1238 1001 -
1276 978 1492 1022 arqenlu‘m]
1530 978 1678 1020 factum,

946 1024 1132 1068 imprimis
1167 1025 1364 1059 caelatum.
1378 1034 1599 1059 —marmor
1623 1034 1679 1059 ve-

947 1072 1017 1114 lus]
1043 1072 1256 1117 anaglypha
1273 1075 1310 1106 et
1335 1075 1475 1111 statuas
1501 1073 1549 1107 ab
1575 1083 1679 1118 egre-

946 1119 1018 1163 giis
1052 1119 1250 1153 meliorum
1287 1123 1498 1164 temporum
1534 1121 1623 1154 inde
1658 1130 1681 1154 a

946 1166 1094 1200 Pericle
1127 1166 1174 1201 ad
1204 1167 1460 1202 Alexandrum
1493 1167 1540 1200 M.
1565 1167 1682 1201 artifi-

947 1213 1055 1247 cibus
1081 1214 1282 1248 confectas.
1319 1214 1557 1248 Adiectirum
1581 1217 1681 1248 vetus

948 1260 1060 1295 etiam
1086 1272 1170 1295 cum
1194 1273 1228 1295 v.
1246 1264 1442 1304 amentum
1465 1261 1590 1306 iungit
1606 1261 1681 1296 Ob-

948 1308 1097 1349 barius3
1130 1309 1254 1353 pluris
1279 1309 1381 1343 enim
1414 1308 1682 1342 aestimabatur

949 1358 1142 1397 amentum
1181 1359 1282 1390 vetus
1324 1356 1481 1400 (Iuven.
1509 1358 1526 1389 1
1543 1381 1552 1398 ,
1578 1356 1683 1399 76.),

948 1414 1061 1447 quam
1098 1403 1312 1438 caelaturae
1345 1404 1479 1438 aetatis
1510 1403 1683 1438 Horatia-

949 1461 1031 1484 nae.
1049 1469 1098 1475 --
1115 1451 1222 1494 aera]
1253 1462 1342 1486 vasa
1365 1451 1587 1495 praesertim
1613 1450 1684 1485 Go-

948 1498 1100 1532 rinthia.
1127 1498 1203 1532 Ofr.
1230 1498 1299 1533 od.
1324 1500 1358 1542 4,
1384 1501 1416 1541 8,
1442 1500 1475 1532 2.
1502 1517 1546 1522 -—
1573 1498 1684 1542 artes]

949 1548 1076 1579 cetera
1092 1546 1281 1580 artificum
1298 1557 1413 1591 opera
1435 1545 1602 1580 illustria
1626 1546 1685 1589 (ut

949 1593 1018 1626 Od.
1043 1595 1083 1636 4,
1109 1595 1147 1635 8,
1173 1594 1235 1636 5.),
1261 1605 1335 1638 quo
1361 1593 1542 1627 vocabulo
1568 1594 1684 1638 signi-

948 1640 1035 1674 ficat
1060 1642 1171 1674 etiam
1195 1641 1344 1675 tabulas
1369 1641 1502 1685 pictas.
1530 1659 1573 1664 —
1601 1649 1684 1673 cum

948 1690 1096 1729 gemmis
1123 1688 1214 1731 cet.]
1254 1687 1478 1730 „Admirare
1512 1691 1550 1721 et
1581 1697 1682 1732 gem-

947 1746 1027 1769 mas
1053 1738 1090 1769 et
1115 1735 1309 1779 dibapha.“
1345 1734 1389 1768 V.
1408 1736 1555 1776 qemmis
1582 1744 1681 1768 com-

947 1782 1125 1826 plectitur
1150 1785 1187 1816 et
1211 1782 1356 1827 lapides
1380 1782 1582 1826 pretiosos,
1608 1792 1684 1816 ma-

947 1829 1044 1863 xime
1077 1830 1136 1863 vel
1172 1829 1313 1863 incisos
1344 1830 1404 1863 vel
1441 1830 1684 1875 anaglyphos,

948 1879 986 1910 et
1010 1877 1183 1911 uniones.
1199 1895 1248 1902 —-
1263 1877 1572 1920 Tyrios-coloret]
1601 1887 1685 1920 „ve-

949 1926 1044 1957 stem
1069 1925 1272 1970 stragulam
1305 1925 1569 1968 purpuream.“
1607 1924 1682 1958 Ofr.

950 1971 1025 2005 Sat.
1060 1973 1097 2013 2,
1132 1974 1172 2013 4,
1205 1974 1261 2006 84.
1310 1970 1450 2006 Eadem
1487 1971 1685 2016 coniungit

948 2019 1053 2064 Virg.
1081 2019 1147 2053 Ge.
1173 2021 1205 2062 2,
1231 2021 1320 2053 506:
1353 2019 1394 2052 m
1418 2027 1561 2060 aemma
1585 2019 1683 2052 bibat

950 2069 983 2099 et
1008 2069 1179 2109 {Sarrano
1211 2067 1372 2100 dormiat
1403 2068 1512 2100 ostro.
1538 2085 1582 2090 —
1608 2067 1684 2100 Νω-

949 2123 1016 2148 vus
1041 2123 1148 2148 mane
1180 2114 1263 2157 cet]
1300 2114 1479 2158 Plerique
1512 2113 1683 2148 homines

950 2162 1111 2207 negotiis
1144 2162 1261 2207 gestis
1294 2161 1364 2195 sub
1390 2160 1586 2195 meridiem
1620 2160 1684 2195 do-

949 2221 1051 2243 mum
1087 2209 1233 2243 redisse
1265 2209 1464 2243 videntur:
1499 2208 1562 2242 hic
1595 2218 1683 2242 vero

950 2257 1047 2290 lucri
1077 2259 1226 2301 praeter
1259 2255 1410 2290 modum
1435 2255 1597 2300 cupidus
1621 2266 1684 2289 ve-

951 2304 1053 2349 speri
1071 2303 1219 2338 demum
1240 2303 1392 2337 domum
1415 2303 1555 2337 reverti
1578 2303 1684 2336 iube-

948 2355 1020 2386 tur.
1048 2371 1091 2375 -—
1116 2351 1356 2394 vespertinus]
1384 2350 1459 2384 Cfr.
1482 2349 1600 2394 Epod.
1627 2351 1684 2391 16,

949 2402 1006 2433 51.
1034 2418 1076 2422 —
1103 2400 1156 2432 Ne
1178 2400 1264 2440 plus
1290 2398 1375 2440 cet.]
1404 2397 1577 2440 „Naviter
1604 2406 1684 2430 cor-

949 2448 1029 2491 ripe
1056 2445 1225 2489 undique
1250 2445 1450 2489 pecunias,
1483 2455 1532 2478 ne
1557 2443 1684 2478 Mutus

949 2495 1026 2535 ille,
1053 2494 1113 2527 oui
1139 2492 1297 2535 invides,
1323 2492 1436 2526 ditior
1456 2492 1505 2526 sit
1523 2494 1572 2534 te,
1598 2501 1683 2524 eum

949 2541 1084 2586 partim
1117 2551 1206 2584 opes
1238 2551 1326 2574 suas
1360 2550 1437 2574 non
1470 2538 1683 2573 assiduitati

950 2599 1074 2633 neque
1101 2588 1304 2629 sollertiae,
1334 2587 1400 2621 sed
1425 2585 1682 2620 tantummodo

951 2636 1122 2681 coniugis
1148 2635 1245 2676 doti,
1276 2634 1315 2668 id
1339 2636 1415 2676 est,
1441 2643 1552 2667 caeco
1579 2633 1683 2666 casui

951 2684 1100 2725 debeat,
1137 2683 1275 2726 partim
1313 2681 1381 2725 (de
1415 2691 1491 2725 qua
1524 2691 1565 2714 re
1599 2679 1682 2714 iure

950 2730 1177 2776 indignaris)
1196 2729 1368 2763 tenuiore
1382 2728 1465 2762 loco
1481 2728 1529 2761 sit
1542 2726 1680 2761 ortus.“
