1774 2930
160 153 246 196 256

631 148 840 190 HORATH
864 155 1212 191 EPISTOLARUM

277 255 374 298 Non
403 257 544 312 possis
577 257 698 299 oculo
731 260 937 312 quantum
967 257 1223 301 contendere
1252 257 1471 315 Lynceus,

276 326 374 368 Non
402 331 549 370 tamen
579 327 735 369 idcirco
768 331 1015 370 contemnas
1046 328 1190 385 lippus
1221 330 1392 386 inungi3

276 397 386 452 Nec,
419 399 519 454 quia
550 398 753 454 desperes
785 399 934 440 invicti
964 399 1158 442 membra
1188 398 1410 457 GlyconiS,

1622 402 1679 443 30

276 468 450 511 Nodosa
481 483 633 525 corpus
664 470 774 511 nolis
805 469 1035 525 prohibere
1067 470 1286 527 cheragra.

275 539 358 581 Est
389 540 572 596 quadam
602 540 773 597 prodire
803 544 949 594 tenus,
982 541 1018 582 si
1049 555 1135 583 non
1165 541 1291 584 datur
1317 543 1442 585 ultra.

275 610 434 654 Fervet
465 612 646 654 avaritia
677 612 918 668 miseraque
950 612 1148 668 cupidine
1178 616 1352 669 pectus:

278 681 387 724 Sunt
417 683 550 725 verba
583 686 625 725 et
655 697 802 736 voces,
836 683 990 739 quibus
1022 683 1136 726 hunc
1166 684 1302 727 lenire
1332 683 1521 727 dolorem

254 825 310 857 28.
337 825 460 857 oculos
485 824 660 858 Pottierii
685 824 772 867 duo,
798 824 862 858 LO
890 828 926 859 et
950 825 1163 868 Bentleius,
1188 828 1335 860 oculum
1359 826 1423 860 alii
1448 826 1631 869 Pottierii,

205 872 320 904 oculis
345 882 445 905 unus
470 871 579 906 Feae.
606 891 650 896 —
678 873 734 906 30.
771 872 868 914 „Alii
893 874 1043 907 Milonis
1069 874 1234 918 legunt.“
1285 873 1413 908 Coun.
1440 873 1561 913 ORUQ.
1586 893 1629 898 -

206 919 262 953 32.
297 921 455 959 quodam
486 918 567 952 de
595 922 632 953 et
657 930 753 953 corr.
782 919 804 953 S
832 930 917 953 cum
943 920 1115 954 Pottierii
1142 921 1316 955 omnibus
1349 924 1499 966 praeter
1523 921 1630 964 duos,

203 966 294 999 item
320 968 346 1008 t,
372 967 554 1007 quoddam
578 966 607 999 F
633 978 653 1001 e
681 966 794 1001 Codd.

205 1079 266 1111 28-
268 1079 324 1111 31.
350 1079 478 1112 oculo·
463 1079 716 1122 -contendere]
744 1078 894 1124 Signifi-

157 1128 217 1159 cat
241 1125 361 1159 aciem
379 1126 574 1160 oculorum
597 1126 813 1169 extendere,
839 1126 893 1159 di-

155 1172 300 1226 rigere,
343 1183 464 1220 usque
503 1173 549 1207 ad
587 1176 730 1207 certum
768 1173 892 1216 finem,

157 1216 318 1261 σνοπόν,
335 1202 437 1254 ultra
451 1231 562 1265 quem
581 1221 686 1255 cerni
704 1221 778 1255 iam
795 1221 892 1254 nihil

154 1269 298 1311 potest3
325 1267 543 1302 collineare.
571 1267 647 1301 Cic.
673 1279 742 1312 pro
765 1267 891 1313 Ligar.

157 1317 189 1357 3,
208 1317 247 1349 6:
276 1315 462 1356 Quantum
475 1317 615 1358 potero,
640 1325 726 1349 voce
748 1319 892 1349 conten-

156 1363 253 1402 dam,
278 1365 319 1395 ut
343 1364 409 1395 hoc
430 1364 591 1404 populus
611 1365 804 1396 Romanus
830 1372 891 1397 ea·-

155 1411 297 1443 audiat.
324 1409 385 1443 Sic
413 1409 546 1444 Celsus
575 1413 605 1453 1,
631 1414 672 1443 4:
697 1419 784 1444 voce
810 1419 892 1443 con-

156 1459 304 1491 tendere
328 1468 398 1501 pro
423 1466 546 1491 vocem
570 1459 758 1491 intendere
791 1458 891 1491 inter

157 1504 328 1548 corporis
343 1505 522 1538 exercitia
534 1509 726 1539 memorat.
742 1525 784 1529 —-
800 1507 892 1546 Lun-

156 1552 252 1594 ceus]
280 1551 355 1585 Sat.
385 1555 423 1591 1,
449 1554 490 1594 2,
517 1554 574 1586 90.
593 1572 638 1576 -
663 1554 747 1587 Νοη
772 1555 893 1586 tamen

157 1599 242 1641 cet]
288 1598 391 1642 „Non
419 1602 543 1632 tamen
569 1600 662 1634 adeo
689 1600 892 1644 desperan-

155 1646 243 1680 dum
269 1646 316 1680 de
340 1646 426 1681 visu
453 1649 521 1689 est,
547 1650 598 1690 ut,
627 1647 659 1681 si
683 1647 889 1692 aliquando

154 1693 384 1738 lippitudine
407 1693 890 1737 (Auqenentzitndunq)

155 1741 325 1783 labores,
360 1741 518 1785 collyria
543 1742 723 1776 adhibere
750 1741 891 1775 curari-

156 1799 230 1832 que
256 1789 390 1822 nolis.“
419 1788 510 1831 (Sat.
532 1791 561 1830 1,
579 1790 612 1831 5,
631 1791 676 1822 30
703 1790 774 1833 sq.)
802 1789 890 1822 Sine

154 1835 342 1880 imagine:
394 1836 456 1878 „Si
496 1836 752 1879 experimento
791 1836 889 1869 facto

155 1882 202 1917 ad
221 1894 406 1917 summum
419 1883 611 1927 profectus
630 1883 787 1928 gradum
804 1894 890 1927 per-

154 1930 284 1964 venire
302 1930 451 1974 nequis,
477 1930 556 1964 noli
582 1930 667 1964 ideo
690 1930 890 1974 desperare

154 1988 198 2011 ac
216 1981 251 2011 te
270 1988 428 2022 prorsus
446 1978 674 2022 negligere.“
704 1977 779 2011 Cic.
799 1977 890 2011 Ora-

155 2027 214 2059 tor
243 2028 281 2067 1,
313 2028 354 2058 4:
396 2026 525 2058 Prima
559 2026 654 2058 enim
685 2028 890 2066 sequentem

154 2074 344 2106 honestum
371 2076 420 2106 est
446 2073 486 2105 in
508 2074 675 2105 secundis
706 2074 891 2113 tertiisque

154 2121 358 2154 consistere.
395 2119 534 2153 Eadem
562 2120 751 2154 sententia
772 2120 892 2154 altera

156 2167 280 2201 statim
322 2168 485 2212 imagine
534 2167 749 2201 illustratur
791 2168 891 2212 apud

156 2214 301 2249 Stoicos
327 2216 477 2249 usitata.
527 2215 677 2248 Arrian.
710 2215 832 2270 Epict.
859 2218 891 2258 1,

156 2264 196 2304 2,
233 2263 297 2295 36:
349 2260 444 2295 Οὐδὲ
474 2260 549 2317 γὰρ
575 2261 705 2295 Μίλων
739 2273 890 2305 εσομαι,

154 2311 220 2341 καί
237 2320 344 2351 οα()ς
362 2321 433 2343 OUY-
457 2308 588 2342 (Laeti-0)
612 2320 680 2342 ’ἴου
699 2320 889 2352 ΗΕΘμαῒΟς·

156 2355 241 2389 οὐδὲ
257 2358 446 2411 Κροῖσος,
476 2358 542 2390 καὶ
567 2352 675 2399 ὅμως
700 2355 770 2390 οὐκ
797 2368 892 2399 αμε-

154 2403 207 2436 λῶ
226 2403 293 2447 τῆς
311 2402 491 2448 κτήσεως·
519 2402 598 2437 οὐδ’
624 2401 753 2446 ἁπλῶς
773 2400 890 2437 ἄλλου

155 2449 259 2493 τινὸς
285 2451 351 2494 τῆς
369 2452 478 2493 &ntae
467 2451 586 2494 λείας
610 2449 672 2484 διὰ
698 2449 767 2495 τὴν
791 2448 892 2485 ἀπό-

155 2509 296 2543 γνωσιν
322 2499 396 2531 τῶν
421 2496 550 2545 ἄκρων
567 2496 831 2542 ἀφιστάμεθα.
845 2519 890 2523 —-

157 2546 347 2594 Glyconis]
412 2547 574 2580 athletae
625 2546 890 2588 robustissimi,

155 2596 287 2638 poetae
325 2593 504 2637 aequalis.
555 2593 706 2626 Anthol.
743 2594 822 2627 Pal.
860 2594 889 2627 1.

155 2652 190 2685 p.
217 2643 305 2674 516.
343 2638 517 2680 Γλύκων,
557 2638 599 2673 τὸ
634 2638 890 2694 Περγαμηνὸν

152 2687 267 2722 Ἀσιὸι
291 2687 422 2730 κλέος,
444 2685 482 2720 Ὁ
508 2684 729 2730 παμιιάχων
755 2699 890 2744 κεραυ-

158 2732 240 2777 νός,
278 2732 301 2768 ὁ
339 2733 479 2777 πλατὺς
513 2732 652 2776 πόδας,
688 2732 726 2767 0
756 2733 890 2777 καινὸς

932 1074 1080 1120 Ἄτλας,
1106 1078 1151 1111 αϊ
1179 1081 1209 1112 τ’
1243 1078 1420 1113 ἀνίκατοι
1457 1081 1566 1137 χέρες
1586 1077 1678 1144 ῑΈῤ-

938 1123 1058 1181 ῥοντι·
1109 1124 1175 1160 τὸν
1216 1125 1256 1160 δὲ
1297 1124 1467 1181 πρόσθεν
1514 1124 1595 1160 οὔτ’
1635 1127 1677 1161 ἐν

938 1171 1111 1215 Ιταλοῑς,
1146 1170 1239 1206 Οὕθ’
1270 1171 1418 1207 Ελλάδι
1450 1172 1494 1208 τὸ
1518 1174 1677 1231 πρῶτον

937 1218 1156 1275 (τροπικόν
1170 1221 1386 1264 Baiterus.)‚
1411 1219 1490 1255 οὔτ’
1508 1222 1549 1255 ἐν
1564 1221 1677 1256 'Anah

937 1265 976 1301 Ο
1001 1265 1127 1301 πάντα
1159 1268 1274 1302 νικῶν
1305 1266 1424 1312 Αΐόης
1454 1266 1676 1317 aiv-§reama

942 1335 986 1338 —
1013 1317 1192 1349 Nodosa-
1209 1316 1444 1370 -qheraqrfl
1488 1327 1564 1359 „ex
1600 1327 1678 1362 qua

942 1363 1118 1397 oriuntur
1136 1363 1227 1397 nodi
1252 1363 1293 1396 in
1314 1364 1519 1409 digitorum
1536 1365 1676 1398 articu-

941 1410 1022 1444 lis.“
1052 1410 1158 1444 Gonf.
1186 1410 1260 1445 Sat.
1282 1413 1315 1454 2,
1339 1413 1371 1454 7,
1396 1413 1437 1445 15
1459 1422 1568 1456 sq.-—
1587 1420 1675 1454 pro-

939 1458 1076 1501 hibere]
1119 1457 1248 1492 eadem
1274 1459 1574 1502 constructione,
1600 1469 1676 1504 qua

940 1504 1034 1549 Epp.
1056 1509 1087 1548 1,
1106 1507 1138 1548 8,
1158 1507 1222 1539 10:
1247 1514 1492 1540 me--arcere
1514 1509 1675 1541 veterno.

988 1555 1109 1586 32-35.
1131 1555 1195 1586 Est
1210 1555 1372 1594 quadam
1384 1555 1535 1595 prodire
1559 1554 1676 1598 tenus]

942 1600 1055 1642 „licet
1087 1600 1265 1646 progredi
1297 1611 1420 1645 usque
1449 1601 1496 1635 ad
1529 1604 1675 1635 certum

941 1648 1129 1691 quendam
1179 1647 1418 1681 terminum.“
1478 1647 1674 1682 Vooabulo

940 1696 1204 1735 quadamtenus
1229 1694 1432 1738 aliquoties
1458 1695 1578 1728 utitur
1595 1694 1675 1728 Pli-

940 1742 1027 1775 nius
1052 1742 1188 1784 maior,
1221 1741 1351 1775 eadem
1375 1741 1675 1777 conformatione

939 1788 1140 1831 feminina,
1167 1799 1242 1832 qua
1267 1791 1356 1823 sunt
1380 1793 1578 1832 quatenus,
1605 1791 1675 1823 ali-

940 1838 1128 1878 quatenus,
1157 1837 1339 1879 hactenus,
1365 1839 1526 1879 eatenus,
1551 1838 1674 1871 illate-

938 1892 1017 1916 nus.
1068 1882 1206 1917 Eadem
1242 1884 1351 1918 tmesi
1385 1883 1492 1917 Ovid.
1524 1883 1674 1918 Metam.

939 1932 972 1972 5,
987 1932 1074 1964 642:
1100 1932 1183 1964 Hac
1206 1931 1388 1964 Arethusa
1404 1933 1519 1964 tenus.
1543 1930 1676 1966 Altera

939 1977 1023 2011 lect.
1053 1979 1332 2019 quodam-tenus
1356 1988 1510 2020 vereor,
1534 1980 1578 2011 ut
1602 1978 1675 2012 La-

938 2025 1020 2059 tina
1045 2026 1104 2059 sit.
1131 2045 1175 2048 —
1201 2027 1330 2058 Fervet
1356 2025 1440 2068 oet.]
1473 2024 1676 2068 „Remedia

939 2075 1107 2116 praesto*
1118 2075 1207 2106 sunt
1232 2073 1343 2106 etiam
1365 2072 1545 2107 adversus
1561 2073 1674 2107 vehe-

940 2119 1192 2154 mentissimas
1217 2120 1334 2154 animi
1357 2120 1674 2165 perturbationes,

941 2167 1140 2201 dummodo
1181 2167 1230 2201 iis
1272 2168 1327 2201 uti
1369 2167 1496 2201 velis.“
1546 2169 1675 2201 Fervet

940 2218 1064 2248 autem
1095 2215 1200 2248 velut
1230 2214 1340 2251 febri.
1389 2214 1571 2249 Similiter
1598 2213 1673 2248 Sat.

941 2264 974 2304 2,
1000 2264 1033 2304 3,
1059 2264 1123 2296 79:
1159 2263 1330 2304 Quisquis
1357 2263 1507 2295 luxuria
1533 2263 1673 2295 tristive

939 2310 1195 2351 superstitione
1211 2310 1283 2343 Aut
1308 2310 1386 2342 alio
1402 2310 1532 2343 mentis
1546 2310 1673 2342 morbo

941 2358 1045 2390 calet.
1072 2376 1117 2380 —
1141 2358 1346 2397 miseroque
1379 2355 1567 2399 cupidine]
1603 2354 1672 2388 od.

941 2406 972 2445 2,
1002 2406 1055 2446 16,
1083 2406 1145 2438 10:
1170 2405 1319 2436 miseros
1336 2404 1512 2436 tumultus
1529 2404 1672 2437 Mentis.

939 2451 983 2484 V.
1011 2452 1141 2492 cupido
1166 2450 1267 2495 apud
1291 2450 1490 2484 Horatium
1525 2459 1672 2493 semper

939 2499 1090 2544 generis
1116 2500 1172 2532 est
1195 2497 1407 2531 masculini.
1423 2516 1467 2521 —
1484 2499 1575 2532 Sunt
1590 2504 1672 2530 ver-

940 2548 985 2579 ba
1010 2545 1102 2588 cet]
1134 2545 1315 2579 Remedia
1340 2555 1386 2578 ex
1409 2543 1672 2589 philosophiae

938 2594 1004 2628 illa
1026 2595 1146 2637 parte,
1172 2603 1270 2636 quae
1295 2591 1343 2626 ad
1367 2602 1490 2626 mores
1517 2593 1670 2634 spectat,
1698 2611 1705 2617 -

939 2641 1032 2674 scite
1067 2643 1257 2684 comparat
1283 2650 1367 2673 cum
1401 2637 1579 2684 ἐπῳδαῖς,
1613 2637 1672 2671 111-

939 2687 1185 2722 cantamentis
1202 2686 1370 2732 magicis,
1396 2685 1535 2730 quibus
1557 2684 1671 2720 etiam

938 2734 1074 2769 medici
1099 2734 1291 2768 interdum
1317 2733 1372 2767 uti
1395 2732 1585 2776 solebant3
1609 2740 1671 2765 vo-
