1774 2930
638 159 733 195 12113.
751 160 786 195 1.
832 158 986 194 Emsw.
1007 158 1092 194 XV.

1533 160 1620 201 349

617 285 959 340 'EPISTOLA
985 293 1102 339 XV.

226 378 347 428 Quae
378 379 435 422 sit
462 378 600 422 hiems
632 377 803 431 Veliae,
835 377 949 434 quod
978 377 1162 432 caelum,
1192 376 1320 431 Vala,
1353 376 1539 430 Salerni,

226 449 416 499 Quorum
443 449 664 493 hominum
684 449 805 505 regio
827 451 870 491 et
891 448 1028 505 qualis
1049 448 1140 502 via,
1164 472 1219 478 —
1241 462 1342 490 nam
1361 448 1468 490 mihi
1486 447 1617 490 Baias

224 519 349 564 Musa
378 534 663 578 supervacuas
694 519 929 572 Antonine,
962 523 1005 562 et
1034 522 1178 562 tamen
1208 519 1292 561 illis

108 658 147 682 se
165 652 343 684 exerceat.
361 669 406 674 —
423 646 583 692 censebo]
607 648 757 682 Domini
782 650 840 683 est

109 697 307 739 sententia,
331 707 427 742 quae
453 696 583 731 eadem
603 707 749 741 semper
767 694 840 730 erit

109 743 235 786 (unde
258 744 387 778 futuro
419 744 583 786 utitur),
615 744 678 777 cui
709 745 839 788 pareat

109 793 289 836 uterque,
320 791 456 826 vilicus
486 794 523 825 et
547 790 649 830 calo,
682 800 838 824 necesse

109 840 177 871 est.
224 837 282 871 De
304 838 378 872 boo
402 838 516 872 verbo
542 838 582 871 in
606 837 732 871 media
755 848 839 871 orae

109 883 211 919 tione
235 885 359 930 posito
384 885 453 919 err.
482 885 559 919 Cic.
584 884 688 919 Lael.
713 887 754 926 5,
782 886 837 918 17.

111 930 219 965 Catil.
244 934 279 974 4,
302 934 336 974 6,
364 934 420 966 13.

153 977 239 1013 XV.
264 978 304 1013 C.
319 978 524 1015 Nvuoms
549 978 690 1012 Vani
714 981 773 1012 est
795 979 836 1011 in

109 1024 278 1060 denariis
308 1026 409 1071 apud
433 1024 578 1060 Eokhel
601 1024 646 1059 D.
671 1023 715 1058 N.
741 1028 774 1059 5.
800 1036 836 1070 p.

109 1073 192 1106 268.
238 1072 414 1107 Fortasse
450 1072 549 1106 idem
586 1076 643 1106 est
676 1083 760 1106 oum
794 1072 836 1106 P.

108 1118 308 1158 Quinctilii
325 1119 417 1154 Vari
433 1119 569 1166 legato,
593 1120 639 1153 de
657 1129 732 1164 quo
749 1118 838 1154 Vel-

107 1165 172 1200 lei.
194 1168 229 1208 2,
255 1169 344 1200 119:
380 1167 471 1202 Vela
494 1168 711 1209 Numenius,
739 1167 837 1208 leua-

107 1215 166 1246 tus
190 1214 288 1256 Van,
313 1217 434 1248 celem
458 1216 599 1255 quietus
623 1223 667 1248 ac
689 1215 835 1256 probus,

108 1261 184 1294 diri
230 1263 359 1294 auctor
411 1262 587 1303 exempli,
640 1262 838 1302 spoliatum

110 1308 228 1347 equite
247 1309 403 1349 peditem
418 1309 626 1349 relinquens
650 1310 741 1349 [uqa
757 1317 838 1341 cum

110 1353 181 1386 alis
203 1355 373 1388 Rhenum
401 1357 525 1396 petere
556 1356 739 1396 inermus
772 1359 833 1389 est.

112 1401 217 1442 Quod
239 1402 378 1442 suctum
395 1403 473 1435 eius
489 1403 641 1443 fortuna
665 1403 745 1435 uua
763 1405 835 1442 est,-

109 1455 184 1480 non
219 1449 314 1481 em
346 1449 496 1482 desertis
533 1450 733 1490 superfuit,
772 1451 836 1483 sed

108 1495 273 1528 meram·
305 1497 445 1529 occidit.
493 1494 726 1540 Quamquam
763 1497 835 1530 hoo

107 1540 258 1575 demum
281 1551 315 1575 a.
339 1553 376 1576 ιι.
401 1553 433 1577 c.
458 1544 538 1576 762.
566 1540 709 1583 creuit,
742 1543 835 1577 adeo

109 1590 152 1621 ut
175 1588 315 1623 Velleii
347 1589 442 1623 Vala
473 1590 585 1624 etiam
618 1590 720 1623 filius
752 1601 836 1624 esse

106 1635 273 1679 potuerit
283 1635 491 1670 Hor-atiani.
504 1637 575 1671 Hic
587 1636 737 1671 videtur
747 1637 836 1670 fun-

107 1680 176 1716 dos
201 1682 285 1724 (cfr.
301 1693 335 1717 v.
354 1686 398 1717 45
417 1684 490 1728 sq.)
514 1684 694 1718 habuisse
718 1695 834 1729 prope

106 1728 252 1763 Veliam
281 1732 319 1764 et
342 1729 561 1774 Salernum,
593 1731 640 1765 de
673 1742 835 1775 quorum

107 1775 329 1820 oppidorum
345 1777 451 1812 caelo
463 1788 507 1812 ac
519 1779 600 1812 solo
614 1789 699 1812 eum
716 1779 835 1813 inter-

106 1826 227 1868 rogat,
252 1834 337 1858 cum
362 1825 403 1858 in
421 1825 541 1860 altero
559 1828 645 1860 utro
670 1837 739 1870 per
755 1827 835 1860 hie-

106 1879 203 1904 mem
219 1881 253 1905 a.
266 1881 304 1905 u.
322 1881 353 1905 c
371 1874 457 1907 731-
458 1874 538 1907 732.
556 1872 692 1918 degere
710 1873 833 1907 vellet.

106 1915 157 1950 Ut
178 1917 401 1962 aliquoties,
433 1919 497 1953 hic
525 1930 677 1964 quoque
701 1920 833 1955 festive

107 1963 292 2009 significat
308 1976 349 1999 se
362 1967 451 1999 tutis
468 1969 502 2000 et
512 1969 680 2008 parvulis
698 1968 747 2009 (v.
760 1969 833 2010 42.)

106 2020 264 2053 prorsus
288 2015 505 2046 contentum
532 2024 632 2055 esse,
658 2014 730 2047 etsi
755 2015 834 2048 lau·

108 2055 217 2090 tioris
233 2057 332 2091 vitae
349 2058 512 2092 fructum
529 2070 605 2093 non
621 2061 833 2104 praefracte

107 2102 265 2145 reiiciat,
289 2106 334 2138 ut
350 2104 466 2138 Stoici
483 2107 659 2140 nonnulli
677 2117 761 2141 sese
779 2108 833 2141 fa-

108 2159 194 2183 eere
219 2150 350 2184 saltem
374 2152 612 2187 simulabant.
642 2153 833 2188 Sermonis

108 2196 358 2241 negligentia,
395 2209 483 2232 vere
513 2199 729 2241 Luciliana,
767 2201 833 2234 sed

108 2243 282 2278 consulto
314 2245 504 2289 quaesita,
536 2247 654 2280 maior
687 2225 748 2281 hie
778 2251 835 2282 est

108 2300 221 2334 quam
245 2291 286 2324 in
310 2293 623 2336 praecedentium
647 2293 834 2338 Epistola-

106 2347 190 2370 rum
206 2337 296 2372 ulla.
320 2338 468 2373 Etenim
493 2342 724 2375 constructio
741 2342 834 2375 haec

107 2386 183 2418 ost·
211 2384 306 2426 „Par
331 2388 390 2420 est
413 2389 450 2421 te
475 2387 652 2430 scribere,
676 2399 745 2422 nos
763 2388 832 2422 tibi

106 2431 305 2467 accredere
330 2433 380 2475 (v,
397 2435 484 2477 25.,)
509 2445 607 2480 quae
629 2436 678 2469 sit
702 2435 833 2477 biems,

106 2477 231 2522 qualis
254 2480 316 2513 via
336 2481 407 2522 (vv.
427 2483 458 2523 1,
476 2481 539 2524 2.),
563 2483 682 2516 maior
707 2485 832 2516 utrum

104 2525 329 2570 populum--
313 2528 435 2572 ·iugis
451 2539 573 2573 aquae
596 2531 833 2573 (vv.14-.,16)

105 2573 248 2608 tractus
273 2576 382 2608 uter·
388 2577 549 2610 -reverti
574 2577 646 2618 (vv.
672 2579 733 2611 22-
719 2578 830 2619 -.“24)

106 2617 174 2652 Vv.
198 2621 232 2654 2.
263 2629 351 2654 nam
382 2623 474 2655 mihi
497 2626 567 2657 cet.
594 2642 637 2647 -
667 2626 722 2658 13.
748 2635 832 2658 rur-

107 2673 246 2717 susque
280 2670 336 2702 16.
368 2677 455 2702 nam
485 2671 573 2704 vina
606 2674 677 2704 cet.
704 2690 747 2695 —
774 2673 831 2705 21

107 2709 148 2744 ὶιι
173 2714 424 2759 παρενθέσεσι
447 2720 547 2750 sunt..

939 651 1009 682 1-4.
1038 647 1174 691 Veliae]
1199 647 1331 693 Hyele,
1354 647 1477 689 Helia,
1499 644 1618 685 Ἐλέα,

886 695 1077 730 Lucaniae
1094 695 1274 740 oppidum
1291 705 1314 728 a
1330 694 1512 729 Phocaeis
1530 704 1619 728 con·

885 742 1005 776 ditum
1032 746 1239 787 notumque
1272 745 1427 787 propter
1451 741 1618 786 philoso-

885 790 980 832 phos
1004 789 1205 831 Eleaticos,
1230 789 1340 823 hodie
1358 790 1487 822 Alenlo
1513 790 1617 831 (con-

886 840 946 871 tra
980 836 1230 871 Walckenaer
1270 837 1415 870 castel?
1452 844 1477 869 a
1511 844 1616 869 mare

886 885 984 917 della
1003 885 1173 927 Brucca).
1193 903 1235 908 —
1252 885 1447 918 salernum
1470 883 1510 916 in
1527 893 1618 928 agro

885 930 1104 972 Picentino,
1146 931 1335 976 hodieque
1371 931 1537 965 salerno.
1571 948 1615 954 —-

887 979 1052 1020 Quorum
1067 978 1267 1021 hominum]
1294 978 1382 1022 „qui
1398 987 1522 1011 mores
1541 977 1619 1011 sint

886 1025 1115 1067 incolarum,
1149 1035 1247 1070 quae
1271 1026 1369 1059 vitae
1398 1024 1544 1059 ratio?“
1572 1042 1616 1049 —

885 1072 1014 1115 Baias]
1041 1072 1117 1106 Cfr.
1135 1073 1229 1117 Epp.
1249 1074 1281 1113 1,
1300 1075 1332 1114 1,
1358 1074 1414 1105 83.
1431 1090 1477 1096 —-
1493 1073 1619 1106 Musa-

884 1119 1086 1162 Antonius]
1122 1120 1341 1161 „Antonius
1365 1118 1474 1153 Musa
1498 1118 1619 1163 aegri-

886 1166 1018 1201 tudine
1043 1167 1207 1211 Augusti
1240 1170 1357 1200 artem
1391 1177 1498 1200 suam
1530 1166 1619 1199 illu-

886 1214 1037 1256 stravit3
1063 1225 1149 1248 nam
1167 1225 1252 1248 cum
1271 1214 1402 1248 dolore
1420 1214 1617 1248 arthritico

886 1261 1076 1295 laboraret
1108 1264 1146 1295 et
1176 1261 1223 1295 ad
1257 1272 1436 1295 summam
1462 1261 1618 1295 maciem

885 1307 1093 1352 perductus
1130 1312 1247 1350 esset,
1286 1311 1444 1342 curante
1479 1307 1618 1342 Amilio

883 1355 961 1398 (sic)
978 1355 1136 1398 medico,
1162 1356 1227 1400 qui
1252 1366 1338 1389 eum
1362 1355 1456 1389 adeo
1483 1354 1616 1390 calidis

883 1402 1058 1443 curabat,
1091 1406 1134 1436 ut
1157 1406 1298 1436 tectum
1332 1402 1502 1436 cubiculi
1527 1403 1611 1436 eius

882 1449 1089 1483 velleribus
1114 1450 1299 1491 muniret,
1332 1450 1395 1483 hic
1419 1453 1553 1493 postea
1575 1450 1617 1483 in

884 1496 1114 1530 contrarium
1157 1497 1278 1531 versis
1323 1496 1498 1531 omnibus
1539 1507 1615 1530 non

882 1544 1004 1577 solum
1027 1543 1314 1588 perfusionibus
1343 1543 1515 1589 frigidis,
1551 1543 1618 1578 sed

884 1591 999 1624 etiam
1040 1591 1280 1636 gargarismis
1317 1590 1540 1625 Cicerninae
1576 1602 1616 1625 a·

883 1648 992 1681 quae,
1005 1649 1102 1682 quae
1116 1642 1174 1672 est
1184 1638 1332 1672 Atellae
1349 1639 1388 1671 in
1403 1638 1511 1672 domo
1526 1638 1619 1672 Cae-

883 1686 998 1726 saris,
1030 1688 1069 1719 et
1093 1685 1309 1729 potionibus
1335 1696 1428 1719 usus
1453 1688 1532 1727 est,
1563 1686 1617 1720 ita

883 1735 926 1765 ut
950 1732 1051 1766 intra
1083 1732 1196 1767 breve
1221 1736 1367 1776 tempus
1397 1743 1484 1766 eum
1509 1743 1617 1767 cura-

882 1782 959 1822 ret3
985 1779 1032 1813 ob
1058 1790 1171 1824 quam
1197 1790 1347 1814 causam
1373 1779 1420 1813 ab
1442 1780 1615 1825 Augusto

882 1837 1004 1871 usque
1030 1827 1077 1861 ad
1101 1827 1148 1860 H.
1173 1826 1209 1860 S.
1235 1827 1546 1872 quadringenties
1570 1838 1617 1861 ex

884 1872 920 1906 S.
953 1873 993 1907 C.
1030 1874 1188 1918 accepit.
1237 1874 1309 1908 Hic
1345 1877 1471 1908 autem
1507 1873 1617 1909 Musa

882 1920 1038 1955 Horatio
1071 1922 1184 1955 iussit
1217 1924 1259 1955 ut
1292 1922 1441 1956 lavacro
1478 1921 1615 1966 frigido

883 1971 1055 2002 uteretur
1087 1971 1243 2012 propter
1281 1969 1479 2003 oculorum
1511 1969 1616 2002 dolo·

881 2016 995 2048 rems*
1047 2015 1177 2049 Conni.
1203 2016 1325 2054 CRUQ.
1358 2016 1433 2049 Cfr.
1460 2016 1613 2050 Sueten.

882 2059 1011 2095 Octav.
1030 2064 1088 2095 59.
1114 2065 1153 2095 et
1171 2064 1227 2095 81.
1252 2062 1323 2096 Dio
1343 2062 1446 2096 Cass.
1465 2065 1523 2105 53,
1548 2065 1613 2096 30:

878 2104 917 2139 Ὁ
948 2107 980 2139 δ’
1009 2104 1248 2164 Αὔγουστος,
1282 2108 1486 2142 ἑνδέκατον
1518 2106 1614 2151 μετὰ

881 2154 1149 2209 Καλπουρνίου
1174 2156 1373 2198 Πείσωνος
1404 2152 1536 2208 ᾄρξας
1536 2157 1614 2210 (a.

883 2212 919 2233 u.
945 2202 1062 2243 731.),
1095 2199 1345 2281 ἢὲῥωστησεν
1377 2203 1492 2245 αὖθις
1516 2198 1615 2237 ὥστε

880 2246 1075 2303 ,ιιηῦιῇιιιίινδ
1103 2260 1122 2282 ε
1151 2249 1238 2282 *titia
1270 2252 1463 2305 σωτηρίας
1494 2255 1614 2291 σχεῖν.

881 2297 1003 2328 --καὶ
1026 2293 1402 2340 αὐτὸν--Ἀντώνιός
1425 2309 1484 2340 τις
1505 2295 1615 2331 Μού-

882 2353 954 2384 σας
989 2345 1057 2376 καὶ
1091 2343 1402 2398 ψυχρολουσίαις
1432 2347 1501 2378 καὶ
1531 2352 1613 2387 ψυ-

882 2391 1116 2445 χροποσίαις
1135 2389 1318 2425 ἀνέσωσε·
1345 2394 1410 2425 καὶ
1433 2391 1497 2425 διὰ
1525 2393 1614 2426 τοῦ-

882 2447 927 2470 το
950 2439 1017 2470 καὶ
1040 2435 1221 2485 χρήματα
1245 2436 1356 2493 :tapsi
1381 2450 1420 2472 τε
1443 2439 1511 2473 τοῦ
1537 2437 1614 2472 Αὐ-

881 2480 1047 2526 γούστου
1071 2487 1138 2518 καὶ
1155 2483 1257 2518 :rand
1274 2487 1343 2530 τῆς
1357 2486 1503 2531 βουλῆς
1521 2486 1613 2520 ,τολ-

880 2528 928 2563 m
952 2534 1017 2565 καὶ
1035 2530 1079 2566 τὸ
1096 2537 1255 2587 χρυσοῖς
1270 2533 1486 2575 δακτυλίοις
1504 2531 1613 2576 (ἁπε-

880 2574 1060 2632 λεύθερος
1082 2591 1171 2636 γαξ
1181 2581 1246 2624 ἦν)
1272 2581 1455 2627 χρῆσθαι,
1479 2577 1551 2624 τήν
1573 2591 1613 2614 τε

880 2622 1052 2659 ἀτέλειαν
1068 2645 1089 2650 -
1103 2645 1125 2651 -
1139 2627 1286 2667 ελαβεν.
1334 2628 1390 2662 De
1416 2628 1612 2661 nominum

881 2672 1014 2707 ordine
1032 2673 1099 2707 cfr.
1117 2674 1186 2708 Od.
1204 2677 1237 2716 2,
1258 2678 1314 2716 11,
1332 2677 1365 2709 2.
1377 2683 1613 2716 -superva-

881 2728 1001 2753 cuas-
1017 2722 1160 2764 ·Ῑιιοῑι]
1195 2722 1317 2763 „dicit
1348 2721 1496 2755 nullum
1520 2722 1611 2756 inde
