1774 2930
702 117 798 160 LIB.
820 117 869 152 11.
912 116 1015 153 SAT.
1038 117 1106 152 m.

1576 118 1655 160 181

262 221 496 277 Postquam
527 224 594 262 est
623 219 830 275 impransi
860 222 1079 274 correptus
1110 231 1214 262 voce
1245 218 1470 274 magistri?

263 291 454 347 Porrigis
484 291 593 333 irato
623 303 757 346 puero
788 303 884 332 cum
914 303 1054 345 poma,
1085 292 1283 332 recusat:

262 362 409 416 Smne,
441 360 614 404 catelle!
646 363 797 416 negat3
831 360 868 401 si
898 374 984 402 non
1014 359 1103 413 des,
1135 363 1282 416 optet:
1314 363 1479 402 amator

263 431 476 475 Exclusus
498 432 571 488 qui
590 430 734 484 distat,
764 431 854 487 agit
874 431 948 474 ubi
969 444 1128 484 secum,
1160 435 1230 474 eat
1251 444 1307 473 an
1328 444 1429 483 non,

1573 431 1659 471 260

262 503 361 552 Quo
389 502 602 548 rediturus
634 506 729 544 erat
754 515 840 543 non
870 502 1112 555 arcessitae,
1145 506 1188 545 et
1218 501 1367 545 haeret

260 574 417 616 Invisis
447 573 641 615 foribus?
670 572 760 615 Nec
790 586 917 626 nunc,
948 586 1044 615 cum
1074 586 1143 615 me
1174 576 1298 614 vocat
1328 572 1454 625 ultro,

262 644 507 687 Accedam?
537 658 592 686 an
622 644 766 700 potius
796 642 978 686 mediter
1006 642 1129 685 finire
1161 643 1331 686 dolores
1345 643 1365 684 P

261 714 477 769 Exclusit3
509 719 704 767 revocat3
733 713 939 756 redeam?
969 712 1080 767 Non,
1113 714 1151 755 si
1173 713 1380 756 obsecret.
1421 712 1536 755 Ecce

263 784 423 828 Servus
453 799 538 827 non
568 785 695 841 paulo
727 784 980 840 sapientior:
1020 783 1057 826 Ο
1088 784 1205 837 here,
1238 798 1348 840 quae
1379 798 1448 826 res

1571 784 1657 824 265

260 855 353 899 Nec
381 855 554 898 modum
582 855 713 898 habet
742 868 881 911 neque
913 855 1158 908 consilium,
1190 855 1356 897 ratione
1387 854 1602 910 modoque

264 926 455 969 Tractari
484 940 570 968 non
599 925 701 967 volt.
742 925 791 967 In
823 939 967 968 amore
998 924 1105 968 haec
1135 930 1235 967 sunt
1265 925 1391 978 mala,
1423 924 1599 977 bellum,

261 997 356 1039 Pax
384 1011 573 1039 rursum:
606 996 713 1039 haec
745 997 780 1038 si
813 997 907 1052 quis
938 996 1207 1053 tempestatis
1240 1010 1375 1052 prope
1406 996 1491 1037 ritu

239 1129 320 1162 259.
362 1127 478 1161 citelle
516 1136 599 1161 cum
624 1125 808 1160 Ascensio
844 1125 885 1159 F.
912 1145 954 1149 —
982 1128 1083 1167 optat
1117 1125 1186 1170 Sp,
1221 1125 1391 1170 quinque
1424 1124 1612 1166 Pottierii,

190 1174 336 1208 LctFJ.
370 1174 443 1217 (Ut
467 1184 555 1216 nos,
587 1174 634 1208 bc
660 1175 698 1207 et
722 1173 837 1207 ceteri
861 1172 1062 1216 Pottierii.)
1090 1192 1132 1197 -—
1160 1174 1239 1207 262.
1272 1174 1347 1207 Nec
1371 1181 1469 1205 manc
1502 1170 1612 1216 bScp,

191 1221 270 1256 Lot
294 1225 332 1256 et
354 1223 504 1266 praeter
528 1231 647 1254 unum
672 1220 843 1255 Pottierii
870 1231 1022 1254 omnes:
1056 1221 1110 1254 Ne
1135 1229 1232 1253 nunc
1256 1230 1277 1254 e
1304 1220 1473 1264 quinque
1499 1218 1613 1253 Codd.

192 1269 406 1310 Bentleius,
437 1267 516 1301 ΕΜ.
544 1287 586 1291 -
612 1270 713 1301 vocet
738 1267 829 1312 bcp,
855 1266 1028 1301 Pottierii
1055 1278 1204 1310 omnes,
1229 1266 1320 1301 LCt.
1347 1266 1420 1309 (Ut
1444 1277 1533 1308 nos,
1561 1265 1612 1308 S.)

196 1334 238 1339 —
265 1318 346 1350 265.
371 1324 432 1349 ere
457 1315 495 1349 S.

143 1408 401 1451 impransiJ„
414 1407 571 1442 sobriiss
630 1407 706 1441 Cfr.
739 1406 814 1440 Sat.
844 1409 876 1449 2,

144 1457 310 1498 2,‘1.—
337 1454 537 1497 correptus]
565 1455 722 1496 „acriter
747 1465 877 1508 repre-

144 1503 322 1556 hensusf‘
342 1521 385 1526 —
403 1501 547 1544 catella]
571 1498 878 1548 ὖποκοριστικόν,

147 1549 248 1594 quod
270 1548 311 1583 in
333 1559 407 1583 usu
423 1549 562 1583 mansit
578 1559 698 1593 usque
716 1548 763 1582 ad
786 1551 878 1582 tem-

142 1606 239 1642 pora
261 1595 493 1641 Hieronymi.
529 1595 648 1642 Epist.
673 1595 720 1629 ad
743 1595 878 1630 Eusto-

142 1643 292 1686 chium,
314 1642 455 1677 Paulae
480 1642 614 1684 filiam,
640 1644 703 1684 22,
729 1644 785 1676 29.
810 1654 876 1687 pa-

145 1690 262 1725 rasita
277 1689 324 1724 ad
339 1692 565 1724 matronam:
589 1691 646 1725 Mi
669 1690 738 1732 (sic
765 1690 876 1724 etiam

145 1737 370 1780 Vallarsins)
395 1738 540 1780 catella,
560 1738 669 1771 rebus
685 1738 757 1770 luis
774 1740 877 1770 utere

146 1787 181 1818 et
196 1785 289 1826 vive,
311 1785 398 1818 dum
412 1786 522 1825 dvis,-
548 1787 581 1818 et
597 1785 774 1825 numquid
790 1785 875 1826 filiis

143 1833 218 1865 tuis
249 1834 397 1865 servas?
445 1831 567 1865 Plant.
599 1831 748 1866 Asinar.
774 1833 816 1873 3,
843 1833 876 1873 3,

148 1879 238 1912 103:
262 1880 331 1912 Dic
354 1880 467 1919 icitur
481 1887 538 1912 me
555 1880 792 1920 anaticulam,
819 1887 876 1911 co-

145 1925 306 1959 lumbam
329 1926 388 1959 vel
412 1926 594 1966 catellum,
619 1927 875 1968 Hir-nminem,

144 1973 388 2013 monedulam,
411 1974 672 2014 passerculum,
692 1973 876 2014 paullum.

146 2018 242 2052 Voss
266 2019 304 2052 h.
328 2019 354 2052 1.
381 2020 678 2052 Wieselchen.

194 2067 361 2099 260-270.
379 2067 455 2106 avil
472 2067 535 2099 ubi
548 2075 670 2099 secum
689 2066 774 2107 cet.]
804 2066 876 2099 Το-

147 2113 208 2146 tus
233 2111 295 2144 hic
319 2111 426 2146 locus
449 2123 566 2156 prope
583 2112 630 2146 ad
646 2113 802 2146 verbum
820 2123 878 2146 re-

146 2157 222 2192 fert
260 2158 402 2202 primae
443 2158 620 2192 Eunuchi
658 2158 877 2192 Terentiani

146 2214 282 2239 scenae
306 2208 451 2249 partem
475 2206 650 2250 priorem,
676 2205 743 2238 ubi
758 2206 877 2239 Phae-

146 2251 230 2286 dria
265 2253 411 2287 iuvenis
448 2263 471 2286 a
502 2252 644 2287 Thaide
680 2252 878 2286 meretrice

146 2302 368 2334 revocatus:
425 2301 519 2342 Quid
557 2301 672 2341 initur
711 2301 878 2341 faciam?

145 2354 220 2379 non
251 2355 349 2389 eam,
387 2355 431 2380 m
463 2355 561 2380 nunc
591 2348 754 2389 quidem,
792 2347 878 2380 Cum

143 2401 310 2426 arcessor
340 2395 463 2427 ultro?
500 2403 550 2427 an
578 2395 703 2436 potius
735 2395 790 2427 ila
820 2403 877 2427 me

145 2447 364 2483 comparem,
388 2442 470 2474 Νοπ
483 2442 625 2482 perpeti
647 2442 878 2474 merem'cum

147 2489 395 2521 emaumelias.
420 2489 604 2529 Exclu-eiu·
629 2491 796 2521 revocat.-
819 2497 877 2522 re-

142 2534 277 2567 deam?
314 2543 403 2577 non,
436 2536 468 2568 ei
496 2543 553 2568 me
585 2536 754 2568 obsecret.
802 2534 879 2570 Ho-

147 2580 284 2614 ratium
296 2584 420 2616 autem
435 2582 602 2616 imitatus
617 2585 684 2623 est,
704 2581 877 2617 consu-lto

145 2628 269 2660 tamen
301 2627 529 2671 Menandro,
560 2629 716 2663 Persius
736 2629 818 2662 Sat.
844 2632 877 2667 5,

149 2675 213 2707 161
241 2684 345 2720 seqq.
371 2695 414 2700 —
441 2675 538 2719 aoid]
568 2676 624 2710 De
651 2677 782 2710 ultima
807 2677 879 2721 syl-

926 1407 1011 1441 laba
1046 1407 1229 1451 producta
1265 1406 1340 1440 vid.
1374 1406 1448 1440 Sat.
1474 1408 1513 1449 2,
1539 1407 1578 1448 2,
1604 1407 1661 1440 47.

927 1473 971 1478 -
996 1456 1070 1488 Nec
1103 1454 1213 1497 nunc]
1263 1454 1324 1488 Sic
1366 1464 1449 1488 cum
1487 1453 1660 1499 graviore

927 1501 1043 1535 Oodd.
1068 1501 1293 1536 anctoritate
1322 1501 1514 1546 plerique,
1547 1500 1661 1535 etiam

926 1559 1047 1593 nuper
1083 1549 1197 1590 Iahn,
1238 1548 1440 1582 ediderunt
1479 1550 1566 1592 post
1605 1558 1661 1589 ea,

926 1606 1020 1650 qnae
1046 1595 1295 1630 scientissime
1329 1595 1535 1639 disputavit
1558 1593 1660 1630 Mad-

925 1643 1046 1688 vigius
1080 1642 1127 1677 ad
1154 1642 1231 1676 Cic.
1257 1642 1303 1676 de
1335 1643 1445 1677 Finn.
1470 1654 1507 1687 p.
1533 1644 1577 1676 82
1605 1653 1660 1687 sq.

926 1692 964 1724 et
1001 1691 1068 1724 822
1107 1701 1189 1734 sqq.
1248 1690 1320 1724 Hic
1358 1689 1510 1735 quidem
1548 1689 1660 1724 unice

924 1739 1079 1782 propter
1104 1738 1320 1782 euphonian
1346 1737 1523 1771 nonnulli
1553 1747 1662 1780 prae-

925 1784 1057 1818 tulisse
1094 1784 1270 1818 videntur
1307 1793 1351 1818 ne
1387 1793 1484 1817 nunc
1521 1783 1660 1818 veriori

925 1831 1093 1874 lectioni,
1119 1834 1156 1865 et
1181 1832 1221 1865 in
1244 1831 1427 1866 Persiana
1451 1831 1660 1865 imitatione

925 1881 968 1919 5,
995 1881 1074 1913 172.
1124 1878 1330 1921 (Quidnam
1355 1880 1470 1920 iqt'lur
1494 1879 1661 1920 faciam?

924 1934 969 1958 πε
993 1935 1100 1968 nunc,
1126 1935 1207 1959 cum
1225 1928 1384 1959 arcessat
1403 1928 1435 1959 el
1453 1926 1551 1958 ultro
1567 1927 1660 1967 Sup-

921 1973 1050 2014 plicel,
1087 1973 1306 2017 accedo-mr)
1344 1974 1384 2006 in
1419 1972 1534 2007 Codd.
1566 1973 1660 2006 meis

926 2020 1101 2053 omnibus
1120 2025 1176 2054 est
1192 2029 1257 2053 nec
1272 2029 1378 2062 nunc,
1398 2020 1469 2054 etsi
1486 2020 1659 2064 plerique

925 2066 1127 2100 ediderunt
1158 2076 1204 2100 πε
1228 2076 1336 2100 nunc.
1364 2086 1407 2090 -
1432 2066 1550 2109 vocat]
1583 2065 1660 2100 Ma·

926 2113 1064 2147 nifesto
1090 2113 1136 2146 ad
1170 2116 1316 2156 tempus
1350 2114 1534 2155 refertur,
1568 2123 1661 2157 quo-

926 2159 1028 2194 circa
1060 2162 1228 2204 praestat
1253 2160 1402 2194 Codicis
1430 2160 1452 2193 S
1487 2159 1661 2194 indicati-

926 2217 1007 2248 vus,
1032 2218 1145 2251 quem
1162 2207 1356 2241 Bentleius
1382 2206 1659 2241 restituendum

926 2252 1034 2287 duxit
1067 2254 1208 2296 „etiam
1241 2254 1369 2288 invitis
1394 2253 1658 2288 membranis.“

926 2319 969 2324 -
999 2302 1028 2334 Ο
1067 2303 1168 2343 here,
1205 2310 1298 2342 quae
1334 2310 1393 2335 res
1426 2301 1511 2344 cet.]
1547 2301 1659 2345 Apud

927 2347 1143 2382 Terentium
1191 2348 1376 2382 Parmeno
1427 2359 1558 2382 servus
1612 2348 1658 2382 ad

924 2394 1170 2429 Phaedriam:
1203 2397 1324 2438 Here,
1355 2405 1448 2436 quae
1471 2404 1528 2429 res
1553 2397 1592 2428 in
1622 2405 1659 2428 se

926 2450 1041 2483 neque
1062 2444 1251 2476 consilium
1275 2452 1390 2483 neque
1414 2444 1561 2476 modum
1578 2444 1659 2475 Ha-

927 2490 982 2522 bet
1006 2490 1133 2532 ullum,
1161 2499 1241 2523 eam
1266 2491 1416 2523 consilio
1434 2497 1560 2530 revere
1585 2497 1657 2521 non

923 2539 1037 2577 potes.
1075 2539 1120 2570 In
1138 2546 1262 2570 amore
1285 2538 1372 2570 haec
1396 2538 1519 2569 omnia
1536 2537 1658 2568 insum

925 2584 1035 2616 vitia:
1060 2585 1240 2626 iniuriae,
1269 2585 1512 2625 Suspiciones,
1538 2583 1658 2614 inimi-

927 2632 1051 2673 ciliae,
1075 2632 1258 2672 indutiae,
1285 2631 1447 2671 Bellum,
1472 2637 1550 2670 pax
1574 2637 1658 2662 rur-

926 2685 1030 2710 sum.-
1065 2680 1205 2711 incerta
1239 2679 1326 2711 haec
1361 2680 1399 2710 tu
1433 2678 1465 2709 si
1499 2676 1658 2717 postules
