1774 2930
611 166 706 201 Lm.
729 166 760 200 Ι.
804 164 959 200 ΕΡῙΒΤ.
981 163 1120 199 xvm.

1528 163 1615 205 385

228 269 323 312 Hoc
353 283 446 325 age,
477 282 533 311 ne
561 271 727 310 mutata
753 271 987 309 retrorsum
1017 269 1061 307 te
1090 264 1201 307 ferat
1231 278 1346 306 aura.

230 339 423 383 Oderunt
452 339 630 381 hilarem
661 338 806 380 tristes
835 337 1087 392 tristemque
1116 336 1267 388 iocosi,

229 410 433 454 sedatum
463 409 637 462 celereS,
670 409 826 465 agilem
856 420 1096 463 navumque
1125 406 1317 459 remissi3

1556 406 1612 447 90

231 481 431 536 [Potores
461 480 597 523 bibuli
627 479 768 522 media
798 479 850 522 de
880 482 1017 521 nocte·
1034 476 1227 531 Falerni]

228 551 421 595 Oderunt
449 555 645 608 porrecta
673 554 900 606 negantem
930 549 1095 606 pocula,
1125 547 1318 604 quamvis

225 622 466 665 Nocturnos
497 622 611 664 iures
641 626 685 664 te
714 620 941 663 formidare
970 633 1165 676 vapores.

158 766 214 798 88.
238 764 348 806 serat]
374 765 482 797 venat
507 762 622 797 Codd.
641 750 828 796 Torrentii
854 761 999 803 (nullus
1017 771 1087 794 nec
1104 763 1319 794 nostrorum
1335 769 1460 804 neque
1478 759 1564 793 Pot-

157 811 292 854 tierii).
319 830 362 835 —-
389 812 445 844 90.
470 819 674 851 navumque
698 808 819 850 bSEc‚

851 808 906 842 L:
940 816 1169 850 anavumque
1194 807 1235 848 (1,
1261 807 1324 849 Gt,
1356 806 1564 847 Bentleins,

156 857 254 892 Ima.
284 857 370 891 Vid.
395 857 443 891 ad
466 857 559 902 Epp.
588 861 620 898 1,
646 859 678 899 6,
703 858 759 891 20.
785 875 827 880 ——
856 858 912 889 91.
938 855 1049 889 Hunc
1073 865 1222 889 versum
1248 865 1319 888 om.
1343 853 1417 895 Eb,
1441 865 1498 898 pr.
1524 853 1565 895 d,

157 915 286 940 onmes
302 905 473 939 Pottierii
498 906 674 949 (quorum
699 903 846 937 duobus
871 913 894 936 a
918 902 1084 937 secunda
1107 912 1219 935 manu
1246 901 1457 945 adscriptus
1483 901 1565 943 est),

155 953 233 986 alii.
259 971 303 976 -
328 954 368 986 P.
395 953 526 993 liquidi
554 960 602 984 m.
631 952 666 984 (1.
700 952 776 984 luce
799 950 1006 984 Bentleius.
1030 968 1073 973 -
1100 948 1168 982 Vv.
1195 949 1307 981 bibuli
1331 967 1374 972 —
1403 949 1566 982 Oderunt

157 1010 243 1034 oum
258 999 442 1035 Pottierio
458 997 714 1033 delevitM—
725 999 782 1031 93.
807 1000 948 1039 tepores
965 995 1295 1040 bSEdp‚01-uquii
1313 1005 1455 1036 omnes,
1478 994 1566 1029 Pot-

155 1046 255 1081 tierii
271 1045 457 1091 plerique,
482 1045 522 1088 C,
546 1045 743 1079 Bentleius
759 1046 797 1078 et
814 1043 855 1078 Ο.

106 1177 198 1210 haec
230 1175 352 1221 imago
384 1174 432 1210 ad
465 1185 529 1210 eos
561 1174 735 1216 refertur,
768 1175 833 1219 qui

106 1234 129 1256 a
150 1224 327 1267 portuum
350 1222 508 1267 refugiis
533 1221 683 1267 longius
701 1221 834 1255 remoti

106 1272 369 1314 tempestatum
392 1280 436 1303 ac
455 1269 638 1303 fluctuum
654 1268 834 1313 periculis

108 1315 260 1350 obnoxii
296 1320 403 1358 sunt,
448 1320 490 1350 ut
526 1319 583 1349 est
619 1315 718 1360 apud
757 1315 834 1348 Cic.

108 1362 219 1397 Tusc.
242 1366 284 1405 4,
310 1365 374 1405 18,
398 1364 470 1397 42:
507 1365 594 1404 Ipsa
624 1363 693 1395 sibi
727 1363 835 1395 imbe-

107 1411 242 1444 cillitas
271 1410 434 1451 indulaet
464 1411 505 1442 in
535 1410 721 1450 auumque
750 1417 836 1450 pro-

108 1458 249 1490 vehitur
279 1457 500 1498 impr-adm.
540 1456 680 1490 Verum
705 1455 765 1489 vel
790 1466 835 1490 ex

107 1503 230 1538 verbis
245 1512 291 1538 ne
305 1505 448 1537 mutata
463 1504 663 1537 retrorsum
686 1506 718 1536 te
740 1504 836 1544 serat

108 1558 221 1593 aura,
244 1550 284 1584 id
309 1553 384 1593 est,
410 1561 485 1593 „ne
510 1550 609 1595 regis
635 1550 690 1583 tui
714 1550 835 1594 gratia

107 1596 304 1640 excidas,“
347 1600 451 1642 patet
485 1597 609 1631 locum
646 1597 835 1631 contraria

105 1644 249 1679 ratione
282 1644 543 1688 exponendum
573 1654 674 1686 esse,
707 1647 750 1677 nt
774 1643 835 1678 Ti-

105 1690 235 1729 bullus
267 1693 308 1734 1,
339 1693 382 1734 5,
415 1693 486 1725 76:
521 1692 562 1724 in
600 1691 739 1732 liquida
770 1694 835 1725 nat

105 1738 170 1771 nei
206 1738 314 1772 linter
349 1747 468 1780 aqua,
513 1737 578 1772 ubi
616 1738 834 1783 designatur

103 1783 226 1819 facilis
266 1787 304 1819 et
342 1785 538 1830 expeditus
579 1795 724 1819 cursus.
777 1785 834 1819 Ita

103 1831 294 1875 iuvenem,
319 1832 386 1877 qni
410 1832 561 1866 tandem
584 1832 713 1876 puella
736 1832 833 1877 poti-

103 1881 166 1913 tus
199 1881 276 1921 est,
308 1879 512 1923 alloquitur
537 1878 694 1913 Ovidius
719 1880 762 1912 A.
786 1879 830 1913 A.

105 1926 139 1967 2,
154 1927 196 1959 9:
218 1927 346 1959 maiis
368 1929 434 1960 tua
453 1928 562 1967 pinus
579 1928 619 1959 in
634 1928 739 1960 undis
756 1928 831 1960 Να-

103 1973 217 2013 vium.
272 1972 389 2006 Recte
437 1973 553 2017 igitur
599 1973 831 2017 Porphyrio:

107 2018 230 2059 „Cum
264 2029 486 2063 prosperum
518 2030 669 2053 cursum
705 2020 832 2053 amici-

82 2101 87 2104 ,
106 2065 180 2098 tiae
205 2066 345 2099 tenes.“

111 2125 118 2137 e
153 2112 211 2145 89.
235 2113 291 2145 90.
333 2113 495 2145 Oderunt
519 2113 604 2155 cet-J
638 2112 718 2146 Iam
741 2123 832 2146 enu-

106 2161 225 2192 merat
244 2158 422 2201 rationes,
445 2161 598 2203 propter
619 2170 713 2203 quas
736 2159 831 2192 diffi-

106 2204 181 2238 cile
216 2204 266 2239 sit
301 2215 384 2239 cum
416 2205 633 2249 potentibus
666 2206 719 2239 ita
750 2216 832 2239 ver-

107 2252 199 2293 sari,
230 2253 273 2285 ut
302 2252 450 2285 nullum
480 2252 568 2286 inde
597 2252 761 2286 taedium
785 2253 831 2286 ad

106 2308 176 2332 nos
198 2297 396 2332 redundet.
442 2298 540 2333 Ante
571 2300 695 2334 omnia
724 2299 831 2334 indo-

106 2344 153 2379 lis
183 2345 382 2380 diversitas
414 2355 526 2390 saepe
555 2347 595 2380 in
628 2357 741 2380 causa
765 2350 831 2389 est,

104 2394 149 2425 ut
181 2391 230 2427 iis
261 2392 534 2437 displiceamus.
583 2393 671 2428 Tria
708 2395 831 2427 autem

104 2439 215 2483 poeta
254 2439 425 2474 diversae
469 2440 608 2474 indolis
655 2441 833 2485 proponit

105 2486 291 2530 exempla3
316 2486 438 2531 prima
460 2487 534 2521 duo
558 2498 615 2520 vv.
639 2490 697 2521 89.
715 2490 752 2521 et
774 2490 831 2522 90.

28 2572 31 2573 ⁷
104 2533 206 2567 nude
229 2535 342 2578 atque
365 2545 582 2577 γνωμικως,
615 2534 727 2569 tertia
748 2545 831 2569 ver-

105 2578 209 2614 sibus
233 2590 338 2631 seqq.
362 2581 535 2634 adiungit
555 2582 768 2627 imaginem.
783 2601 827 2606 —

105 2626 262 2670 collem]
310 2626 551 2682 δραστήριον.
591 2648 634 2652 -
675 2629 829 2672 remissa]

106 2670 271 2713 „lentius
295 2684 339 2710 ao
363 2676 616 2720 negligentius
647 2676 687 2709 in
712 2676 830 2710 omni-

106 2718 178 2752 bus
199 2718 312 2755 rebus
335 2722 477 2756 versari
506 2722 617 2757 soliti.
622 2724 640 2740 ‘⁶

209 2787 447 2816 nor-avenn.
482 2791 535 2818 Ed.
552 2792 648 2818 minor
664 2793 698 2818 V.

882 1043 947 1086 (Ut
963 1054 1031 1078 nos
1050 1054 1070 1077 c
1088 1046 1125 1078 et
1140 1042 1311 1077 Pottierii
1329 1042 1403 1076 duo
1423 1044 1479 1076 15.
1492 1043 1566 1084 21.)

931 1175 1081 1207 91—93.
1113 1175 1258 1206 Porores
1283 1173 1397 1205 bibuli
1421 1171 1511 1215 cet.]
1541 1170 1612 1205 Hic

882 1221 1090 1255 versiculus
1132 1231 1215 1254 cum
1256 1219 1297 1252 in
1339 1219 1613 1263 antiquissimis

884 1267 1097 1312 quibusque
1124 1265 1325 1301 codicibus
1351 1266 1465 1307 desit,
1500 1265 1614 1300 Bent-

883 1315 979 1349 leius
1005 1315 1087 1348 iure
1112 1317 1273 1355 veretur,
1308 1324 1383 1354 „ne
1407 1313 1613 1357 interpola-

883 1363 976 1395 toris
1001 1361 1219 1395 liberalitati
1243 1360 1456 1395 debeatur.“
1499 1359 1614 1394 Scho-

883 1408 1013 1443 liastae
1040 1419 1191 1453 quoque
1222 1418 1266 1442 eo
1292 1408 1458 1441 caruisse
1484 1407 1614 1441 viden-

883 1454 1086 1489 tur'fNam
1111 1465 1235 1500 neque
1250 1454 1348 1489 Acro
1373 1465 1497 1499 neque
1522 1454 1614 1488 Por-

882 1502 1015 1547 phyrio
1048 1502 1254 1547 quidquam
1290 1502 1338 1536 ad
1375 1512 1459 1536 eum
1495 1501 1612 1536 adno-

882 1552 962 1583 tant
979 1552 1017 1584 et
1030 1549 1187 1594 Cruquii
1206 1549 1287 1594 (qui
1305 1549 1352 1583 de
1370 1550 1449 1583 suis
1463 1548 1612 1583 Codici-

882 1596 951 1631 bus
974 1597 1075 1639 silet)
1100 1596 1375 1631 Commentator
1391 1596 1439 1630 ad
1455 1596 1611 1630 verbum

884 1645 1045 1678 Oderunt
1068 1645 1116 1686 (v.
1134 1644 1207 1685 92.)
1232 1644 1383 1688 supplet
1399 1643 1610 1677 subiectum

883 1691 1123 1735 „potulentist‘
1154 1690 1277 1725 Etiam
1302 1691 1342 1724 in
1368 1690 1492 1724 verbis
1517 1690 1611 1734 ipsis

881 1738 1055 1772 nonnihil
1104 1741 1160 1772 est
1207 1737 1437 1772 offensionis.
1493 1762 1510 1779 „
1527 1737 1610 1777 Quo

882 1785 982 1818 enim
1018 1785 1209 1827 referes,“
1247 1785 1373 1829 inquit
1403 1784 1611 1826 Bentleius,

883 1832 1001 1874 „illud
1027 1833 1165 1866 bibuli?
1197 1832 1258 1865 An
1282 1832 1329 1866 ad
1351 1832 1522 1873 potores?
1545 1832 1612 1865 At-

880 1879 945 1923 qui
978 1880 1050 1913 hoc
1086 1879 1276 1924 ineptum3
1312 1878 1470 1923 perinde
1508 1879 1609 1912 enim

879 1929 936 1960 est
967 1937 1011 1961 ac
1043 1927 1074 1960 si
1097 1929 1241 1968 potores
1262 1929 1431 1968 potantes
1456 1926 1609 1960 dixeris.

879 1973 937 2006 An
975 1974 1022 2007 ad
1058 1975 1227 2015 Falerni,
1270 1976 1312 2007 ut
1348 1984 1438 2007 sane
1475 1984 1609 2006 vocum

879 2020 971 2054 ordo
1004 2024 1041 2054 et
1066 2021 1284 2064 compositio
1317 2021 1438 2064 politis
1472 2020 1609 2054 usitata

879 2066 1044 2111 flagitat?
1079 2067 1161 2100 Hoc
1191 2078 1281 2101 vero
1314 2068 1386 2101 iam
1424 2067 1608 2111 ineptius3

880 2114 1021 2147 bibulus
1054 2115 1153 2147 enim
1187 2116 1244 2147 est
1276 2113 1343 2158 qui
1379 2113 1493 2154 bibit,
1531 2124 1608 2148 non

880 2161 945 2203 qui
994 2159 1176 2193 bibitur-‘⁴
1246 2159 1434 2194 Confictus
1482 2162 1607 2194 autem

878 2206 1026 2240 videtur
1058 2207 1118 2249 (ex
1139 2206 1232 2251 Epp.
1259 2209 1291 2248 1,
1317 2209 1372 2249 14,
1398 2209 1469 2240 34:
1496 2209 1609 2249 Quem

880 2254 1000 2296 (scis)
1046 2255 1206 2287 bibulum
1245 2255 1374 2295 liquidi
1407 2256 1529 2288 media
1563 2257 1607 2289 de

882 2301 959 2334 luce
982 2301 1159 2343 Falerni.)
1192 2312 1215 2334 a
1245 2301 1506 2346 grammatico,
1538 2303 1606 2346 qui

878 2347 926 2381 ad
974 2358 1008 2381 v.
1050 2349 1214 2381 Oderunt
1255 2348 1465 2382 subiectum
1509 2349 1607 2383 desi-

879 2394 1050 2437 derabat,
1086 2395 1257 2439 quamvis
1290 2406 1334 2429 ex
1365 2396 1490 2430 verbis
1519 2405 1607 2438 por-

877 2444 978 2475 recta
990 2443 1149 2484 -pooula
1172 2442 1283 2476 facile
1303 2443 1470 2487 suppleri
1486 2444 1606 2487 possit

880 2489 975 2533 „qui
1012 2490 1242 2533 propinant“
1282 2490 1360 2524 sive
1394 2492 1603 2534 „potores“

878 2535 956 2569 sive
995 2536 1230 2580 potulenti“,
1277 2537 1379 2581 quod
1420 2538 1607 2581 supplevit

877 2582 1081 2617 Gomment.
1110 2582 1269 2628 Gruquii
1286 2586 1323 2617 et
1342 2583 1399 2617 Gl.
1417 2583 1458 2617 E.
1475 2583 1603 2627 Ipsum

877 2629 988 2664 etiam
1011 2629 1165 2664 verbum
1192 2632 1353 2664 Oderunt
1378 2630 1532 2664 nonnisi
1556 2631 1603 2664 ab

876 2677 984 2711 initio
1031 2678 1239 2711 sententiae
1287 2678 1487 2722 repetitum
1529 2677 1605 2711 vim

878 2723 1063 2768 quandam
1088 2724 1250 2767 obtinet,
1282 2727 1368 2768 post
1397 2724 1465 2759 illa
1487 2724 1603 2759 verba

1357 2794 1390 2818 25
