1774 2930
147 122 236 166 440

619 124 827 160 HORATH
849 125 1196 163 EPISTOLARUM

265 223 366 268 Fiet
396 226 562 282 eritque
593 230 692 268 tuus
723 241 994 270 nummorum
1022 229 1197 272 milibus
1229 234 1344 286 octo,
1639 235 1665 276 5

266 295 413 339 Verna
441 297 690 340 ministeriis
723 297 777 340 ad
806 302 936 340 nutus
968 303 1094 355 aptus
1125 300 1303 356 heriles,

264 366 488 410 Litterulis
522 368 697 411 Graecis
727 369 935 423 imbutus,
967 370 1147 427 idoneus
1178 372 1261 414 arti

267 437 477 493 Cuilibet3
511 439 664 495 argilla
694 440 863 496 quidvis
894 441 1130 485 imitaberis
1161 442 1264 497 uda,

265 508 381 557 Quin
411 510 541 553 etiam
572 514 696 554 canet
726 511 965 563 indoctum,
997 512 1074 556 sed
1104 512 1228 557 dulce
1258 513 1437 558 bibenti.

238 644 313 679 ΕΡ.
344 645 392 679 Π.
419 647 452 679 5.
485 646 637 681 Habent
660 648 823 690 milibus,
857 658 934 682 non
959 649 1138 691 millibus,
1170 648 1283 684 bScd.
1310 669 1353 674 —-
1380 652 1414 684 6.
1440 651 1546 685 eriles
1570 650 1616 685 bc

193 693 293 735 (non
319 692 399 736 Sd).
426 713 471 718 —
496 695 529 727 8.
552 695 753 728 imitaberis
778 694 825 729 Sc
858 697 897 730 et
919 706 976 740 pr.
1003 696 1046 739 b,
1077 695 1157 731 Lct
1185 699 1224 731 et
1246 696 1463 732 Bentleins:
1495 699 1616 733 imita-

194 741 290 774 bitur
315 740 339 774 d
365 743 403 775 et
427 751 525 776 corr.
552 741 586 784 b,
613 742 703 776 item
727 741 825 777 FMs.

145 852 225 887 scio
252 851 355 887 Com.
381 854 422 896 7,
455 855 524 888 2οε
558 856 686 889 Nonne
720 856 767 888 ab
797 856 879 888 imis

143 901 326 942 anquibus
358 910 472 942 usque
509 903 558 935 ad
588 903 759 936 verticem
781 911 879 936 sum-

143 955 245 980 mum
270 957 317 982 etr
340 950 492 991 fraude,
522 950 703 991 fallaciiS,
727 952 878 984 menda-

145 996 210 1028 ciis
235 998 403 1029 constare
428 998 523 1030 totus
547 998 716 1030 videtur?
743 1016 786 1021 —-
813 999 879 1030 mi-

146 1042 239 1076 libus
265 1043 365 1086 octo]
402 1043 552 1078 circiter
588 1046 679 1078 1600
703 1044 765 1078 Fr.
793 1044 879 1079 Gal-

143 1088 239 1124 licis.
275 1089 381 1124 Idem
406 1092 570 1135 pretium
596 1093 678 1125 erat
701 1091 877 1127 vinitoris

143 1146 202 1181 ap.
231 1137 375 1172 Colum.
402 1140 442 1180 3,
468 1140 509 1181 3,
536 1141 569 1173 8.
596 1138 669 1173 Sed
694 1138 877 1174 Martialis

146 1185 202 1227 11,
220 1186 277 1227 70,
297 1188 327 1219 1.
354 1188 536 1220 memorat
557 1195 694 1228 pueros
720 1188 877 1221 centenis

142 1233 291 1266 milibus
316 1235 452 1275 emptos
478 1233 629 1276 (20,000
654 1233 715 1267 Fr.
743 1233 877 1277 Gall.);

143 1279 246 1324 quod
271 1279 371 1314 idem
405 1281 545 1316 clarius
571 1291 696 1325 neque
721 1292 877 1325 prorsus

141 1326 423 1362 incredibiliter
455 1328 510 1363 ita
542 1330 730 1373 expressit
757 1331 794 1372 1,
821 1331 878 1372 58,

144 1376 183 1407 1:
210 1375 319 1409 Milia
340 1384 411 1417 pro
431 1385 549 1417 puero
576 1376 769 1419 (delicato)
796 1385 878 1410 cen-

145 1423 222 1454 tum
246 1431 302 1456 me
327 1431 461 1465 manao
483 1426 658 1466 poposcit.
679 1443 722 1447 —
744 1424 877 1467 Verria]

144 1467 298 1504 Graecis
309 1467 506 1518 οἰκότριψ,
519 1470 657 1513 δοῦλος
665 1468 877 1516 οἰκογενής.

145 1518 476 1560 „Hausbiirtiqer.“
526 1518 636 1553 Voss.
679 1519 790 1553 Tales
831 1519 877 1552 li-

143 1562 278 1599 benter
334 1576 460 1600 emere
519 1566 693 1601 solebant
740 1567 878 1611 partim

141 1614 297 1656 propter
322 1612 425 1657 ipsas
447 1613 633 1648 formosae
660 1614 879 1649 adolescen-

142 1660 217 1693 tiae
265 1660 485 1703 illecebras,
538 1661 676 1706 partim
719 1664 880 1706 propter

142 1717 322 1751 procaces
341 1709 522 1754 argutias,
548 1709 686 1753 quibus
713 1720 735 1743 a
750 1709 879 1753 pueris

143 1755 286 1788 assueti
313 1759 438 1799 erant,
465 1756 680 1801 quibusque
706 1757 790 1790 heri
817 1756 880 1790 de-

141 1801 400 1846 lectabantur,
435 1804 547 1838 etiam
572 1803 639 1838 ubi
663 1804 879 1847 petulantes

142 1847 202 1882 illi
234 1849 374 1893 probra
406 1850 447 1883 in
481 1850 584 1894 ipsos
623 1850 877 1884 effundebant.

144 1894 220 1929 Cfr.
248 1895 322 1930 Sat.
348 1898 386 1939 2,
413 1899 451 1940 6,
477 1900 540 1931 66:
565 1906 767 1938 vernasque
791 1906 878 1939 pro-

144 1951 246 1976 caces
281 1944 401 1977 libatis
438 1945 606 1986 dapibus.
642 1963 685 1968 ——
719 1945 879 1978 ministe-

142 1990 232 2033 riis]
267 1992 464 2033 „omnibus
490 1992 573 2026 heri
598 1991 750 2026 iussis.“
800 1990 878 2026 Ma-

143 2037 280 2072 nifesto
316 2041 373 2072 est
405 2039 572 2082 dativus,
605 2050 703 2082 non,
737 2042 779 2073 ut
811 2038 878 2073 alii

142 2085 365 2129 voluerunt,
414 2086 612 2121 ablativus.
655 2106 697 2110 —
747 2085 878 2129 nutus]

144 2131 222 2167 Cic.
249 2132 351 2167 Orat.
377 2136 417 2177 8,
450 2136 515 2168 24:
550 2136 600 2168 ad
629 2142 754 2167 eorum
780 2135 879 2167 arbi-

144 2182 258 2214 trium
295 2183 329 2214 et
365 2184 495 2215 nutum
529 2183 620 2215 totos
652 2191 690 2215 se
726 2183 877 2224 linqunt.

145 2228 327 2273 „Singula
364 2229 447 2263 heri
480 2230 586 2263 iussa
623 2229 798 2263 celeriter
835 2239 878 2263 ac

143 2275 274 2310 dextre
301 2278 567 2321 exsequetur.“

192 2371 224 2403 7.
267 2372 300 2404 8.
346 2371 557 2415 Litterulis]
602 2373 760 2405 Ver-steht
801 2372 880 2404 sein

144 2418 303 2451 Bischen
320 2419 537 2452 Griechisch.
562 2418 751 2452 Wieland.
780 2419 880 2461 „Lit-

144 2465 235 2499 teris
270 2465 426 2500 Graecis
466 2467 597 2500 saltem
634 2466 767 2500 leviter
807 2465 880 2499 tin-

145 2514 240 2554 ctus,
266 2515 395 2557 utpote
421 2514 485 2558 qui
511 2513 553 2546 in
571 2513 699 2547 divitis
716 2513 880 2547 alicuius

144 2559 375 2606 paedagogio
426 2560 608 2595 educatus
652 2561 709 2594 sit.
759 2559 880 2605 Igitur

145 2617 190 2641 eo
216 2608 272 2641 uti
296 2608 439 2652 poteris
464 2618 534 2653 pro
561 2609 784 2653 anagnosta,
811 2618 879 2652 pro

145 2664 254 2688 servo
280 2655 327 2690 ab
354 2655 545 2701 epistolis,
569 2666 592 2689 a
617 2655 879 2689 bibliotheca.“

147 2700 374 2747 Comparant
400 2703 551 2738 Terent.
577 2702 674 2736 Eun.
697 2704 730 2745 3,
756 2704 788 2744 2,
817 2705 881 2737 19:

927 857 1023 889 Hem
1040 858 1243 890 eunuchum
1266 858 1331 890 tibi
1338 867 1351 898 ‚·
1378 858 1498 899 Quam
1516 858 1664 891 liberali

926 904 1022 944 facie
1048 903 1116 946 (ut
1139 904 1201 938 hic
1227 905 1438 947 candidas),
1464 913 1578 946 qaam
1601 914 1660 939 ae-

928 952 1003 984 tate
1039 952 1206 992 intem-a!
1223 970 1238 976 -
1255 969 1271 976 -
1287 953 1362 985 Fac
1400 953 1583 993 periclum
1624 954 1662 986 in

929 999 1134 1040 litteris,
1176 1000 1251 1032 Fac
1291 1000 1332 1032 in
1369 1001 1582 1042 palaestra,
1620 1000 1662 1033 in

925 1046 1141 1086 musicis‚·
1176 1055 1271 1087 quae
1298 1047 1453 1080 liberum
1482 1048 1574 1080 scire
1600 1055 1660 1080 ae-

926 1094 1066 1132 quomst
1091 1094 1371 1136 adulescentem,
1396 1095 1580 1128 sollertem
1595 1095 1660 1127 da-

926 1140 981 1173 bo.
1014 1158 1058 1164 --
1091 1140 1270 1184 imbutus]
1305 1139 1382 1174 Cic.
1415 1140 1528 1175 Tusc.
1564 1143 1601 1183 1,
1626 1142 1660 1183 7,

928 1188 991 1220 14:
1032 1188 1091 1220 An
1125 1190 1164 1221 ta
1198 1188 1396 1221 dialecticis
1431 1197 1478 1222 ne
1514 1189 1662 1222 imbu-

927 1236 995 1267 tus
1013 1235 1157 1275 quidem
1174 1236 1236 1268 es?
1262 1234 1416 1269 Sueten.
1433 1235 1480 1270 de
1497 1233 1661 1269 fframm.

927 1282 967 1314 4:
1014 1282 1124 1323 Apud
1167 1283 1344 1324 maiores,
1393 1283 1446 1315 ait
1487 1282 1659 1325 Orbilius,

927 1337 1008 1362 cum
1039 1330 1189 1371 familia
1222 1330 1379 1363 alicuius
1411 1330 1549 1363 venalis
1571 1337 1661 1371 pro-
1709 1330 1714 1334 ⁴

926 1377 1137 1419 duceretur,
1174 1385 1250 1410 non
1281 1378 1412 1410 temere
1446 1384 1551 1418 quem
1583 1377 1661 1410 lit·
1697 1416 1704 1422 ἱ

927 1426 1122 1457 teratum
1154 1425 1194 1457 in
1226 1425 1352 1466 titulo,
1385 1425 1448 1458 sed
1482 1425 1661 1457 littera-

927 1473 1066 1504 torem
1090 1472 1240 1504 inscribi
1267 1472 1417 1505 solitum
1441 1480 1525 1513 esse,
1553 1471 1662 1512 quasi

925 1527 1000 1551 non
1020 1520 1226 1560 perfectum
1253 1520 1403 1562 litteris,
1427 1520 1489 1552 sed
1511 1519 1660 1551 imbu-

928 1568 1029 1600 tum.
1073 1565 1148 1600 Cic.
1173 1566 1220 1600 ad
1244 1565 1319 1600 Att.
1346 1567 1388 1608 7,
1413 1567 1454 1600 2:
1495 1566 1662 1607 Chrysip-

924 1621 1014 1655 pum
1030 1612 1212 1656 (servum)
1228 1615 1380 1655 propter
1408 1613 1662 1647 litterula·

928 1669 1028 1693 rum
1060 1662 1179 1694 nescio
1205 1662 1294 1702 qaid
1320 1661 1472 1694 libenter
1494 1661 1587 1702 vidi,
1620 1661 1660 1692 in

929 1709 1064 1741 honore
1089 1709 1212 1742 habui.
1240 1727 1283 1732 —
1310 1708 1463 1750 arqilla]
1491 1706 1600 1748 „Vel,
1627 1705 1660 1740 si

928 1755 1065 1797 mavis,
1098 1757 1164 1789 tuo
1190 1755 1375 1789 arbitratu
1400 1753 1548 1787 destina
1573 1763 1660 1787 eum

927 1802 999 1836 arti
1037 1802 1171 1845 alioui3
1209 1801 1393 1846 quidquid
1430 1800 1498 1834 tibi
1534 1799 1661 1844 place-

927 1849 1001 1891 bit,
1036 1859 1082 1882 ex
1114 1859 1158 1883 eo
1194 1848 1309 1883 facies
1342 1849 1454 1892 atque
1488 1857 1575 1881 eum
1607 1847 1661 1881 ita

926 1906 1083 1941 prorsus
1123 1895 1322 1937 formabis,
1359 1898 1402 1929 ut
1437 1894 1577 1940 figulus
1615 1904 1661 1928 ex

926 1943 1061 1988 argilla
1085 1943 1212 1977 omnia
1235 1942 1398 1985 conficit,
1424 1951 1522 1988 quae
1546 1941 1658 1976 volt.“

928 2010 971 2014 ——
997 1990 1222 2034 imitaberis]
1254 1990 1433 2024 Praefero
1465 1990 1564 2023 hanc
1591 1988 1661 2023 Co-

927 2038 1052 2072 dicum
1101 2037 1300 2083 antiquiss.
1350 2039 1387 2071 et
1435 2036 1662 2082 optimorum

926 2085 1103 2120 Blandin.
1138 2087 1175 2120 et
1206 2095 1376 2119 meorum
1399 2083 1662 2128 Pottierfique,

927 2136 970 2167 ut
1010 2133 1178 2175 videtur,
1229 2133 1397 2166 omnium
1438 2131 1661 2174 lectionem3

929 2180 1068 2214 etenim
1094 2190 1180 2214 cum
1213 2179 1361 2214 librarii
1395 2178 1573 2212 nonnulli
1598 2188 1661 2212 ve-

927 2238 1008 2262 ram
1042 2227 1356 2273 significationem
1393 2237 1427 2259 v.
1459 2225 1662 2259 imitaberis

928 2275 1103 2320 („finges‚
1136 2274 1362 2319 exprimes“)
1388 2283 1524 2318 parum
1548 2271 1662 2306 intel-

927 2323 1107 2368 ligerent,
1133 2322 1179 2356 ad
1204 2332 1365 2366 puerum
1389 2320 1661 2354 transferentes

926 2372 1121 2404 mutarunt
1162 2369 1202 2402 in
1243 2369 1469 2410 imitabitur,
1511 2366 1551 2400 id
1593 2367 1661 2408 est,

929 2418 1082 2460 „bonus
1131 2416 1203 2450 erit
1252 2415 1431 2461 figulus.“
1492 2413 1567 2449 Cfr.
1617 2412 1661 2446 A.

976 2560 1103 2593 9-13,
1131 2559 1235 2592 canet
1251 2556 1449 2599 indoctum]
1468 2552 1592 2599 „quod
1611 2553 1661 2587 sit

930 2606 1141 2648 indoctum,
1177 2606 1258 2639 sine
1285 2606 1383 2646 arte,
1418 2605 1555 2636 natura
1579 2603 1661 2635 tan-

930 2657 1011 2688 tum
1060 2653 1176 2695 duee,
1228 2650 1423 2684 kunstlos.“
1475 2648 1659 2683 Consulto

931 2711 1066 2746 mango
1092 2701 1269 2735 extenuat
1287 2698 1525 2742 aliquantum
1549 2695 1660 2740 puori
