1786 2912
120 155 176 197 24

624 153 831 187 HORATII
855 152 1141 189 SATIRARUM

177 249 333 292 Villius
364 249 409 290 in
439 248 602 291 Fausta
633 248 777 291 Sullae
809 262 960 304 gener,
993 249 1075 291 hoc
1104 249 1235 292 miser
1265 263 1350 292 uno

177 320 361 362 Nomine
394 320 618 376 deceptus,
650 334 812 375 poenas
844 319 961 362 dedit
991 333 1126 376 usque
1157 334 1371 376 superque

1579 323 1634 362 65

181 390 318 439 Quam
350 391 453 433 satis
487 394 570 444 est,
603 391 759 446 pugnis
791 404 940 433 caesus
972 389 1169 447 ferroque
1199 391 1379 447 petitus,

178 461 392 504 Exclusus
424 461 535 515 fore,
569 475 665 503 cum
695 461 977 516 Longarenus
1010 461 1120 504 foret
1151 461 1280 505 intus.

177 532 293 574 Huic
324 533 360 574 si
392 533 578 574 mutonis
597 532 752 574 verbis
784 533 897 574 mala
927 536 1047 575 tanta
1076 532 1263 575 videntis

178 603 355 646 Diceret
383 603 490 645 haec
521 603 714 646 animus:
749 603 862 651 Quid
892 604 957 645 vis
990 603 1100 646 tibi?
1131 604 1339 660 numquid
1368 618 1448 660 ego
1479 619 1505 647 a
1534 607 1577 647 te

178 675 334 730 Magno
365 678 619 730 prognatum
650 674 834 731 deposco
866 675 1039 717 consule
1071 689 1258 717 cunnum

1582 676 1636 716 70

179 745 465 801 Velatumque
498 745 625 798 stola,
658 760 755 788 mea
787 760 882 787 cum
913 745 1151 788 conferbuit
1181 746 1277 788 ira?

180 816 294 864 Quid
323 815 632 872 responderet?
649 848 659 858 .
679 848 688 857 .
709 848 718 857 .
749 816 907 872 Magno
937 821 1057 872 patre
1089 820 1190 859 nata
1219 817 1364 872 puella
1393 820 1472 858 est.

177 886 238 930 At
269 891 425 943 quanto
456 887 633 930 meliora
662 891 807 930 monet
837 888 1157 944 pugnantiaque
1187 887 1280 929 istis

178 957 312 1000 Dives
346 959 439 1014 opis
471 962 624 1000 natura
656 972 778 1011 suae,
811 962 858 999 tu
890 959 925 999 si
956 958 1081 1000 modo
1112 962 1228 1001 recte

180 1028 442 1084 Dispensare
474 1029 581 1070 velis
615 1043 663 1070 ac
694 1043 779 1070 non
810 1028 1014 1084 fugienda
1044 1028 1241 1085 petendis

501 1099 595 1141 Tuo
626 1099 732 1141 vitio
763 1113 961 1142 rerumne
991 1099 1179 1150 labores,

178 1099 437 1141 Immiscere.

1584 1028 1637 1069 75

215 1236 271 1269 68.
297 1236 434 1268 videnti
458 1234 602 1279 BbScp,
632 1235 785 1279 „scripti
814 1234 964 1269 codices
990 1235 1183 1278 (Bentleii)
1209 1235 1256 1269 ad
1282 1245 1400 1269 unum
1427 1234 1592 1275 omnes“,

166 1281 214 1316 Lt
237 1285 274 1316 et
298 1282 507 1316 Bentleius.
559 1281 622 1325 (Ut
647 1293 727 1325 nos,
754 1282 777 1315 d
803 1284 838 1316 et
864 1282 1036 1316 Pottierii
1064 1283 1166 1325 tres.)

119 1403 197 1435 stra
223 1400 384 1434 contulit
408 1411 443 1434 v.
469 1402 533 1434 76:
573 1402 647 1433 Tuo
679 1401 767 1433 vilio
800 1409 856 1434 re-

117 1455 246 1480 rumne
274 1449 434 1490 labores,
469 1449 532 1481 Nil
557 1449 698 1488 referre
723 1449 857 1489 putas?

120 1494 211 1538 (Sat.
240 1497 277 1537 1,
304 1496 344 1536 8,
371 1496 411 1527 2:
449 1496 554 1535 saber
587 1496 745 1527 incertus
778 1503 857 1528 sca-

118 1550 244 1575 mnum
268 1543 451 1583 faceretne
477 1542 680 1582 Priapum.)

167 1591 289 1622 64-79.
338 1587 417 1622 Iam
447 1587 564 1621 nimia
588 1588 628 1620 in
655 1588 769 1622 rebus
796 1598 856 1622 ve-

120 1636 247 1670 nereis
266 1635 471 1679 cupiditate
498 1635 538 1667 in
565 1635 786 1668 universum
805 1635 858 1668 vi-

121 1685 294 1728 tuperata
328 1682 454 1727 pergit
479 1682 525 1715 ad
551 1682 726 1715 moechos
753 1692 858 1715 acer-

119 1729 273 1765 bissime
301 1729 538 1774 castigandos
565 1731 602 1762 et
627 1740 648 1762 a
673 1729 856 1763 matronis

121 1776 311 1811 sectandis
355 1776 611 1810 deterrendos.
640 1795 681 1799 —
714 1777 855 1818 Villius]

120 1824 281 1858 fortasse
324 1823 407 1858 SeX.
449 1823 589 1856 Villius
639 1822 857 1867 (Annalis),

119 1870 273 1905 Milonis
304 1870 515 1904 familiaris.
566 1870 658 1912 (Cic.
684 1870 731 1903 ad
756 1869 856 1904 Fam.

121 1920 153 1960 2,
181 1920 214 1960 6,
243 1918 289 1960 1.)
310 1937 348 1941 —
371 1919 410 1950 in
426 1919 565 1950 Fausta
582 1918 708 1950 Sullae
732 1918 858 1960 ρεπεν]

122 1976 220 2008 „non
255 1975 341 1998 vere
376 1975 492 2009 gener
527 1964 592 1998 sed
618 1965 709 2008 quia
742 1964 858 1998 filiam

121 2012 247 2046 Sullae
286 2012 503 2055 (Faustam,
537 2010 689 2045 Milonis
725 2011 857 2045 coniu-

121 2060 228 2104 gem)
256 2059 441 2103 stupravit
465 2060 518 2092 ita
543 2059 783 2102 frequenter,
816 2061 858 2092 ut

120 2106 203 2151 ipse
233 2117 349 2151 gener
376 2117 457 2140 esse
484 2105 710 2139 videretur.“
762 2106 856 2139 ACR.

121 2153 170 2187 Ut
195 2154 257 2187 hic
289 2154 413 2187 Villius
446 2155 486 2185 in
511 2154 649 2186 Fausta
674 2154 708 2186 S.
736 2161 856 2195 qener,

121 2201 175 2234 sic
210 2201 296 2234 Tac.
322 2201 420 2233 Ann.
448 2202 487 2241 3,
527 2202 590 2232 24:
633 2202 677 2234 D.
710 2201 858 2234 Silanus

119 2248 160 2280 in
194 2249 293 2289 nepti
324 2249 479 2288 Augusti
512 2248 670 2280 adulter.
711 2266 752 2270 —-
794 2249 859 2280 hoc

119 2303 168 2327 m.
192 2303 266 2327 uno
294 2296 445 2327 Nomine
471 2294 658 2337 deceptus]
687 2294 858 2335 „illectus

121 2341 168 2375 ad
203 2341 446 2385 stuprandam
480 2341 672 2383 Faustam,
708 2344 750 2374 ut
780 2342 860 2386 glo-

121 2389 211 2422 riari
237 2391 368 2432 posset
393 2388 464 2421 sibi
492 2399 571 2421 rem
598 2399 679 2421 csse
700 2398 783 2421 cum
804 2388 859 2421 di-

123 2435 278 2469 ctatoris
316 2435 426 2468 filia.“
464 2454 506 2458 —-
541 2435 676 2478 usque]
717 2446 859 2480 „usque

122 2493 166 2517 co
194 2482 294 2526 quod
330 2482 421 2515 satis
449 2483 580 2516 esset:⁶
610 2501 651 2504 —
678 2484 859 2516 Eaeclusus

121 2529 216 2572 sore]
243 2526 594 2571 ἀποκεκλεισμένος
620 2529 693 2562 τῶν
721 2529 859 2563 πυλῶν.

122 2576 314 2620 Aristoph.
364 2576 448 2621 Lys.
489 2578 568 2610 423.
597 2595 638 2599 —
675 2578 859 2618 Lonqare-

123 2623 203 2665 nus]
231 2624 329 2658 alius
347 2623 526 2657 moechus
545 2623 718 2664 Faustae,
746 2635 859 2668 quem

123 2669 190 2703 illa
215 2673 303 2704 tunc
330 2669 447 2705 Villio
473 2670 720 2714 praeferebat.
759 2671 859 2705 Huic

123 2719 249 2752 autem
298 2718 450 2752 excluso
497 2717 743 2763 Longarenus
791 2729 858 2762 per

906 1403 1141 1446 grassatores
1167 1403 1377 1434 nocturnas
1402 1398 1561 1434 insidias
1585 1401 1640 1434 te-

907 1448 1089 1482 tenderat.
1129 1466 1172 1471 —
1210 1447 1390 1489 mutonis]
1435 1455 1642 1494 προσωπο-

906 1495 1014 1528 ποιΐα
1034 1494 1235 1528 admodum
1251 1494 1428 1536 ridicula,
1453 1505 1527 1538 qua
1550 1493 1641 1538 peni

906 1542 979 1586 ipsi
999 1543 1113 1584 oculi,
1137 1542 1277 1586 quibus
1294 1541 1432 1575 viderit
1449 1541 1548 1575 mala
1564 1540 1641 1583 illa,

907 1599 992 1622 cum
1042 1589 1183 1622 Villius
1231 1588 1371 1633 pugnis
1421 1588 1642 1622 caederetur

905 1635 1084 1680 ferroque
1116 1637 1329 1680 peteretur,
1367 1637 1404 1669 et
1436 1634 1552 1673 verba
1575 1633 1643 1668 tri-

906 1682 1086 1716 buuntur.
1139 1682 1376 1726 „Sapientior
1403 1684 1461 1716 est
1484 1692 1572 1726 pars
1597 1681 1643 1715 li-

906 1729 1082 1764 bidinosa
1112 1730 1262 1763 domino
1295 1728 1398 1763 suo.“
1451 1728 1568 1762 GESN.
1597 1746 1641 1753 --

906 1778 1052 1810 Diceret
1080 1778 1168 1810 haec
1194 1776 1359 1820 animus]
1397 1775 1459 1818 „Si
1492 1776 1642 1811 animus

907 1823 1002 1865 (der
1035 1825 1258 1857 sinuliche
1291 1823 1439 1867 Trieb)
1478 1833 1565 1857 cum
1598 1833 1642 1857 eo

907 1872 1071 1905 mutonis
1114 1881 1265 1905 causam
1308 1870 1363 1905 sic
1403 1870 1564 1916 ageret.“
1598 1888 1636 1893 -

908 1919 1004 1960 Quid
1025 1919 1080 1951 vis
1104 1918 1206 1961 libi?]
1230 1917 1410 1952 Formula
1434 1920 1492 1951 est
1515 1926 1643 1961 repre-

896 1965 1104 2003 ,hensionis
1119 1975 1203 1999 cum
1222 1964 1471 1999 admiratione
1485 1964 1644 1999 coniun-

907 2015 1007 2046 ctae:
1052 2013 1163 2053 „Was
1186 2013 1372 2045 solidas?
1416 2012 1480 2044 Wo
1517 2012 1645 2045 denkst

906 2061 955 2092 du
979 2061 1089 2092 hin?“
1117 2059 1196 2093 Cic.
1221 2060 1266 2092 de
1293 2059 1395 2092 Orat.
1419 2060 1452 2099 2,
1478 2060 1535 2100 67,
1561 2059 1642 2092 269.

906 2108 944 2140 et
968 2106 1139 2150 Propert.
1174 2108 1212 2148 1,
1245 2108 1308 2140 53:
1351 2106 1447 2147 Quid
1479 2106 1546 2138 libi
1577 2106 1642 2147 vis,

907 2155 1060 2200 insane?
1081 2172 1122 2176 ——
1141 2153 1252 2196 stola]
1277 2152 1363 2186 Vid.
1389 2152 1435 2186 ad
1461 2162 1494 2186 v.
1521 2154 1579 2186 63.
1598 2170 1641 2176 —

907 2200 982 2243 ira]
1010 2201 1138 2242 „furor
1164 2199 1347 2242 libidinis,
1373 2199 1531 2244 tentigo,
1555 2209 1646 2243 pru-

907 2248 1023 2292 rigo.“
1053 2267 1095 2272 —
1120 2247 1263 2290 puella]
1288 2247 1334 2281 de
1360 2245 1647 2280 adolescentula

908 2298 1045 2339 nupta,
1084 2297 1125 2328 ut
1158 2305 1281 2339 saepe.
1331 2293 1416 2327 Vid.
1442 2293 1489 2327 ad
1515 2292 1584 2327 od.
1610 2294 1644 2335 3,

911 2344 964 2381 14,
994 2344 1047 2375 10.
1072 2361 1118 2366 -—-
1142 2341 1242 2384 istis]
1278 2340 1438 2385 „nugis,
1471 2350 1567 2384 quas
1601 2341 1643 2373 tu

907 2389 1089 2432 profers.“
1127 2391 1170 2412 -—‘
1205 2387 1303 2430 opis]
1340 2397 1417 2420 non
1454 2386 1663 2428 „auxilii“,—

909 2436 973 2470 sed
991 2436 1147 2480 antique
1165 2446 1234 2480 pro
1252 2442 1373 2476 opum.
1397 2433 1522 2467 Plaut.
1538 2433 1642 2478 Capt.

907 2483 1007 2517 Prol.
1035 2485 1098 2516 15:
1137 2484 1201 2516 Vos
1227 2483 1290 2523 qui
1318 2482 1467 2523 potestis
1493 2489 1559 2522 ope
1583 2489 1642 2514 ve·

906 2533 986 2564 scra
1000 2531 1190 2564 eemerier.
1203 2543 1247 2553 ·-
1262 2527 1500 2570 Dispensare]
1515 2537 1643 2572 quem-

907 2577 1107 2611 admodum
1144 2577 1184 2610 in
1218 2575 1334 2610 divite
1367 2574 1477 2609 domo
1511 2584 1642 2608 omnes

907 2635 968 2658 res
1004 2628 1104 2658 recte
1138 2626 1251 2668 atque
1283 2621 1417 2656 ordine
1442 2632 1465 2656 a
1490 2620 1643 2665 dispen-

908 2674 1031 2706 satore
1054 2671 1379 2705 administrantur.
1396 2686 1444 2693 --
1460 2669 1536 2702 Tuo
1552 2669 1642 2701 vilio

906 2727 1078 2752 rerumne
1104 2717 1188 2761 eet]
1216 2717 1373 2760 „Utrum
1397 2714 1552 2760 propria
1578 2716 1642 2749 tua
