1774 2930
140 149 227 191 520

795 150 1003 186 HORA'I’II

258 250 498 308 Pompilius
531 251 721 308 sanguis,
754 265 925 295 carmen
955 252 1270 309 reprehendite,
1302 254 1417 312 quod
1447 267 1534 300 non

257 322 393 364 Multa
424 322 515 365 dies
549 326 591 365 et
622 323 757 365 multa
786 323 916 365 litura
945 324 1132 366 coercuit
1163 327 1292 381 atque

255 392 505 436 Perfectum
535 393 678 436 decies
710 408 797 436 non
828 395 1054 450 castigavit
1086 394 1140 438 ad
1169 409 1372 452 unguem.

256 463 482 520 Ingenium
512 465 669 507 misera
700 465 801 521 quia
832 464 1090 507 fortunatius
1123 469 1215 509 arte

1573 469 1659 510 295

257 534 403 578 Credit
436 539 478 578 et
510 535 700 579 excludit
732 550 859 579 sanos
891 536 1102 580 Helicone
1131 540 1284 594 poetas

234 690 314 722 294.
345 691 527 732 pseclum,
554 689 600 731 (p
625 700 710 723 cum
736 689 878 724 lineola
903 689 1178 734 superscripta,
1204 689 1244 724 id
1269 694 1347 733 est,
1367 690 1611 735 praesectum)

183 735 226 777 B,
253 736 384 770 Bland.
411 737 611 782 antiquiss.
639 747 723 771 cum
750 736 889 779 altero,

184 794 266 823 nos,
292 783 454 826 bSTed.)

134 925 262 959 litiosa
302 925 447 968 ironia,
495 925 584 959 dum
627 925 873 971 reprehendit

134 972 357 1015 socordiam,
384 984 460 1018 qua
485 984 597 1018 saepe
624 984 756 1008 versus
782 985 873 1018 pan-

133 1023 223 1065 gant
259 1019 438 1064 Romani,
476 1021 556 1065 ipse
596 1021 768 1055 consulto
807 1032 873 1055 ne-

132 1067 335 1112 gligentior
360 1071 418 1102 est
452 1069 493 1102 in
518 1068 732 1103 divellendo
758 1069 872 1102 verbo

131 1123 437 1157 unumquemque.
473 1115 549 1150 Ofr.
570 1116 665 1161 Epp.
689 1118 773 1159 2,2,
794 1117 872 1150 188.

133 1160 412 1205 Sat1262
458 1165 631 1206 1,9,.51
660 1142 873 1205 —Pompi-

134 1210 204 1242 lius
228 1210 401 1253 sanquis]
435 1210 656 1245 Honorifica
682 1211 872 1245 allocutio.
885 1248 888 1250 ,

134 1256 257 1299 „Mihi
290 1257 422 1302 utique
449 1258 722 1301 nominativus,
761 1269 873 1303 quem

131 1314 200 1348 pro
227 1306 396 1339 vocativo
422 1306 588 1349 positum
614 1306 762 1349 volunt,
795 1316 873 1340 non

132 1352 316 1395 vocantis,
340 1353 406 1387 sed
423 1353 652 1388 declarantis
671 1364 754 1388 esse
773 1353 873 1387 vide-

131 1401 205 1433 tur.
253 1399 327 1433 Cfr.
355 1400 429 1435 Sat.
456 1402 548 1457 ag,
576 1402 654 1435 107.
682 1400 815 1446 Odyss.
842 1412 872 1442 τ,

131 1448 220 1481 406:
246 1445 427 1494 Γααβρὸς
451 1445 546 1491 ἐμὸς
576 1444 748 1496 θυγάτηρ
768 1444 874 1503 (θύ-

130 1496 245 1549 γατέρ
286 1495 406 1529 Bekk.
417 1496 431 1538 )
482 1506 520 1529 τε
570 1495 718 1529 τίθεσθ’
760 1491 873 1538 ὄνομ’

131 1537 216 1575 ὅττι
256 1553 320 1575 κεν
367 1541 472 1576 εἴπω.
538 1543 784 1576 HERMAmms
826 1543 873 1578 ad

130 1589 261 1633 Eurip.
286 1590 405 1624 Andr.
436 1601 471 1635 p.
497 1589 580 1625 XV.
631 1590 707 1624 Cfr.
739 1590 875 1635 Zumpt

133 1635 197 1670 Gr.
225 1637 255 1680 ξ.
283 1639 364 1671 492.
415 1638 566 1672 Terent.
598 1638 748 1672 Phorm.
775 1640 814 1680 2,
840 1640 873 1680 2,

133 1686 199 1718 1οε
251 1686 280 1718 O
321 1687 380 1718 vir
420 1687 527 1727 sortis
569 1688 680 1726 alque
721 1687 871 1719 amicus.

130 1731 232 1765 Hinc
257 1732 411 1766 Persius
439 1735 479 1775 1,
506 1735 576 1767 61:
607 1735 683 1775 Vos,
710 1742 731 1766 ο
753 1734 873 1774 patri-

131 1779 206 1811 cius
231 1781 395 1820 sanquis.
431 1780 553 1822 „Quia
579 1779 720 1824 Calpus
747 1780 874 1822 (ιιυθι-

131 1823 215 1868 κὸς)
243 1827 343 1860 filius
371 1830 427 1861 est
451 1827 593 1861 Numae
620 1827 816 1871 Pompilii,
851 1837 874 1860 a

131 1884 206 1918 quo
242 1873 441 1918 Calpurnii
477 1874 635 1908 Pisones
675 1875 873 1907 traxerunt

130 1921 302 1954 nomen.“
341 1921 491 1955 PORPE.
531 1921 644 1955 Saleii
670 1921 777 1954 Bassi
803 1920 872 1953 Pa-

130 1978 260 2013 negyr.
286 1968 326 2001 in
355 1968 395 2002 C.
421 1968 669 2013 Calpurnium
695 1968 872 2002 Pisonem

128 2026 163 2049 v.
185 2018 245 2050 14:
275 2024 361 2048 nam
387 2017 475 2057 quid
498 2024 704 2049 memorare
731 2024 872 2048 necesse

133 2065 194 2105 est,
225 2065 265 2096 Ul
291 2064 418 2097 domus
445 2073 469 2097 a
496 2064 608 2105 Calpo
634 2071 766 2096 nomen
791 2063 873 2096 Cal-

130 2112 271 2152 purnia
295 2112 436 2144 ducat?
484 2110 610 2155 Atque
645 2110 683 2143 in
718 2120 871 2144 nummo

131 2158 232 2202 apud
258 2157 401 2191 Eckhel
426 2158 471 2191 D.
488 2157 533 2191 N.
564 2158 647 2191 Vol.
666 2157 709 2190 V.
727 2169 763 2202 p.
786 2158 871 2190 165:

134 2206 204 2239 CN.
223 2207 329 2239 PISO
347 2207 492 2247 PROQ.
528 2205 649 2249 Caput
674 2205 872 2238 barbatum

130 2252 341 2286 diademate
391 2253 581 2295 cinctum,
628 2252 690 2286 cui
737 2252 872 2286 inscri-

130 2303 258 2343 ptum:
290 2302 440 2336 NUMA.
492 2299 567 2333 cfr.
593 2300 745 2333 Festum
772 2299 812 2332 in
838 2309 871 2332 ν.

132 2348 335 2388 calpurnii.
401 2347 623 2389 „Plutarch.
664 2346 773 2380 Num.
816 2348 872 2379 21.

131 2395 347 2436 Pomponius
374 2394 481 2437 dicit,
508 2395 689 2436 Pinarius,
718 2395 872 2435 Calpur-

131 2443 222 2484 ·nios,
248 2443 468 2475 Mamercios
494 2444 597 2476 ortos
624 2452 707 2475 esse
726 2453 747 2475 a
766 2444 873 2486 quat-

133 2491 220 2522 tuor
244 2489 333 2523 filiis
350 2488 505 2530 Numae,
532 2500 694 2533 quorum
720 2489 874 2522 nomina

132 2536 276 2570 fuerint
299 2538 444 2578 Pompo,
472 2537 594 2578 Pinus,
623 2537 765 2577 Calpas,
792 2537 874 2570 Μα-

131 2583 307 2617 mercus.“
362 2584 551 2617 Drnnsxs.
591 2603 633 2606 —
671 2584 793 2618 Multa
817 2601 832 2607 -
858 2601 872 2606 -

132 2631 265 2673 mulla]
304 2631 359 2664 De
394 2630 564 2665 eiusdem
600 2631 702 2664 vocis
737 2630 874 2675 repeti-

132 2678 237 2712 tione
274 2678 343 2711 cfr.
369 2678 463 2723 Epp.
493 2681 523 2720 1,
543 2680 574 2719 1,
593 2679 648 2711 20.
677 2679 708 2718 1,
738 2679 791 2719 17,
817 2679 873 2711 40.

133 2744 180 2748 —-
207 2727 380 2767 coercuit]
417 2724 564 2768 „omnia
596 2734 875 2769 supervacanea

922 737 1129 772 Lambinus
1155 739 1268 783 atque
1293 738 1501 774 Bentleius.
1539 739 1614 783 (Ut

922 928 959 960 et
985 926 1096 961 nimis
1123 927 1276 972 turgida
1292 927 1462 970 removit,
1487 930 1530 962 ut
1554 927 1596 962 fit
1620 927 1658 962 in

923 974 1056 1007 vitium
1081 975 1280 1019 pampinis.
1311 974 1471 1014 Quintil.
1496 977 1531 1017 9,
1556 977 1590 1017 4,
1616 977 1658 1009 5:

921 1022 1010 1055 vites
1047 1024 1252 1055 coercemus
1288 1031 1414 1056 manu.
1465 1021 1541 1056 Cfr.
1566 1021 1657 1067 Epp.

923 1069 962 1110 2,
989 1071 1030 1110 2,
1057 1071 1147 1103 122:
1178 1070 1429 1103 Luxuriantia
1453 1072 1658 1111 compescet.

924 1134 966 1139 ——
995 1116 1216 1160 Perfectum]
1256 1117 1338 1158 „ita
1374 1118 1418 1150 ut
1452 1117 1658 1162 perfectum

923 1162 990 1205 sit,
1027 1164 1300 1208 perfectionem
1332 1164 1540 1210 attingat;“
1582 1173 1657 1198 non

922 1221 1034 1245 vero:
1070 1211 1170 1254 „ubi
1201 1212 1275 1245 iam
1299 1211 1511 1256 perfectum
1535 1210 1660 1245 videa-

923 1259 1004 1300 tur,
1051 1268 1186 1292 rursus
1233 1260 1359 1293 tamen
1395 1257 1660 1303 expoliendum

924 1305 1022 1338 est.“
1075 1303 1256 1340 Codicum
1302 1305 1449 1350 aliquot
1493 1315 1660 1340 errorem

919 1355 1150 1393 praesectum
1190 1352 1358 1387 editores
1399 1352 1573 1387 nonnulli
1614 1363 1659 1387 ac

922 1399 1180 1442 Forcellinus,
1218 1399 1444 1434 Lambinum
1477 1402 1516 1434 et
1545 1399 1661 1435 Bent-

922 1446 1039 1481 leium
1073 1447 1245 1492 speciosa
1282 1447 1444 1482 lectione
1482 1447 1659 1492 deceptos

922 1494 1054 1537 secuti,
1075 1495 1358 1539 praetulerunt3
1386 1494 1453 1529 sed
1470 1497 1571 1530 recte
1585 1494 1661 1529 Fea

923 1541 1053 1576 docuit
1077 1542 1217 1588 unguis
1243 1541 1407 1587 praecisi
1437 1542 1477 1576 in
1508 1543 1578 1577 hac
1603 1541 1661 1576 ul-

922 1590 1012 1623 tima
1035 1589 1202 1634 politura
1227 1589 1377 1623 nullum
1402 1600 1485 1624 esse
1511 1589 1658 1625 usum.“

924 1656 966 1660 -
994 1637 1210 1680 castiqavit]
1247 1637 1504 1682 „expolivit;“
1544 1635 1660 1671 simili

921 1685 1141 1728 metaphora
1181 1686 1224 1718 ut
1263 1685 1420 1718 coercuit
1462 1683 1661 1728 desumpta

922 1732 968 1766 ab
994 1731 1204 1766 arboribus.
1254 1731 1381 1775 Theop
1384 1732 1440 1764 hr.
1468 1730 1507 1765 C.
1532 1730 1588 1764 Pl.
1617 1732 1658 1763 1:

922 1776 1094 1820 κοὶάζειν
1119 1775 1166 1811 τὰ
1191 1777 1335 1824 δένδρα.
1361 1777 1498 1811 Pollux
1517 1779 1658 1820 6,141:

920 1826 1275 1915 ἔιῖἓὲἷῗὲῖῖωἱῖῗῖ
1298 1823 1443 1905 ”⁶²33
1452 1826 1659 1914 αἶῧίἔᾶᾔ

921 1919 1006 1953 Vid.
1033 1920 1080 1954 ad
1106 1919 1182 1953 Sat.
1210 1922 1248 1962 1,
1273 1920 1312 1961 5,
1338 1920 1402 1952 32.
1428 1920 1478 1952 αα
1500 1927 1661 1960 unquam

920 1969 1054 2001 Factus
1094 1968 1209 2001 homo.
1261 1965 1323 2000 Sic
1355 1966 1571 2020 Polycletus
1605 1965 1662 2000 di-

923 2025 1008 2049 cere
1047 2014 1211 2056 solebat,
1253 2009 1521 2055 χαλεπωτατον
1562 2011 1661 2046 εἶναι

923 2059 966 2095 τὸ
991 2058 1114 2109 ἔργον,
1147 2057 1242 2095 ὅταν
1275 2061 1316 2094 ἐν
1348 2057 1460 2102 ὄνυχι
1490 2057 1513 2094 ὁ
1539 2058 1662 2104 πηλὸς

921 2111 1106 2153 γίγνηται.
1155 2108 1310 2154 Dionys.
1346 2108 1469 2142 Halio.
1507 2110 1540 2142 6.
1574 2118 1659 2154 pag.

922 2159 1014 2191 994:
1040 2156 1278 2199 ἐκμέμακται
1302 2167 1356 2198 εις
1380 2151 1517 2196 ὄνυχα.

970 2253 1093 2285 295-
1103 2253 1182 2284 301.
1217 2251 1411 2292 Inqem‘um
1436 2249 1521 2293 cet.]
1555 2248 1660 2292 „Sed

921 2298 1100 2343 permulti
1138 2299 1310 2342 poemata
1346 2308 1415 2332 sua
1455 2296 1541 2331 ideo
1580 2306 1659 2330 non

922 2345 1096 2387 elimant,
1134 2346 1224 2390 quia
1258 2344 1464 2379 Democriti
1497 2344 1661 2379 auctori-

922 2395 996 2428 tate
1023 2393 1130 2427 abusi
1162 2392 1359 2437 ingenium
1382 2394 1496 2436 atque
1522 2390 1660 2424 ἐνθου-

922 2436 1103 2483 σιασμόι,
1127 2439 1295 2473 furorem
1320 2439 1521 2484 poeticum,
1547 2448 1659 2483 quem

921 2487 997 2532 ipsi
1023 2487 1094 2521 sibi
1129 2486 1321 2528 tribuunt
1359 2486 1470 2532 longe
1503 2488 1659 2538 antepo-

922 2545 1014 2569 nere
1041 2535 1162 2568 solent
1188 2534 1279 2576 arti,
1313 2535 1426 2578 atque
1451 2532 1508 2566 illi
1534 2531 1660 2566 omnia

922 2582 1037 2616 licere
1069 2580 1322 2622 contendunt,
1359 2581 1457 2615 hanc
1489 2580 1659 2612 miseram

923 2640 1017 2671 esse,
1035 2629 1148 2662 nimis
1166 2628 1392 2662 laboriosam
1409 2637 1479 2661 nec
1493 2625 1657 2671 dignam,

924 2687 998 2721 qua
1036 2675 1247 2710 exercenda
1287 2676 1397 2719 poeta
1438 2672 1659 2719 ingeniosus

923 2735 1007 2758 sese
1033 2724 1175 2758 frustra
1199 2722 1346 2757 vexet.
1390 2720 1508 2755 Vetus
1533 2722 1658 2755 autem
