1774 2930
161 147 247 190 280

633 149 840 184 HORA'I'II
864 150 1211 185 EPISTOLARUM

278 248 348 291 An
379 250 561 306 pingues
593 250 726 293 Asiae
757 252 897 307 campi
928 251 1142 307 collesque
1173 254 1421 295 morantur?
1649 253 1675 294 5
1713 258 1717 263 '

280 320 393 368 Quid
424 321 615 363 studiosa
646 322 796 363 cohors
829 336 1006 378 operum
1037 323 1193 364 struit?
1233 323 1329 367 Hoc
1359 327 1529 381 quoque
1561 338 1674 366 curo.

279 391 385 439 Quis
417 392 499 433 sibi
530 407 598 434 res
631 396 775 448 gestas
807 392 995 449 Augusti
1026 394 1212 436 scribere
1243 395 1403 437 sumit?

276 461 401 504 Bella
432 464 527 518 quis
560 466 603 505 et
632 478 760 520 paces
791 464 966 520 longum
997 464 1195 506 diffundit
1225 466 1270 507 in
1300 467 1483 508 aevum?

279 533 392 582 Quid
425 534 564 576 Titius
596 535 791 577 Romana
820 536 942 578 brevi
972 540 1178 578 venturus
1209 538 1255 578 in
1286 538 1391 579 ora?

254 672 286 703 6.
314 671 403 703 haec
427 670 515 704 Lot.
567 670 638 713 (Ut
664 682 744 712 nos,
770 671 904 713 nostri,
930 672 1143 706 Bentleiani
1170 676 1207 706 et
1232 672 1406 706 Pottierii
1432 672 1562 715 Codd.)

162 784 223 824 10,
250 784 313 815 24:
351 785 544 824 Europam
578 785 798 824 libyamque
831 793 893 818 ra·-

155 838 236 871 paoe
268 831 331 862 ubi
364 831 494 864 dividit
527 833 640 865 unda.
669 850 713 855 —
739 833 893 873 pinques

156 878 267 910 Asiae
293 878 434 920 campi]
459 878 593 912 Iustin.
621 881 684 920 38,
712 881 750 912 7:
778 888 893 919 neque

157 925 260 957 caelo
285 926 394 958 Asiae
420 934 493 959 esse
525 927 761 967 temperatius
788 927 894 959 aliud

157 980 222 1004 uec
254 973 333 1005 solo
366 974 536 1014 fertilius.
570 993 618 997 -—
650 973 892 1016 moramur‘IJ

159 1030 283 1060 „nunc
310 1030 374 1053 vos
400 1021 613 1054 retincnt‘?“
646 1024 802 1065 propter
830 1021 892 1053 Ti-

156 1066 335 1100 berianae
359 1068 609 1112 expeditionis
628 1068 739 1102 finem
758 1078 802 1102 ac
828 1079 892 1102 ne-

155 1114 361 1148 cessitates.
385 1115 501 1149 Recte
519 1118 644 1149 autem
663 1118 769 1149 notat
785 1115 891 1149 Diin-

156 1163 253 1204 tzer,
292 1164 369 1196 tres
408 1166 551 1197 tractus
589 1163 815 1207 praecipuos
849 1174 892 1197 ac

157 1208 381 1243 Tiberianae
408 1210 659 1254 expeditionis
682 1210 799 1244 veluti
819 1213 892 1244 sta-

155 1257 278 1290 tiones
305 1268 327 1290 a
351 1259 463 1301 poeta
489 1258 582 1292 scite
609 1258 827 1303 significari.

203 1306 278 1337 6-8.
304 1305 482 1347 studiosa]
503 1305 675 1339 absolute
695 1306 753 1348 (ut
771 1305 839 1338 Od.
859 1307 892 1348 2,

156 1353 212 1393 20,
241 1354 304 1385 19:
327 1354 481 1393 peritus.
508 1352 576 1386 Od.
604 1355 637 1395 3,
665 1356 697 1394 4,
725 1354 787 1386 58:
816 1354 893 1386 avi-

155 1400 234 1432 dus.
241 1401 276 1442 ):
321 1400 551 1441 „litterata.“
604 1400 732 1434 0011111.
772 1400 892 1439 GRUQ.

157 1446 268 1489 (Cave
287 1447 441 1492 iungas:
470 1448 661 1491 „studiosa
685 1448 892 1492 operum.“)

157 1513 199 1517 -
227 1495 373 1538 cohors]
401 1495 587 1529 Paulatim
613 1506 693 1529 mos
720 1495 891 1538 invaluit,

156 1545 198 1575 ut
224 1542 278 1575 sic
312 1543 567 1587 appellaretur
601 1551 691 1584 qresc
716 1542 835 1590 (Epp,
861 1546 890 1584 1,

155 1592 194 1630 9,
239 1590 310 1631 13.)
353 1590 651 1624 adolescentium
693 1590 891 1632 nobilium,

155 1637 223 1680 qui
242 1637 520 1672 comitabantur
545 1638 814 1682 proconsulem
832 1638 891 1671 vel

156 1694 421 1729 quemcunque
460 1685 576 1719 alium
611 1695 696 1719 cum
730 1682 889 1729 imperio

155 1735 261 1766 extra
287 1733 417 1766 urbem
452 1733 618 1767 missum.
670 1732 747 1766 Cic.
774 1733 820 1765 ad.
848 1733 890 1772 Q.

154 1779 215 1812 Fr.
247 1782 276 1820 1,
306 1782 335 1821 1,
364 1782 404 1813 4:
433 1782 529 1821 Quos
553 1789 640 1813 vcro
667 1782 732 1813 auc
758 1789 803 1813 ew
827 1780 890 1812 do-

154 1828 309 1859 mesticis
343 1828 626 1860 convictionibus
660 1830 724 1860 aul
759 1836 806 1860 ea:
830 1835 890 1859 ue-

155 1875 321 1906 cessariis·
354 1875 649 1915 apparitionibus
675 1876 791 1906 lecum
817 1882 890 1907 csse

154 1921 319 1962 volui-sii,
359 1923 422 1961 qui
458 1922 589 1961 quasi
627 1930 678 1954 επ
712 1922 889 1954 cohorte

152 1970 386 2008 praetoris
412 1970 598 2010 appella-ri
621 1969 737 2001 solem
756 1970 824 2001 cet.
845 1987 887 1991 --

157 2016 439 2057 Quid-operum
464 2015 618 2049 siruil‘P‘
650 2026 769 2060 „quae
797 2016 889 2049 scri-

155 2065 218 2107 pta
257 2063 494 2107 componit?“
548 2063 691 2097 Senon.
728 2082 770 2086 —-
810 2065 891 2096 Hoc

155 2118 298 2151 quoque
316 2111 418 2153 curo]
447 2121 546 2153 „non
572 2111 706 2151 solum,
732 2110 798 2143 ubi
817 2113 890 2144 ter-

155 2168 283 2191 rarum
310 2169 414 2192 nunc
440 2158 595 2203 degatis,
622 2169 750 2191 verum
779 2158 890 2192 etiam

155 2205 296 2249 quibus
316 2205 451 2240 studiis
470 2206 643 2240 vacetis.“
661 2225 703 2229 ——
718 2205 890 2248 scribere]

155 2254 197 2285 ut
214 2252 282 2285 Od.
305 2258 335 2294 1,
354 2255 386 2295 6,
406 2256 438 2286 1.
457 2253 502 2287 de
529 2253 759 2287 carminibus
782 2263 890 2297 prae-

155 2300 284 2332 sertim
299 2301 550 2346 panegyricis.
564 2319 605 2323 ——
620 2301 744 2343 sumu]
761 2311 890 2344 „prae-

156 2345 336 2382 dicandas
356 2348 497 2393 eligit“,
525 2359 608 2381 cum
628 2348 828 2387 infinitivo,
848 2350 890 2380 ut

155 2392 224 2427 Od.
254 2397 284 2436 1,
314 2397 367 2437 12,
398 2398 435 2428 1:
472 2397 586 2437 Quem
610 2397 730 2428 virum
748 2396 890 2428 -sumis

155 2442 368 2475 celebrare?
396 2462 437 2466 -—
461 2444 574 2476 ‘Bella
607 2444 687 2482 quis
713 2442 797 2485 cet]
823 2442 890 2474 εἷτ-

155 2485 347 2532 έξήγησις.
377 2490 491 2532 „Quis
516 2490 632 2534 igitur
655 2490 766 2532 bella,
793 2500 889 2533 quae

155 2536 290 2581 gessit,
331 2547 443 2581 paces
482 2537 539 2569 illi
579 2539 651 2570 tam
693 2537 889 2582 gloriosas,

155 2594 248 2627 quas
275 2584 383 2618 victis
417 2584 615 2628 imposuit,
649 2585 695 2618 ad
730 2584 889 2628 posteri-

156 2633 267 2664 tatem
307 2642 515 2676 propagare
554 2632 760 2665 conatur?“
813 2631 888 2664 Ofr.

156 2677 229 2716 Sal.
258 2679 336 2724 lug.
363 2681 427 2712 31:
462 2679 558 2712 bella
584 2681 825 2719 alque-paces
843 2696 856 2702 -
875 2698 889 2704 -

153 2734 262 2766 penes
286 2735 423 2767 paucos
457 2729 580 2765 erant,
616 2725 651 2758 id
681 2729 756 2759 est.
794 2727 889 2767 „ius,

943 784 1248 829 quandocunque
1274 785 1320 819 iis
1352 785 1513 827 libebat,
1545 795 1671 829 paoem

941 831 1141 866 faciendi.“
1203 833 1318 865 Paces
1358 834 1448 866 sunt
1488 834 1674 866 Friedem-

941 880 1110 913 schliisse.
1137 878 1215 912 Alii
1241 880 1328 913 coll.
1355 879 1448 924 Epp.
1475 882 1508 923 2,
1535 882 1567 922 1,
1593 881 1671 913 102.

943 927 1152 970 explicant:
1189 937 1270 969 „res
1302 927 1347 961 ab
1373 927 1545 973 Augusto
1569 927 1673 971 pacis

941 977 1110 1018 tempore
1143 975 1302 1019 gestas.“
1353 974 1411 1008 Ad
1447 975 1546 1019 quod
1570 975 1673 1009 inoe-

941 1024 1047 1065 ptum
1065 1021 1146 1065 ipse
1165 1032 1359 1066 nunquam
1377 1033 1416 1056 se
1442 1021 1571 1056 induci
1589 1032 1674 1066 pas-

942 1079 1005 1102 sus
1032 1071 1128 1111 erat,
1163 1071 1206 1102 ut
1229 1069 1496 1114 panegyricum
1523 1080 1674 1103 carmen

941 1116 981 1149 in
999 1115 1212 1161 Augustum
1239 1118 1491 1160 componeret,
1516 1117 1556 1150 id
1582 1116 1673 1151 satis

941 1163 1085 1197 urbane
1127 1163 1329 1197 iuvenibus
1376 1163 1454 1197 illis
1495 1163 1674 1209 iniungit,

942 1211 1080 1255 quibus
1106 1210 1322 1245 huiusmodi
1349 1211 1507 1255 scripta,
1538 1212 1569 1245 si
1595 1221 1674 1245 non

942 1258 1159 1292 diuturnam
1185 1258 1355 1303 gloriam,
1381 1261 1418 1291 at
1443 1260 1546 1292 certe
1573 1269 1673 1292 com-

941 1305 1052 1339 moda
1084 1307 1241 1339 externa
1275 1307 1312 1339 et
1342 1305 1510 1350 praemia
1539 1306 1674 1340 afferre

942 1356 1127 1397 poterant.
1140 1371 1183 1376 —
1198 1354 1367 1394 diffundit
1379 1354 1419 1386 in
1432 1353 1575 1396 aevum]
1587 1353 1674 1398 Ipse
1711 1375 1718 1384 .

942 1401 1109 1444 explicat
1134 1399 1202 1433 Od.
1228 1402 1267 1443 4,
1296 1402 1354 1442 14,
1382 1403 1422 1433 3:
1459 1401 1612 1434 virtutes
1635 1401 1675 1434 in

942 1456 1074 1481 aevum
1087 1465 1130 1477 -.-
1143 1448 1325 1481 Aeternet.

989 1497 1021 1528 9.
1050 1496 1145 1537 Quid
1170 1496 1284 1528 Titius
1310 1495 1394 1538 cet]
1419 1495 1476 1529 De
1501 1497 1578 1528 toto
1604 1496 1674 1529 hoo

941 1543 1022 1576 loco
1050 1543 1134 1587 lege
1159 1543 1348 1588 egregiam
1380 1542 1674 1586 disputationem

939 1590 1101 1624 Iacobsii
1135 1590 1175 1623 in
1202 1589 1320 1624 Lectt.
1346 1589 1489 1624 Venus.
1522 1601 1558 1634 p.
1594 1592 1674 1623 340.

940 1637 1095 1671 Refellit
1120 1648 1204 1679 eos,
1240 1637 1306 1681 qui
1341 1647 1426 1671 cum
1452 1636 1673 1671 Scholiastie

940 1685 1139 1718 Horatium
1190 1685 1379 1718 malitiosa
1424 1683 1565 1728 dilogia
1612 1684 1674 1718 hio

941 1743 1050 1766 usum
1086 1742 1168 1765 esse
1202 1731 1375 1764 arbitrati
1407 1733 1505 1764 sunt.
1557 1731 1673 1765 Immo

940 1781 1052 1822 poeta
1084 1779 1131 1811 de
1166 1779 1342 1812 iuvenum
1375 1779 1509 1812 horum
1536 1778 1674 1813 studiis

939 1826 992 1858 ita
1029 1825 1163 1859 festive
1197 1825 1346 1859 locutus
1385 1828 1460 1867 est,
1498 1827 1541 1858 ut
1577 1825 1674 1859 nihil

941 1873 1092 1906 omnino
1137 1882 1200 1906 eos
1244 1872 1433 1906 offendere
1469 1876 1598 1916 posset
1633 1873 1673 1907 in

939 1920 1064 1954 verbis
1113 1919 1377 1954 urbanissimis
1425 1919 1537 1953 amici
1583 1923 1673 1954 natu

939 1967 1105 2008 maioris,
1133 1978 1244 2012 quem
1262 1968 1337 2012 ipsi
1363 1969 1406 2000 ut
1422 1969 1615 2000 Romanae
1632 1969 1673 2009 fi-

940 2016 1096 2048 dicinem
1139 2016 1239 2055 lyrae
1282 2015 1519 2058 suspicerent
1558 2017 1672 2059 atque

940 2062 1198 2096 observarent.
1223 2061 1264 2096 Id
1290 2065 1415 2096 tamen
1440 2062 1674 2104 meminerat,

939 2110 1007 2143 hos
1033 2120 1172 2154 pueros
1198 2110 1273 2154 ipsi
1307 2109 1476 2143 nondum
1501 2119 1584 2143 esse
1608 2119 1674 2153 pa-

940 2167 1012 2190 res.
1063 2156 1186 2190 Titius
1221 2159 1346 2191 autem
1379 2157 1538 2190 fortasse
1571 2157 1674 2191 filius

939 2204 1013 2238 fuit
1037 2203 1084 2236 M.
1112 2204 1202 2238 Titii
1230 2215 1304 2238 cos.
1340 2203 1490 2237 suffecti
1514 2214 1547 2238 a.
1574 2215 1611 2237 u.
1638 2214 1671 2238 0.

940 2253 1020 2285 723.
1072 2251 1327 2294 (Scholiastae
1363 2253 1457 2285 haec
1494 2251 1540 2285 de
1574 2250 1672 2285 Titio

939 2299 1111 2333 tradunt:
1144 2299 1322 2340 „Deridet
1348 2298 1488 2332 Titium
1512 2301 1672 2343 poetam,

939 2347 1006 2391 qui
1044 2346 1251 2380 Pindarum
1290 2346 1475 2380 Graecum
1516 2345 1674 2390 profun-

940 2393 1086 2428 dissimi
1119 2403 1254 2427 sensus
1288 2395 1325 2427 et
1358 2393 1598 2437 eloquentiae
1631 2393 1672 2426 in

938 2441 1115 2475 Latinum
1164 2450 1373 2474 sermonem
1415 2442 1572 2474 conatus
1615 2441 1674 2474 est

939 2488 1156 2522 transferre.
1198 2486 1290 2521 'Nam
1316 2487 1529 2532 tragoedias
1555 2489 1593 2520 et
1618 2487 1672 2531 ly—

938 2536 1018 2569 rica
1044 2535 1212 2568 carmina
1238 2535 1405 2569 scribere
1431 2534 1555 2578 coepit
1578 2537 1670 2568 tem-

939 2582 1095 2628 poribus
1109 2582 1291 2628 Augusti3
1312 2582 1377 2616 sed
1390 2582 1478 2616 libri
1493 2582 1573 2615 eius
1588 2581 1688 2617 nu1-.

939 2631 1013 2665 lius
1038 2630 1215 2663 momenti
1241 2629 1381 2663 01111111(ι
1408 2628 1558 2662 AGRON.
1586 2627 1671 2670 „Ti-

938 2678 1013 2712 tius
1031 2679 1143 2722 poeta
1159 2678 1219 2710 hic
1237 2676 1356 2710 voluit
1369 2675 1575 2709 Pindarum
1594 2685 1671 2708 ser-

938 2735 1047 2758 mone
1072 2724 1208 2758 Latino
1236 2726 1399 2758 vertere.-
1422 2722 1580 2757 Deridet
1604 2733 1670 2756 au-
