1786 2912
157 159 195 199 :4
659 157 866 192 HORATII
891 156 1176 192 SATIRARUM

286 258 384 312 Ille,
417 257 527 300 datis
558 258 738 301 vadibus
771 258 844 314 qui
875 272 973 300 rure
1004 260 1220 300 extractus
1252 257 1298 299 in
1327 257 1479 300 urbem
1509 261 1595 313 est,

288 330 410 373 Solos
441 329 587 373 felices
619 330 812 371 viventes
846 329 1001 371 clamat
1030 329 1076 370 in
1105 328 1227 371 urbe.

289 401 445 444 Cetera
474 400 527 443 de
558 414 716 456 genere
746 398 1024 442 hoc—adeo
1057 403 1157 441 sunt
1182 399 1388 442 multa—
1405 399 1626 467 loquacem

287 471 518 515 Delassare
547 472 690 514 valent
720 470 915 512 Fabium.

289 543 383 592 Quo
414 557 504 585 rem
535 542 754 585 deducam.
804 540 849 583 Si
883 541 976 598 quis
1009 540 1134 595 deus,
1165 540 1235 584 En
1265 555 1365 597 ego,
1398 541 1529 596 dicat,

976 469 1042 513 Ne
1073 474 1117 513 te
1147 484 1306 525 morer,
1338 470 1457 524 audi,

1631 542 1688 584 15

284 614 376 657 Iam
406 614 560 656 faciam
592 613 703 669 quod
734 612 885 655 voltis:
919 613 1004 654 eris
1035 616 1102 666 tu,
1135 612 1207 668 qui
1237 612 1364 655 modo
1394 613 1539 667 miles,

283 684 517 738 Mercator,
550 688 615 738 tu,
649 684 867 726 consultus
898 683 1044 737 modo,
1077 683 1285 725 rusticus:
1317 683 1418 727 hinc
1447 698 1543 737 vos,

282 756 373 799 Vos
406 756 507 798 hinc
537 755 712 797 mutatis
745 754 950 797 discedite
980 754 1189 811 partibus·

163 887 208 922 In
234 886 417 932 gallicinii
452 890 618 931 tempore
650 885 812 919 ridicula
836 885 901 930 hy-

163 935 319 979 perbole
345 935 463 976 inest,
489 938 531 967 ut
556 933 595 966 in
622 932 698 966 illis
727 932 803 966 Cic.
830 943 899 976 pro

163 981 308 1016 Muren.
335 985 368 1023 9,
394 983 458 1015 22:
500 982 632 1022 Vioilas
657 984 697 1013 lu
723 980 899 1024 (Sulpici)

164 1030 208 1063 de
233 1032 354 1071 nocte,
388 1032 428 1062 ut
455 1030 525 1062 luis
551 1029 818 1061 consultoribus
842 1036 900 1060 rc-

162 1077 362 1119 spondeam
402 1077 466 1109 ille
508 1075 565 1118 (L.
603 1075 822 1117 Lucullus),
859 1078 899 1108 ul

165 1133 218 1163 eo,
246 1133 315 1165 quo
341 1124 506 1161 intendit,
532 1125 678 1155 mature
696 1131 777 1155 cum
795 1131 899 1156 eoeer-

164 1172 238 1205 citu
262 1172 466 1212 perveniat.
501 1172 546 1203 Te
572 1171 765 1212 vallorum,
791 1170 899 1203 illum

163 1219 400 1251 buccinarum
442 1221 568 1251 camus
608 1218 816 1250 exsuscitat.
855 1235 896 1241 —

162 1266 338 1309 vadibus]
378 1265 452 1299 Vas
478 1265 517 1298 in
545 1275 586 1298 re
610 1264 777 1298 iudiciali
812 1275 898 1309 pro-

162 1313 245 1357 prie
271 1313 484 1357 appellatus
511 1315 567 1346 est
591 1310 634 1351 is,
661 1313 724 1352 qm·
746 1320 816 1353 pro
843 1312 899 1344 al-

163 1363 239 1392 lero
253 1361 501 1393 vadimonium
515 1360 746 1401 prominebat
759 1358 895 1401 (varro

162 1406 203 1440 L.
231 1407 272 1440 L.
300 1409 340 1448 6,
375 1408 466 1449 74),
506 1407 544 1440 id
580 1409 654 1448 est,
693 1407 757 1450 qui
796 1406 897 1451 apud

162 1458 373 1498 praetorem
400 1454 607 1498 spondebat
640 1465 746 1487 reum
773 1453 811 1486 in
839 1454 896 1486 iu-

163 1502 305 1534 dicium
347 1502 440 1535 sisti.
500 1501 730 1535 Rusticanus
780 1501 896 1545 igitur

161 1548 367 1590 Romanus,
395 1549 535 1582 invitus
562 1548 732 1593 quidem,
758 1548 823 1582 sed
849 1559 896 1582 ne

162 1596 374 1630 vadimonio
399 1596 545 1630 deserto
573 1596 675 1630 litem
694 1595 894 1638 amitteret,

162 1643 202 1676 in
217 1643 354 1678 Urbem
375 1654 414 1677 sc
434 1644 606 1677 conferre
625 1646 789 1682 coactus,
812 1643 894 1676 eius

162 1690 308 1724 incolas
340 1691 415 1725 alta
439 1701 528 1724 voce
555 1691 613 1724 vel
646 1691 731 1724 ideo
764 1690 894 1724 felices

160 1738 362 1782 praedicat,
389 1738 489 1782 quod
515 1741 663 1783 practer
687 1738 804 1771 multa
822 1738 896 1771 alia

161 1785 260 1819 vitae
286 1785 423 1830 gaudia
447 1786 557 1830 longe
577 1786 805 1819 commodius
830 1796 895 1818 ne-

161 1833 275 1877 gotiis
316 1833 530 1866 forensibus
569 1843 719 1877 operam
758 1843 894 1866 navare

160 1879 319 1924 possint,
337 1880 417 1924 ipse
433 1890 514 1913 cum
530 1884 731 1924 propterea
747 1883 894 1913 tantum

162 1927 340 1971 temporis
366 1927 508 1971 perdat.
534 1946 580 1951 -—--
606 1928 760 1969 clamat}
799 1927 895 1969 „for-

160 1974 249 2007 titer
275 1985 319 2008 ac
346 1974 555 2018 praefracte
582 1974 817 2016 contendit;“
853 1977 895 2008 ut

162 2020 236 2054 Sat.
264 2023 296 2063 2,
324 2023 355 2062 3,
383 2024 469 2055 130:
513 2024 689 2054 Insanum
715 2025 748 2055 le
774 2031 894 2054 omnes

158 2069 266 2110 pueri
293 2070 516 2108 clamentque
538 2069 696 2110 puellae.
723 2069 797 2102 Alii
817 2080 893 2102 non

159 2126 318 2159 prorsus
338 2116 552 2149 necessario
580 2117 649 2148 hcc
675 2127 742 2160 pro
762 2114 895 2162 ἀγροι-

159 2164 247 2203 κίας
285 2163 390 2207 signo
432 2163 588 2204 habent,
631 2166 673 2195 ut
709 2166 765 2196 est
804 2174 894 2197 sane

158 2206 306 2256 ,ιι-ςγάλῃ
356 2210 402 2254 τῇ
452 2210 564 2255 φωνῇ
614 2209 740 2242 λαλεῖν
795 2211 894 2254 apud

161 2257 346 2301 Theophr.
374 2257 482 2291 Char.
509 2261 547 2299 4,
576 2260 606 2290 1.
633 2257 755 2290 Plaut.
785 2257 892 2292 Most.

163 2307 194 2346 1,
215 2307 245 2346 1,
265 2307 304 2337 6:
333 2306 426 2345 Quid
451 2306 526 2346 libi,
552 2305 701 2345 malum,
730 2306 786 2337 hic
809 2309 893 2338 ame

158 2353 265 2384 acdcs
291 2353 491 2384 clamitatis)
517 2354 592 2384 esl‘!
626 2353 682 2384 An
706 2353 788 2384 ruri
814 2361 892 2385 cen-

158 2407 213 2431 ses
239 2402 272 2431 le
299 2400 398 2431 esse?
415 2417 429 2422 -
448 2417 462 2422 -
481 2399 546 2431 Abi
571 2407 645 2430 rus.

211 2448 343 2479 13-19.
396 2447 520 2478 Cetera
558 2447 601 2478 de
642 2454 770 2486 uenere
814 2446 890 2489 hoc]

159 2492 359 2526 Transitus
385 2496 441 2525 cst
466 2492 717 2525 Lucretianus
744 2496 777 2533 4,
803 2495 890 2526 590:

160 2541 288 2573 Cetera
323 2541 365 2573 de
399 2549 528 2580 qenai-e
561 2540 626 2571 hoc
659 2543 821 2572 monstra
848 2549 891 2573 ac

155 2590 326 2628 portenae
379 2587 587 2626 loquuntur.
647 2588 688 2626 5,
730 2588 784 2619 38.
845 2587 889 2620 In

157 2644 272 2677 prosa
298 2645 350 2666 or.
379 2643 472 2673 quae
496 2637 579 2665 sunt
607 2634 711 2665 leuius
738 2635 888 2674 pencris.

159 2680 236 2714 Cic.
279 2681 388 2714 Tusc.
414 2684 455 2722 4,
489 2682 529 2722 7,
566 2682 627 2713 16:
670 2684 703 2713 el
734 2682 765 2712 si
798 2690 891 2720 quac

155 2730 243 2761 sunl
267 2730 311 2762 de
337 2737 467 2768 venero
493 2729 626 2761 eodem.
654 2746 695 2751 —
723 2728 887 2770 Fabium]

1251 753 1334 796 Eia
1345 754 1356 796 i

951 884 1062 926 „Fuit
1096 883 1234 918 Fabius
1269 883 1476 927 (Maximus
1507 884 1683 928 Pomm.)

951 942 1066 976 eques
1092 931 1283 966 Romanus
1306 931 1581 973 Narbonensis.
1615 933 1682 977 qui

949 980 1095 1024 aliquot
1119 979 1235 1014 libros
1260 979 1496 1023 pertinentes
1523 979 1570 1013 ad
1587 979 1683 1014 Stoi-

950 1036 1028 1060 cam
1046 1026 1323 1071 philosophiam
1343 1026 1580 1071 conscripsit.
1609 1027 1683 1061 Hic

948 1076 1071 1108 autem
1104 1073 1242 1108 Fabius
1273 1074 1520 1118 Pompeianas
1556 1077 1682 1118 partes

949 1125 1101 1155 secutus
1143 1125 1200 1155 est
1237 1124 1274 1155 et
1311 1131 1395 1154 cum
1437 1121 1594 1156 Horatio
1634 1121 1682 1157 de

947 1169 1162 1213 disciplinis
1188 1178 1299 1213 saepe
1325 1169 1553 1203 contendit.“
1586 1169 1681 1203 AOR.

946 1215 1046 1250 Idem
1082 1217 1241 1250 fortasse
1275 1219 1333 1250 est
1358 1227 1441 1249 cum
1468 1227 1532 1259 eo,
1570 1227 1680 1260 quem

947 1274 1079 1298 rursus
1105 1263 1252 1299 deridet
1277 1262 1351 1297 Sat.
1379 1266 1417 1305 1,
1453 1266 1494 1305 2,
1531 1265 1608 1297 134.
1636 1283 1679 1288 —

949 1312 1027 1352 Quo
1043 1319 1119 1344 rem
1134 1309 1326 1353 deducam]
1343 1311 1428 1355 ,qui
1449 1310 1498 1345 sit
1514 1310 1681 1355 disputa-

946 1358 1061 1392 tionis
1083 1369 1187 1392 meae
1213 1357 1300 1392 finis
1326 1358 1404 1399 (wo
1429 1359 1498 1391 ich
1521 1358 1681 1392 ainans

945 1406 1076 1448 will),
1109 1404 1256 1439 scilicet
1281 1415 1410 1439 omnes
1443 1405 1511 1439 hos
1543 1415 1682 1449 queru-

946 1453 1003 1487 los
1038 1453 1152 1486 stulta
1184 1452 1356 1486 laborare
1391 1452 1679 1487 inconstantia.“

949 1519 989 1524 -
1017 1501 1056 1534 Si
1080 1502 1159 1540 quis
1185 1499 1290 1542 deus]
1332 1499 1406 1533 Cfr.
1431 1498 1581 1533 Maximi
1608 1499 1680 1545 Ty-

947 1547 993 1581 rii
1041 1548 1163 1581 locum
1207 1546 1253 1580 ad
1296 1557 1327 1580 v·
1372 1550 1403 1581 1.
1446 1547 1601 1581 allatum
1643 1550 1681 1581 et

943 1594 1063 1638 ipsius
1082 1594 1224 1628 Horatii
1245 1593 1320 1627 Sat.
1339 1595 1372 1635 2,
1392 1596 1425 1635 7,
1444 1595 1507 1627 22ε
1531 1595 1679 1628 Laudas

943 1642 1148 1675 Fortunam
1167 1644 1199 1674 et
1216 1649 1334 1674 mores
1353 1642 1527 1681 antiquae
1551 1642 1675 1684 plebis,

944 1692 977 1723 et
1001 1690 1115 1731 idem,
1148 1690 1186 1723 Si
1221 1690 1300 1729 quis
1327 1689 1375 1721 ad
1406 1689 1476 1721 illa
1507 1689 1595 1722 deus
1618 1697 1681 1722 su·

945 1737 1017 1769 bilo
1043 1739 1076 1769 tc
1102 1739 1207 1778 aqut,
1232 1744 1348 1776 usquc
1372 1744 1524 1769 recuses.
1549 1755 1597 1759 —
1621 1737 1683 1769 En

945 1783 1026 1826 eoo]
1043 1782 1127 1817 Noli
1154 1784 1246 1817 haec
1271 1783 1428 1828 iungere
1455 1793 1539 1816 cum
1565 1793 1598 1816 V.
1621 1785 1680 1826 sa-

944 1833 1057 1873 ciam,
1093 1831 1157 1865 sed
1185 1834 1259 1872 est,
1294 1833 1335 1864 ut
1362 1830 1481 1864 Varro
1505 1830 1549 1864 R.
1575 1830 1619 1867 R.
1648 1833 1679 1873 1,

945 1880 1009 1912 56:
1044 1887 1090 1912 en
1114 1879 1203 1919 quin
1226 1879 1367 1911 adsum.
1406 1877 1542 1912 Salust.
1576 1876 1677 1912 Orat.

945 1925 1074 1960 Cottae
1101 1929 1140 1959 4:
1172 1926 1309 1958 Adsum
1337 1933 1382 1958 en
1407 1927 1441 1958 C.
1468 1927 1570 1958 Colla
1595 1934 1678 1959 con-

943 1974 1012 2006 sul.
1034 1992 1075 1997 —
1094 1972 1187 2015 lam]
1215 1972 1350 2015 „illico‚
1378 1972 1536 2006 statim.“
1565 1971 1675 2006 Hand

945 2021 1056 2054 Turs.
1081 2019 1146 2053 111.
1173 2031 1208 2064 p.
1237 2021 1314 2053 115.
1343 2038 1385 2042 -
1413 2020 1550 2061 faciam
1582 2021 1679 2061 quod

943 2067 1072 2110 voltis]
1104 2066 1278 2111 'Explieo
1319 2067 1412 2100 haec
1454 2066 1677 2111 simpliciter

945 2126 1028 2149 cum
1054 2114 1191 2148 Wolfio
1218 2118 1254 2148 et
1278 2112 1511 2147 Kirchnero:
1549 2114 1680 2154 „Was

942 2163 1013 2195 ihr
1055 2163 1276 2203 mactaret,
1317 2162 1387 2194 ich
1428 2161 1558 2204 lhu'83
1600 2171 1675 2195 non

943 2220 1052 2243 vero:
1093 2210 1250 2250 „faciam
1276 2219 1322 2242 ex
1346 2208 1451 2242 vobis
1485 2207 1543 2244 id.
1581 2209 1679 2249 quod

943 2267 1025 2291 esse
1050 2257 1192 2290 voltis!
1215 2275 1256 2279 -κ
1281 2255 1480 2298 consultus]
1507 2255 1678 2289 absolute

942 2315 1011 2348 pro
1049 2304 1166 2345 „iuris
1193 2304 1424 2344 consultus-⁴,
1459 2305 1500 2335 ut
1524 2302 1617 2346 Epp.
1643 2304 1678 2343 2,

945 2354 982 2392 2,
1008 2353 1063 2384 87.
1094 2353 1171 2384 159.
1198 2369 1240 2375 -—
1268 2351 1350 2382 hinc
1385 2358 1449 2382 vos
1487 2348 1578 2391 cet.]
1619 2352 1678 2391 „et

942 2402 1068 2442 partes
1106 2400 1248 2431 vestras
1286 2400 1322 2430 et
1357 2399 1498 2430 mutato
1537 2406 1678 2440 genere

943 2446 1040 2479 vitae
1080 2445 1190 2478 etiam
1228 2445 1330 2477 locos
1365 2443 1404 2476 in
1441 2444 1509 2477 hac
1543 2437 1675 2476 mflndi

943 2494 1058 2526 veluti
1085 2502 1197 2526 scena
1222 2491 1394 2524 mutate.“
1416 2510 1456 2514 -ν
1475 2490 1562 2534 Eia]
1587 2490 1624 2524 h.
1649 2490 1676 2524 1.

944 2543 1000 2573 est
1026 2540 1262 2583 impatienter
1290 2538 1535 2582 increpantis.
1587 2536 1676 2571 Ces-

945 2598 1026 2621 sare
1045 2587 1155 2628 videt,
1182 2597 1275 2630 quos
1297 2586 1421 2620 statim
1439 2585 1676 2618 discessuros

944 2635 1231 2675 existimaverat,
1257 2633 1418 2677 ideoque
1445 2634 1575 2665 evocat
1598 2641 1674 2664 mo·-

942 2685 1044 2715 ratos
1070 2681 1248 2725 additque
1275 2681 1370 2722 Quid
1392 2680 1522 2713 stalis?
1563 2677 1673 2712 Hand

944 2728 1051 2762 Turs.
1078 2728 1123 2762 Π.
1150 2739 1186 2772 p.
1213 2730 1292 2762 364.
1325 2729 1430 2762 Stare
1455 2729 1578 2760 autem
1603 2735 1676 2769 pro
