1774 2930
149 139 234 179 282

621 139 828 173 HORA'I'II
852 139 1201 174 EPISTOLARUM

269 239 383 287 Quid
402 239 508 281 mihi
531 239 684 282 Celsus
706 240 823 295 agit?
844 241 1031 282 monitus
1053 241 1319 297 multumque
1341 241 1592 295 monendus,
1619 242 1671 283 15
1711 254 1715 259 ·

267 309 463 352 Privatas
495 315 543 352 ut
574 315 751 366 quaerat
783 325 887 366 opes
920 315 964 353 et
993 315 1172 367 tangere
1202 313 1309 355 vitet

269 380 455 437 Scripta,
488 381 710 423 Palatinus
744 396 1025 438 quaecunque
1056 383 1219 439 recepit
1249 383 1424 439 Apollo,

268 451 352 505 Ne,
386 452 421 493 si
452 451 561 494 forte
594 467 692 494 suas
724 453 957 508 repetitum
987 454 1153 496 venerit
1184 454 1287 495 olim

270 522 387 564 Grex
420 523 562 564 avium
593 524 780 579 plumas,
812 528 982 566 moveat
1014 525 1230 566 cornicula
1257 525 1391 566 risum

268 593 456 634 Furtivis
489 594 649 636 nudata
680 595 908 637 coloribus.

956 595 1054 651 [pse
1087 595 1189 651 quid
1220 595 1386 638 audes?
1615 597 1672 637 20

270 663 391 711 Quae
424 666 737 708 circumvolitas
770 667 896 722 agilis
927 666 1106 722 thyma?
1137 666 1234 709 Non
1265 667 1345 708 tibi
1375 681 1555 722 parvum

150 814 341 860 ληκύθιον
366 814 575 852 ἀπώλεσεν.
627 819 688 852 Sic
716 819 889 853 Callima-

151 865 246 898 chus
281 868 375 899 teste
411 865 532 900 Schol.
567 866 614 900 ad
644 867 890 910 Hephaestio-

151 923 236 946 nem
270 923 305 956 p.
342 915 398 946 36.
434 913 490 946 ed.
522 913 624 958 Lips.
661 914 889 958 tragoediam

150 959 313 993 Μοῦσαν
347 957 554 1003 ληκύθειον
589 962 802 1005 appellavit.
845 962 888 995 A.

149 1006 190 1040 P.
218 1009 283 1040 97:
311 1009 463 1040 Proiicil
491 1010 676 1050 ampullas
695 1011 727 1042 el
752 1011 888 1050 sesqui-

147 1055 300 1095 pedalia
322 1057 444 1088 verba.
470 1055 547 1089 Iam
574 1066 662 1089 vero
689 1067 766 1090 non
792 1056 890 1090 ridet

152 1101 293 1135 Titium
319 1103 444 1146 ipsum
477 1114 568 1147 prae
599 1103 715 1136 nimio
743 1107 888 1137 tumore

151 1150 412 1183 desaevienlem
438 1153 475 1183 et
501 1152 786 1192 ampullamem,
823 1151 886 1184 scd

151 1197 335 1241 tragicum
361 1208 482 1242 genus
508 1198 651 1241 ipsum,
677 1202 714 1231 et
739 1199 888 1242 potissi-

150 1254 253 1277 mum
281 1244 512 1289 tragoediam
538 1244 765 1284 Romanam,
792 1257 889 1289 quae

151 1291 247 1334 ipsi,
283 1294 324 1324 ut
357 1292 510 1326 aliunde
546 1303 698 1336 quoque
736 1296 891 1336 apparet

152 1337 260 1382 (Epp.
281 1340 313 1380 2,
334 1341 365 1380 1,
393 1340 437 1371 55
465 1350 547 1383 sqq.
566 1339 610 1373 A.
630 1340 670 1373 P.
690 1342 758 1373 258
777 1341 890 1384 sqq.),

150 1385 252 1419 haud
277 1386 392 1419 nimis
419 1387 602 1430 placebat.

202 1435 257 1466 15.
285 1435 341 1467 16.
369 1435 465 1475 Quid
482 1436 573 1467 mihi
590 1434 708 1477 aqilYJ
726 1434 794 1468 Est
811 1446 889 1469 ser-

151 1481 274 1514 monis
293 1481 504 1525 quotidiani
520 1482 592 1515 hoc
611 1493 747 1516 sensu:
768 1482 889 1524 „Quid

152 1529 253 1572 agit?
289 1528 350 1562 dic
376 1529 488 1571 mihig
515 1529 612 1563 scire
640 1529 739 1563 enim
767 1530 892 1574 cupio,

152 1586 226 1619 quo
253 1586 313 1609 res
349 1576 430 1609 eius
470 1577 546 1610 sint
570 1578 695 1619 loco;“
732 1580 775 1610 ut
800 1578 888 1618 quid

152 1624 244 1664 auis,
270 1624 473 1656 dulcissime
498 1627 647 1657 rerum?
673 1623 768 1665 (Sat.
799 1628 828 1665 1,
854 1628 887 1666 9,

152 1671 200 1712 4.)
234 1670 290 1703 De
322 1670 447 1704 dativo
483 1671 605 1706 ethico
641 1672 708 1705 cfr.
733 1671 813 1705 Cic.
840 1672 887 1705 ad

150 1717 225 1750 Att.
252 1719 292 1759 8,
320 1720 359 1759 8,
392 1719 432 1751 2:
475 1720 522 1751 At
555 1720 619 1752 ille
653 1720 887 1760 libi-peroil

151 1766 402 1798 Brundisium.
456 1766 591 1799 Catull.
619 1769 684 1805 24,
710 1769 750 1798 4:
789 1768 887 1801 Mal-

153 1812 222 1844 lem
259 1813 403 1845 divilias
440 1814 491 1845 mi
527 1815 683 1846 dedisses
725 1815 801 1846 Isti.
842 1833 885 1836 —

152 1859 294 1902 Celsus]
335 1858 495 1893 Videtur
535 1871 624 1894 sane
663 1860 762 1893 idem
801 1871 886 1893 cum

153 1905 262 1940 Celso
287 1906 544 1949 Albinovano,
578 1907 714 1941 comite
747 1907 885 1942 scriba-

152 1964 228 1997 que
254 1953 434 1995 Neronis,
460 1954 507 1988 ad
533 1965 645 1999 quem
672 1955 774 1988 misit
799 1955 887 1999 Epi-

151 2000 285 2034 stolam
319 2001 432 2035 huius
467 2001 555 2035 libri
594 2005 772 2036 octavam.
822 2002 887 2035 Di-

151 2058 284 2082 versus
318 2049 449 2092 utique
485 2053 542 2083 est
566 2049 612 2083 ab
637 2050 680 2083 A.
709 2049 886 2083 Cornelio

153 2095 275 2138 Celso,
301 2096 533 2130 medicorum
552 2097 747 2137 Cicerone,
774 2108 886 2141 quem

150 2141 401 2177 Horatianum
435 2144 553 2178 fuisse
592 2145 742 2178 volebat
775 2145 888 2178 Bian-

152 2190 298 2225 conius.
332 2210 378 2215 -—-
409 2192 590 2234 monitus]
631 2203 683 2234 „a
720 2203 778 2226 me
813 2192 885 2225 iam

151 2241 279 2280 antea,
306 2248 391 2272 cum
415 2238 555 2272 Romae
582 2250 659 2273 una
684 2240 886 2273 essemus.“

152 2284 350 2328 Sapienter
384 2286 550 2330 profecto
585 2287 700 2321 huius
735 2297 886 2331 quoque

153 2332 282 2376 optimi
308 2334 455 2367 iuvenis
479 2334 734 2378 patrocinium
760 2345 885 2368 susce-

151 2379 206 2423 pit
243 2380 374 2414 Iacobs
409 2381 526 2414 Lectt.
561 2381 702 2415 Venus.
736 2393 770 2425 p.
807 2383 886 2414 338.

151 2426 241 2460 Fuit
266 2428 383 2472 igitur
412 2439 510 2462 unus
528 2439 573 2461 ex
592 2429 780 2463 sexcentis
798 2429 886 2470 illis,

152 2475 218 2518 qui
246 2475 285 2508 in
304 2474 468 2519 benigno
486 2475 590 2508 illius
609 2476 742 2510 aetatis
760 2478 887 2519 poeta-

152 2533 235 2556 rum
272 2525 478 2566 proventu,
517 2523 638 2556 studio
679 2527 715 2557 et
752 2523 887 2557 ardore

153 2570 266 2604 animi
284 2569 331 2604 ad
355 2570 521 2604 carmina
546 2570 807 2614 componenda
825 2571 887 2604 df-

153 2617 272 2657 latus,
307 2618 432 2651 minus
466 2617 597 2661 utique
624 2617 748 2651 audax
774 2618 886 2659 Titio,

154 2665 385 2709 exemplaria
423 2667 461 2698 et
498 2664 643 2698 Graeca
681 2669 718 2698 et
754 2665 888 2699 Latina

154 2711 265 2746 nimis
292 2712 402 2746 anxie
426 2711 608 2746 imitando
641 2712 887 2756 exprimeret3

939 819 1120 854 Horatius
1145 823 1289 863 autem,
1316 820 1381 865 qui
1408 820 1454 854 de
1480 820 1591 854 amici
1615 820 1674 853 in-

939 867 1051 912 genio
1077 867 1235 902 meliora
1253 869 1366 903 etiam
1385 867 1569 912 sperabat,
1594 868 1630 901 h.
1648 868 1673 901 1.

940 925 1024 948 eum
1052 925 1098 948 ex
1115 915 1231 948 animi
1249 915 1438 950 sententia
1454 915 1579 949 denuo
1596 925 1674 948 mo-

939 966 1015 1003 net,
1033 966 1075 995 ut
1092 973 1114 995 a
1131 962 1265 997 vitiosa
1277 963 1449 1008 priorum
1462 962 1674 996 imitatione

939 1009 1097 1043 desistat
1123 1013 1236 1054 atque
1271 1010 1457 1045 eiusmodi
1482 1010 1524 1043 in
1549 1012 1674 1053 poste-

938 1067 1021 1089 rum
1060 1057 1198 1091 condat
1230 1058 1415 1098 carmina,
1459 1067 1557 1101 quae
1589 1057 1674 1091 iure

938 1104 1011 1148 ipsi
1037 1104 1153 1137 tribui
1179 1106 1340 1148 possint.
1365 1104 1469 1138 Idem
1494 1104 1611 1148 igitur
1636 1104 1672 1138 ei

939 1151 1121 1186 acclamat
1138 1152 1239 1195 quod
1257 1151 1481 1186 Pisonibus:
1500 1152 1574 1185 Nec
1590 1160 1672 1185 ver-

939 1200 1024 1231 oum
1062 1200 1167 1232 verbo
1205 1200 1350 1233 curabis
1390 1200 1543 1232 reddere
1579 1199 1673 1241 lidus

939 1248 1146 1288 Inlerpres,
1180 1256 1245 1280 nec
1270 1247 1412 1280 desilies
1442 1246 1608 1279 imitator
1631 1247 1675 1279 in

939 1295 1084 1326 artum!
1111 1294 1168 1335 (A.
1194 1293 1235 1327 P.
1265 1296 1341 1328 133¹
1358 1293 1429 1337 sq.)
1472 1292 1555 1332 Quo
1581 1292 1673 1337 quid

939 1340 1183 1375 innocentius
1201 1341 1285 1375 fieri
1301 1340 1475 1386 poterat?
1501 1341 1674 1374 Privata

939 1391 1064 1422 autem
1091 1397 1175 1429 opes
1201 1389 1281 1422 noli
1315 1388 1560 1432 interpretari
1587 1398 1674 1421 cum

939 1435 1026 1469 aliis
1063 1437 1257 1479 „proprias
1282 1435 1478 1470 doctrinae
1504 1435 1671 1479 copias3‘*

941 1483 1051 1516 unice
1079 1483 1178 1516 enim
1205 1483 1251 1517 de
1283 1483 1464 1530 poematis
1490 1482 1672 1527 loquitur.

993 1533 1033 1564 17
1046 1532 1126 1563 -20,
1165 1532 1358 1564 Palatinus
1375 1547 1390 1554 -
1407 1550 1422 1556 -
1438 1529 1590 1572 Apollo]
1626 1530 1672 1563 In

938 1578 1075 1622 templo
1119 1577 1307 1622 Apollinis
1354 1577 1519 1612 Palatini
1561 1576 1672 1611 Octa-

936 1625 1071 1658 vianus
1113 1637 1145 1658 a.
1185 1637 1221 1658 u.
1260 1636 1291 1659 c.
1330 1627 1410 1659 726.
1453 1624 1674 1658 condiderat

937 1672 1204 1706 bibliothecam
1230 1672 1439 1706 Palatinam
1470 1671 1672 1715 publicam,

938 1719 1048 1752 cuius
1065 1720 1210 1763 primus
1229 1722 1381 1754 curator
1398 1718 1473 1752 fuit
1491 1717 1531 1752 C.
1549 1718 1671 1753 Iulius

937 1766 1121 1810 Hyginus.
1141 1785 1183 1789 —-
1211 1765 1360 1808 recepit]
1387 1765 1492 1799 velut
1516 1765 1673 1799 donaria

935 1813 975 1846 in
995 1824 1100 1847 suam
1119 1813 1294 1856 tutelam3
1321 1824 1395 1858 quo
1414 1813 1541 1847 minus
1560 1814 1671 1846 etiam

936 1870 981 1893 ea
1017 1863 1170 1901 lanqere
1212 1860 1458 1902 (attrectare)
1491 1860 1591 1894 licet.
1626 1879 1670 1884 --

936 1907 1146 1950 cornicula]
1194 1907 1290 1942 Nota
1329 1908 1468 1942 fabella
1508 1907 1675 1951 Aesopia

937 1954 1070 1997 (Babr.
1109 1956 1167 1989 72.
1206 1954 1364 1989 Phaedr.
1405 1957 1444 1997 1,
1482 1954 1530 1996 3.)
1572 1955 1671 1989 hanc

937 2002 1161 2036 sententiam
1200 2002 1402 2047 expressit:
1443 2012 1523 2044 „ne
1555 2001 1670 2036 facile

937 2049 1059 2083 omnis
1086 2049 1204 2084 lector
1228 2049 1438 2094 perspiciat
1454 2048 1606 2083 Celsum
1630 2049 1671 2083 in

936 2097 1155 2139 sententiis,
1209 2097 1457 2142 imaginibus,
1507 2096 1672 2141 totisque

936 2144 1028 2178 adeo
1049 2144 1142 2178 locis
1164 2145 1350 2179 imitatum
1369 2155 1464 2186 esse,
1481 2143 1671 2177 interdum

936 2194 1080 2225 tautum
1122 2192 1160 2225 in
1204 2191 1379 2226 Latinum
1428 2191 1672 2233 convertisse,

936 2241 1067 2283 postas
1083 2238 1281 2273 Graecos.“
1296 2258 1341 2263 —
1356 2238 1550 2281 coloribus]
1566 2238 1671 2285 „plu-

936 2287 1005 2320 mis
1044 2286 1233 2320 variorum
1271 2285 1473 2320 colorum.“
1525 2285 1670 2320 SCHOL.

938 2353 981 2357 —
1009 2335 1096 2374 quid
1121 2334 1282 2376 auden]
1319 2358 1335 2375 „
1349 2333 1472 2368 Habet
1503 2332 1669 2376 aliquam

937 2380 1095 2415 fiduciae
1122 2381 1161 2414 in
1196 2380 1317 2414 amico
1352 2380 1400 2414 ob
1434 2380 1669 2424 praeclaram

937 2429 1018 2462 eius
1065 2427 1231 2462 indolem
1274 2428 1416 2472 positae
1464 2427 1668 2463 notionem.

935 2475 1013 2509 Alii
1038 2475 1167 2509 nescio
1201 2475 1294 2519 quid
1326 2474 1584 2520 ambiguitatis
1608 2475 1669 2508 hic

937 2523 1140 2557 sentiunt.“
1169 2522 1315 2556 ΟΒΒΑΒ.
1414 2530 1434 2552 ο

985 2572 1026 2604 21
1044 2589 1058 2596 -
1074 2572 1129 2604 25.
1161 2569 1449 2612 circumvolitas]
1485 2567 1532 2602 Ut
1557 2578 1669 2612 saepe

936 2620 1071 2662 poetae
1103 2617 1236 2661 apibus
1269 2620 1534 2661 comparantur
1577 2614 1669 2658 (Od.

937 2668 970 2707 4,
988 2667 1020 2706 2,
1039 2665 1124 2706 27.),
1152 2664 1207 2698 sic
1231 2665 1302 2698 hac
1327 2663 1490 2708 imagine
1516 2665 1669 2696 circum-

936 2713 1116 2746 volitandi
1139 2714 1253 2756 atque
1278 2711 1456 2752 affililalis
1482 2710 1670 2755 significat
