1786 2912
117 1134 166 1169 ad
183 1139 285 1171 artes
300 1137 501 1183 magicas.“
526 1138 652 1172 Aeno.
679 1137 763 1181 „Sic
789 1138 848 1172 Ci-

118 1191 205 1217 cero
230 1194 299 1228 pro
324 1184 463 1219 Scauro
490 1186 539 1227 (2,
566 1186 657 1227 10.);
683 1186 847 1218 Libertus

113 1231 314 1271 patronam
344 1240 418 1266 non
442 1233 590 1274 occidit,
622 1234 686 1266 sed
709 1233 848 1265 duobus

117 1277 279 1318 diuitum
302 1279 430 1320 aalma
451 1280 604 1313 obli-§uf
633 1279 761 1312 Comi.
781 1279 848 1313 CR.

120 1341 164 1346 ——
180 1325 324 1367 mnu,
345 1325 401 1368 Ut]
428 1326 552 1370 „quod
575 1337 695 1370 aeque
712 1327 848 1359 mirum

119 1372 177 1403 est
201 1373 315 1416 atque
339 1371 448 1415 illud,
474 1373 729 1417 quod--petit
745 1373 849 1414 bos“‚

120 1416 158 1450 id
184 1419 261 1459 est,
295 1422 495 1461 „neutrum
520 1420 688 1464 profecto
714 1420 850 1453 mirum

121 1465 211 1497 est.“
263 1465 504 1507 Contrarium
535 1467 635 1500 enim
661 1470 717 1501 est
742 1467 851 1501 Scae-

119 1520 188 1544 vae
212 1511 329 1546 indoli
354 1512 454 1547 ferro
476 1514 649 1548 homines
667 1514 851 1556 occidere,

121 1557 187 1591 sed
210 1559 321 1593 homo
346 1560 503 1604 ignavus
530 1571 598 1605 pro
625 1561 755 1595 doloso
782 1571 851 1595 suo

119 1604 272 1649 ingenio
289 1610 484 1651 promptus
502 1608 575 1641 erit
591 1608 637 1642 ad
662 1618 851 1642 venenum

119 1651 231 1685 matri
266 1653 519 1688 miscendum:
556 1665 689 1699 reapse
726 1658 850 1689 autem

120 1699 282 1743 uterque
299 1701 460 1735 necandi
483 1701 615 1736 modus
632 1713 753 1747 aeque
771 1713 850 1736 sce-

120 1744 264 1780 leratus
290 1748 380 1782 est‘
400 1767 443 1772 —
461 1749 578 1791 mala]
596 1748 682 1783 Vid.
709 1749 756 1783 ad
775 1749 850 1783 Sat.

122 1793 162 1834 1,
190 1795 227 1834 1,
252 1794 309 1827 77.
336 1813 379 1818 —
404 1796 532 1829 vitiato
564 1797 692 1839 melle]
728 1800 851 1840 „post—

121 1849 233 1883 quam
264 1841 339 1875 mel
371 1853 401 1876 s.
432 1843 601 1876 mulsum
635 1846 851 1887 corruptum

121 1889 178 1919 est
202 1887 372 1923 immixta
396 1890 553 1923 cicuta.“

168 1934 289 1968 57-60.
314 1937 369 1969 Ne
397 1937 543 1978 longum
565 1937 718 1979 faciam]
745 1937 851 1971 Cous.

122 1978 198 2013 Sat.
225 1983 258 2022 l,
282 1984 316 2023 3,
342 1985 422 2017 137.
448 2002 491 2006 ——
516 1983 640 2026 Mors]
665 1983 784 2026 alata,
810 1989 853 2018 ut

122 2026 204 2060 eius
235 2027 373 2071 frater,
403 2029 574 2064 Somnus.
616 2031 746 2075 Eurip.
771 2032 852 2064 Alc.

123 2072 211 2106 262:
253 2074 441 2121 πτερωτὸς
462 2073 600 2118 Ἅιδας.
642 2077 710 2111 od.
737 2079 769 2120 2,
799 2080 853 2119 17,

124 2119 188 2151 24:
212 2121 441 2163 volucrisque
458 2124 542 2156 Fati
558 2125 733 2157 Tardavt't
759 2125 851 2157 alas.

125 2183 168 2188 ·-
195 2167 452 2211 circumvolat]
488 2170 582 2211 „iam
608 2181 729 2211 nunc,
760 2170 852 2204 adeo

124 2214 167 2246 ut
181 2215 267 2257 post
283 2214 396 2249 breve
418 2218 565 2260 tempus
582 2217 674 2249 mihi
692 2217 854 2250 morien-

124 2257 213 2292 dum
230 2261 312 2294 sit.“
332 2281 376 2285 —
394 2263 553 2305 iusserit]
571 2262 702 2297 Lectio
729 2265 854 2296 luserit

123 2305 340 2341 destituitur
357 2319 401 2342 ea
423 2310 659 2351 auctoritate,
686 2321 797 2353 quam
812 2311 854 2343 in

123 2354 199 2386 tam
231 2355 336 2399 gravi
368 2358 574 2390 mutatione
612 2357 854 2400 requirimus.

123 2398 325 2435 Praeterea
337 2402 505 2437 Fo'rtuna
522 2404 593 2438 dea
608 2408 709 2437 recte
730 2405 854 2437 ludere

124 2445 262 2482 dicitur
287 2448 379 2490 (Od.
406 2453 438 2491 3,
464 2454 520 2492 29,
545 2451 638 2492 50.)‚
664 2461 740 2483 non
765 2451 855 2484 item

123 2493 212 2547 [οῖ-ε.
232 2514 275 2518 —
295 2497 464 2537 Quisquis
490 2498 575 2540 cet.]
603 2498 854 2542 „Quicunque

124 2544 197 2574 erit
230 2545 339 2576 tenor
376 2547 573 2589 statusque
608 2545 705 2578 vitae
738 2555 855 2587 meae,

125 2589 288 2623 scribere
322 2601 495 2635 pergam,
529 2592 560 2625 si
596 2592 854 2635 qualicunque

123 2636 233 2669 modo
268 2640 474 2672 commotus
508 2648 572 2672 ero
606 2639 658 2679 (v.
685 2638 758 2679 45.)
792 2649 854 2672 ae-

126 2683 294 2726 qualium
320 2684 378 2717 vel
403 2684 507 2718 vitiis
532 2684 705 2718 ridiculis
731 2685 790 2718 vel
814 2686 854 2718 in

651 131 745 166 Lm.
768 131 817 166 11.
865 129 968 166 SAT.
991 129 1023 164 1.

1541 128 1624 169 135

229 234 435 288 Matrem3
465 234 528 276 nil
557 233 685 276 faciet
715 232 887 275 sceleris
917 231 991 288 pia
1019 230 1219 274 dextera:
1251 229 1424 281 mirum,

230 305 290 347 Ut
303 318 444 361 neque
459 305 575 347 calce
589 304 717 360 lupus
734 316 990 359 quemquam
1011 315 1152 357 neque
1167 300 1295 343 dente
1310 300 1420 356 petit
1434 299 1533 352 bos3
1569 298 1625 339 55

233 374 319 418 Sed
348 375 462 418 mala
489 375 611 421 tollet
641 388 770 416 anum
800 374 951 415 vitiato
979 372 1108 415 melle
1138 372 1288 414 cicuta.

231 445 299 488 Ne
327 445 504 501 longum
534 444 711 487 faciam:
745 458 822 487 seu
851 458 921 486 me
950 443 1181 499 tranquilla
1210 444 1408 484 senectus

230 514 470 572 Exspectat
500 530 577 558 seu
606 515 722 558 Mors
754 515 858 557 atris
890 513 1164 556 circumvolat
1194 513 1293 565 alis,

232 585 386 640 Dives,
418 587 564 642 inop8,
595 585 778 638 Romae,
811 599 890 628 seu
920 584 1007 627 fors
1038 585 1100 626 ita
1130 583 1324 635 iusserit,
1357 581 1500 635 exsul,

234 655 439 712 Quisquis
471 657 552 699 erit
580 657 714 710 vitae,
746 656 948 709 scribam,
980 655 1107 697 color.
1156 653 1194 696 Ο
1226 667 1352 709 puer,
1383 657 1431 694 ut
1463 652 1521 693 sis
1570 651 1626 692 60

233 726 408 780 Vitalis,
440 731 585 770 metuo
617 731 660 769 et
689 727 896 769 maioriun
927 739 982 768 ne
1014 726 1109 781 quis
1141 725 1302 767 amicus

233 796 411 853 Frigore
441 802 485 840 te
515 798 653 846 feriat.
700 796 832 850 Quid,
865 810 962 839 cum
993 801 1059 838 est
1087 795 1282 837 Lucilius
1310 808 1443 842 ausus

234 866 405 910 Primus
434 868 480 909 in
509 867 624 910 hunc
653 868 795 923 operis
826 881 1080 924 componere
1111 866 1300 908 carmina
1329 878 1510 916 morem,

234 931 472 981 Detrahere
503 942 546 981 et
575 938 751 994 pellem,
783 937 944 980 nitidus
976 951 1060 994 qua
1092 937 1271 992 quisque
1302 950 1380 992 per
1410 944 1485 977 ora

210 1043 268 1076 59.
296 1043 422 1077 luserit
445 1054 466 1078 e
492 1043 607 1078 Codd.
634 1043 790 1090 exig-uae
817 1043 1052 1078 auctoritatis
1077 1042 1156 1076 Im.

896 1148 955 1172 me
995 1137 1216 1181 iniquitate,
1257 1138 1371 1180 atque
1415 1133 1629 1179 opprobriis

896 1184 1032 1229 dignos
1057 1184 1178 1219 libere
1203 1182 1430 1218 insectabor.
1457 1182 1505 1224 (v.
1532 1179 1628 1223 85.)“

898 1231 1137 1265 Simillimum
1179 1231 1413 1276 hyperbaton
1457 1231 1514 1263 est
1555 1227 1630 1261 Sat.

897 1281 931 1320 2,
957 1281 990 1320 3,
1016 1281 1103 1312 211;
1129 1279 1229 1311 Aiax
1253 1286 1335 1311 cum
1356 1277 1556 1309 immeritos
1574 1284 1632 1308 oc-

898 1327 996 1367 cidit,
1014 1327 1155 1367 desipit,
1182 1333 1307 1366 uanos.
1329 1343 1371 1348 —
1390 1322 1505 1365 color]
1524 1321 1631 1356 Cous.

898 1372 991 1416 Epp.
1021 1375 1051 1414 1,
1079 1374 1134 1413 17,
1160 1374 1217 1405 23.

947 1421 1069 1453 60-62.
1085 1420 1115 1452 0
1126 1418 1234 1461 puer]
1250 1418 1310 1452 Sic
1323 1418 1499 1451 iuvenem
1513 1416 1632 1450 amice

899 1466 1107 1509 alloquitur
1127 1469 1236 1508 paler
1260 1467 1309 1508 (v.
1329 1465 1399 1506 12.)
1418 1463 1631 1504 Trebatius,

901 1513 1012 1547 cuius
1035 1514 1129 1547 haec
1160 1513 1277 1546 verba
1309 1515 1399 1546 sunt
1432 1521 1552 1555 usque
1585 1509 1632 1544 ad

898 1570 978 1594 voc.
1015 1561 1137 1601 feriat.
1173 1579 1216 1583 —
1253 1558 1402 1601 Vitalis]
1439 1569 1495 1602 pr.
1532 1556 1631 1602 „qui

899 1607 947 1642 ad
972 1607 1114 1641 diutius
1139 1607 1340 1641 vivendum
1375 1605 1466 1639 satis
1491 1604 1632 1649 vigoris

898 1654 1045 1688 habet!
1091 1653 1166 1695 „Ne
1192 1655 1265 1688 cito
1291 1662 1437 1697 pereas,
1461 1651 1630 1693 metuo;“

899 1703 970 1735 ich
1011 1703 1214 1743 furente,
1257 1702 1313 1733 du
1351 1700 1550 1733 treibesl
1588 1707 1632 1731 es

901 1750 1027 1782 nicht
1055 1749 1228 1789 lanae.“
1257 1747 1347 1781 Sine
1370 1746 1509 1791 figura:
1537 1744 1633 1788 „Ve-

900 1806 1006 1837 reor,
1032 1806 1079 1829 ue
1106 1806 1235 1829 omnes
1260 1794 1444 1828 irritando
1470 1795 1525 1827 tot
1548 1796 1632 1826 tan-

900 1846 1034 1887 tasque
1054 1843 1258 1876 -molestias
1296 1842 1441 1885 capias,
1479 1843 1520 1873 ut
1556 1842 1633 1873 tam

900 1890 1084 1934 ingratam
1116 1891 1228 1923 vitam
1262 1889 1343 1933 ipse
1376 1888 1633 1922 detestaturus

901 1937 987 1970 sis.“
1014 1955 1056 1960 -
1082 1938 1265 1969 maiorum
1283 1935 1369 1977 cet]
1397 1945 1468 1977 „ne
1493 1933 1633 1978 aliquis

902 1994 947 2017 ex
970 1983 1246 2028 potentioribus
1272 1983 1402 2016 amicis
1434 1981 1634 2026 refrigera-

902 2034 963 2064 tus
990 2041 1028 2064 se
1050 2030 1120 2064 abs
1145 2034 1182 2064 te
1200 2030 1389 2064 abalienet
1414 2029 1634 2063 amicitiam-

902 2088 974 2120 que
1000 2077 1071 2110 tibi
1103 2077 1330 2110 renuntiet.“
1380 2076 1551 2109 Imitatus
1577 2077 1635 2108 est

901 2123 1056 2157 Persius
1084 2126 1115 2163 1,
1141 2126 1228 2157 107:
1262 2125 1331 2157 Sed
1355 2124 1442 2163 quid
1468 2131 1558 2163 opus
1584 2123 1634 2153 te-

902 2178 1011 2203 neras
1042 2171 1205 2203 mordaci
1236 2172 1370 2203 radere
1406 2178 1490 2202 vero
1523 2170 1635 2201 Auri-

903 2218 1030 2250 culas?
1077 2218 1158 2250 Vide
1191 2218 1238 2250 sis
1272 2226 1316 2249 ne
1350 2218 1533 2249 maiorum
1570 2215 1635 2248 tim·

901 2265 995 2304 sorte
1020 2265 1165 2296 Limina
1190 2265 1397 2304 sriqescam.

950 2313 1086 2344 63-66.
1112 2310 1280 2352 Primus]
1314 2310 1389 2343 cfr.
1416 2309 1491 2343 Sat.
1519 2312 1550 2351 1,
1578 2312 1634 2351 10,

903 2359 960 2390 48.
999 2376 1041 2380 ——
1079 2357 1237 2399 morem]
1281 2357 1373 2390 Cum
1414 2357 1635 2401 saepissime

903 2404 1109 2448 iungantur
1133 2415 1190 2438 vv.
1214 2413 1290 2437 mos
1313 2406 1514 2444 modusque
1541 2402 1634 2446 (Οά.

902 2453 942 2492 4,
969 2453 1010 2492 2,
1036 2451 1130 2493 28.)‚
1162 2451 1225 2485 hic
1250 2451 1472 2495 simpliciter
1497 2458 1635 2483 morem

902 2499 1029 2541 posuit
1068 2509 1135 2542 pro
1182 2499 1287 2531 modo
1330 2509 1359 2532 s.
1406 2499 1547 2539 forma,
1594 2499 1636 2530 ut

903 2544 1062 2583 Quintil.
1104 2548 1145 2587 4,
1189 2548 1204 2578 1
1219 2571 1228 2586 ‚
1269 2544 1337 2578 43:
1386 2546 1634 2583 materiasque

902 2593 972 2633 ipsi
987 2593 1056 2624 sibi
1079 2593 1220 2634 linqunt
1247 2594 1279 2624 et
1297 2593 1345 2624 ad
1368 2599 1505 2624 morem
1523 2591 1634 2622 aclio-

904 2647 991 2671 uum
1012 2641 1292 2679 persequuntur.
1322 2657 1362 2661 -
1388 2639 1522 2679 pellem
1548 2635 1635 2679 cet.]

905 2685 1099 2729 „speciem
1124 2686 1356 2719 externam.“
1409 2684 1484 2717 Cfr.
1510 2684 1635 2717 locum
