1774 2930
631 181 725 217 Lm.
749 182 778 216 Ι.
828 181 980 218 EPIsT.
1004 181 1161 216 XVHL

1558 182 1644 224 383

245 283 364 326 Intra
393 296 675 326 marmoreum
706 282 939 325 venerandi
968 282 1100 326 limen
1132 282 1276 335 amici,

246 353 312 397 Ne
342 354 539 396 dominus
571 354 693 410 pueri
723 353 891 410 pulchri
921 367 1098 396 caraeve
1128 353 1299 409 puellae

244 425 423 468 Munere
454 429 499 467 te
530 438 661 480 parvo
691 424 792 467 beet
823 428 897 466 aut
925 423 1217 483 incommodus
1249 427 1392 479 angat.

1590 423 1645 464 75

248 494 427 544 Qualem
459 495 749 548 commendes,
783 495 912 537 etiam
943 498 1070 551 atque
1092 494 1221 537 etiam
1243 494 1436 550 adspice,
1468 508 1523 536 ne
1544 508 1647 536 mox

247 565 460 608 Incutiant
491 566 632 608 aliena
660 565 738 608 tibi
767 569 944 622 peccata
973 565 1191 622 pudorem.

246 635 452 679 Fallimur
483 640 524 678 et
556 636 767 692 quondam
798 650 885 678 non
916 635 1092 692 dignum
1123 635 1353 678 tradimus:
1387 649 1488 691 ergo

249 705 387 755 Quem
418 721 496 748 sua
526 707 651 763 culpa
679 711 863 763 premet,
896 706 1098 763 deceptus
1131 707 1279 749 omitte
1310 707 1441 759 tueri,

248 777 305 818 Ut
335 778 506 833 penitus
539 782 704 830 notum,
737 778 773 819 si
803 781 971 820 tentent
1002 778 1197 831 crimina,
1231 791 1374 819 serves

1590 777 1647 818 80

224 909 282 940 80.
308 908 354 940 Ac
376 909 521 948 penitus
546 886 742 941 Bentleius
767 906 994 941 coniectura.

133 1009 165 1046 1,
190 1008 224 1047 2,
252 1008 337 1040 105:
374 1007 457 1040 Noa
477 1008 600 1048 petito,
625 1009 666 1039 ut
692 1008 779 1040 bene
804 1008 862 1047 sil,

128 1055 191 1087 sed
213 1054 270 1086 uli
299 1054 396 1086 male
429 1054 552 1087 tutius.
602 1052 688 1087 Est:
729 1052 862 1094 „Nulla

129 1099 280 1142 ancilla,
297 1100 466 1144 quamvis
484 1100 658 1142 formosa,
677 1110 747 1134 nec
764 1110 860 1144 puer

130 1146 230 1181 ullus
257 1149 326 1180 cet.
332 1147 349 1165 ‘⁶
393 1146 468 1181 Cfr.
494 1146 658 1192 Wagner
684 1147 731 1181 ad
756 1147 860 1192 Virg.

128 1193 223 1228 Aen.
250 1195 306 1236 12,
331 1195 388 1228 78.
423 1196 504 1228 Non
530 1195 684 1228 Teucros
710 1197 797 1236 aqal
824 1196 862 1227 in

129 1241 286 1274 Rutulos
319 1243 408 1275 ceta
460 1240 547 1283 „Est
586 1241 658 1275 hoc
699 1243 781 1274 Non
822 1241 861 1274 in

125 1287 414 1321 enumeratione
463 1288 647 1331 positum3
696 1299 772 1321 non
816 1288 861 1322 ab

131 1334 272 1368 ancilla
295 1337 362 1368 aut
377 1345 399 1368 a
415 1345 532 1378 puero
552 1339 587 1368 te
606 1345 687 1368 esse
712 1334 862 1379 capien-

131 1380 219 1414 dum
245 1380 421 1415 admonet
443 1383 587 1425 poetafl‘
614 1401 656 1405 -
682 1383 783 1414 ieeur
808 1383 864 1415 ul-

130 1427 242 1470 cer-et]
269 1427 483 1469 Gfr.od.1,
513 1430 567 1470 13,
593 1431 626 1461 4.
653 1431 690 1462 et
715 1430 863 1469 25,15:

130 1476 234 1508 ieeur
265 1475 479 1508 ulcerosum.
532 1453 613 1523 Viti..
647 1475 694 1509 ad
727 1475 803 1512 Sat
834 1479 863 1516 1,

131 1523 165 1563 9,
190 1523 319 1554 66.-
342 1521 493 1565 puerve]
520 1532 654 1565 verna3
690 1522 865 1566 quemad-

129 1567 282 1602 modum
322 1572 479 1603 narrant
515 1568 760 1613 Oampaspem
797 1581 865 1614 pu-

114 1615 243 1648 ‘ellam
257 1615 384 1659 Apelli
398 1615 443 1649 ab
460 1615 687 1657 Alexandro,
705 1616 864 1661 Virgilio

128 1661 177 1696 ab
194 1662 326 1696 Asinio
350 1662 522 1696 Pollione
536 1663 792 1697 Alexandrum
817 1663 866 1697 si-

128 1718 175 1742 ve
191 1709 328 1743 Alexin
346 1711 385 1743 et
401 1720 424 1743 a
440 1709 654 1744 Maecenate
674 1710 861 1751 Cebetem,

129 1766 226 1800 quos
243 1757 356 1800 poeta
372 1756 573 1798 adamaret,
590 1757 748 1791 donatos
766 1768 860 1791 esse.

129 1821 176 1827 -—
190 1805 298 1836 Intra
310 1811 558 1837 mamercum
571 1803 657 1847 cet.]
673 1804 737 1846 „In
751 1804 861 1839 domo

131 1849 231 1883 enim
249 1850 373 1895 ampla
389 1853 427 1884 et
442 1851 640 1895 magnifica
657 1851 861 1886 venerandi

131 1896 291 1931 fautoris
307 1898 404 1931 male
422 1901 458 1931 te
476 1898 751 1932 commendabit
776 1899 862 1932 libi-

131 1942 233 1977 dinis
250 1944 310 1977 vel
327 1944 557 1978 levissimum
571 1945 805 1990 vestigium.“
819 1966 860 1969 —

131 1991 425 2033 manere-parvo]
453 1991 576 2035 „quod
602 2002 686 2025 cum
711 1992 862 2026 domino

120 2036 206 2079 'ipsi
231 2037 414 2090 exiguum.
429 2037 619 2080 videatur,
650 2039 759 2072 facile
794 2039 862 2072 tibi

74 2090 86 2096 ··
133 2082 326 2124 concedet,
352 2083 490 2127 quippe
517 2095 627 2127 quem
648 2085 864 2128 praevideat

133 2108 393 2163 felicissinium
426 2133 626 2175 propterea
657 2131 758 2173 fore,
795 2143 863 2176 per

123 2175 287 2221 ‚aliquod
301 2179 401 2210 certe
419 2180 579 2221 tempus,
596 2178 648 2211 ita
666 2181 707 2212 ut
723 2178 866 2212 maiora

133 2233 303 2265 munera,
319 2233 388 2267 per
405 2225 519 2257 totam
536 2224 650 2258 vitam
668 2225 736 2258 tibi
756 2225 865 2259 utilia

133 2269 281 2311 futura,
330 2269 419 2304 dare
464 2270 539 2304 iam
586 2272 863 2315 supersedeat.“

134 2314 359 2359 Martial.5,
395 2320 456 2359 16,
489 2319 530 2351 2:
566 2320 653 2352 Cum
676 2320 866 2352 minimum

133 2364 212 2396 vali
246 2372 378 2397 munus
414 2343 540 2398 Alexis
578 2368 668 2399 erat.
696 2385 738 2389 —
776 2366 865 2409 beet]

133 2409 178 2442 In
202 2410 274 2443 hoc
292 2411 406 2445 verbo
433 2411 533 2445 inest
557 2412 655 2446 lenis
683 2412 865 2456 quaedam

134 2456 280 2537 {¹5³2ss
283 2457 370 2538 ²312
395 2469 506 2539 {5:33³
524 2459 709 2540 233¹&
727 2460 865 2540 {1332

134 2551 340 2594 potentiori
379 2553 512 2587 amico.
539 2518 865 2597 —gincommoduq

137 2597 284 2638 „minus
310 2598 496 2642 liberalis,
521 2602 635 2634 tenax
659 2601 730 2634 sui.
736 2601 752 2618 “
805 2600 866 2634 Sic

135 2643 398 2679 incommodum
431 2648 586 2691 opponit
618 2649 721 2689 sacili
753 2651 790 2681 et
824 2649 866 2681 li-

136 2689 253 2724 aerati
284 2691 360 2725 Cic.
394 2692 441 2727 de
472 2692 516 2727 N.
549 2694 594 2727 D.
629 2697 668 2736 3,
703 2697 767 2737 29,
802 2697 866 2728 73.

135 2735 238 2769 laem
275 2737 487 2779 (Caecilius
519 2740 682 2782 Statius)
721 2743 867 2782 facilem

911 1009 944 1039 el
981 1006 1166 1039 liberalem
1202 1009 1345 1047 patrem
1381 1006 1646 1039 incommodum

911 1061 985 1086 esse
1009 1054 1153 1086 amanti
1168 1054 1244 1094 filio
1268 1054 1443 1094 disputat.
1459 1071 1503 1076 —
1518 1053 1647 1096 armat]

912 1099 1029 1141 „Aut,
1063 1100 1094 1133 si
1128 1100 1195 1133 tibi
1228 1099 1430 1145 denegabit
1461 1100 1646 1134 eiusmodi

911 1146 1051 1180 donum
1065 1150 1219 1191 propter
1238 1147 1542 1191 qualemcunque
1561 1158 1648 1181 cau-

912 1205 1009 1231 sam,
1043 1194 1222 1235 fortasse,
1257 1194 1346 1238 quia
1379 1194 1460 1238 ipse
1486 1205 1646 1238 puerum

912 1244 1022 1283 amat,
1048 1243 1084 1275 te
1112 1241 1317 1285 cupiditate
1343 1242 1541 1275 incensum
1559 1252 1648 1275 con-

913 1288 1072 1322 tristet.“

960 1383 1021 1414 76-
1025 1383 1081 1414 81.
1125 1383 1279 1423 Qualem
1304 1384 1527 1415 commendes
1562 1382 1647 1425 cet.]

913 1428 1103 1485 Theognis
1121 1430 1209 1462 963:
1235 1425 1300 1472 Μή
1327 1430 1410 1462 ποτ’
1436 1426 1648 1483 ἑπαινήσῃς

914 1476 1001 1521 πρὶν
1018 1472 1066 1508 ἂν
1084 1475 1187 1522 εἰδῇς
1203 1471 1322 1523 ἄνδρα
1348 1475 1552 1529 σαφηνῶς
1553 1465 1649 1531 ’ὕρ-

914 1507 1013 1577 γῆν
1012 1524 1074 1555 καὶ
1102 1511 1254 1569 ρυθιιὸι
1277 1524 1344 1556 καὶ
1370 1520 1515 1579 τρόπον
1540 1519 1649 1566 ὅστις

913 1565 963 1602 ἄν
986 1569 1025 1615 ἠ.
1052 1589 1095 1593 -
1122 1570 1280 1613 adspice]
1308 1571 1469 1613 ,σκόπει
1495 1572 1559 1603 καὶ
1584 1569 1647 1604 εὗ-

915 1616 1056 1656 λαβοῦ,
1082 1617 1283 1662 diligenter
1308 1617 1512 1662 expendes*
1534 1637 1576 1641 —
1602 1627 1647 1652 ne

915 1672 1000 1698 mox
1025 1666 1212 1697 Ino-utiam
1240 1665 1329 1707 cet.]
1363 1675 1433 1706 „ne
1460 1665 1585 1699 subito
1611 1669 1647 1699 te

910 1710 1055 1755 pudore
1091 1711 1323 1755 perfundant
1357 1714 1513 1755 peccata
1551 1713 1647 1754 eius,

911 1769 1023 1802 quem
1040 1759 1153 1802 paulo
1178 1759 1499 1792 inconsideratius
1517 1759 1647 1793 lauda·

910 1805 1046 1839 veris.“
1073 1825 1121 1829 —
1147 1805 1346 1848 quondam]
1372 1808 1414 1839 ut
1439 1805 1508 1839 Od.
1532 1808 1565 1847 2,
1592 1808 1648 1848 10,

912 1854 967 1885 18.
1020 1851 1093 1886 Sat.
1120 1854 1160 1893 2,
1193 1854 1235 1894 2,
1268 1854 1324 1886 82.
1357 1863 1426 1896 pro
1452 1854 1646 1886 interdum.

912 1918 955 1922 —
982 1899 1182 1942 tradimus]
1220 1899 1306 1934 vid.
1340 1899 1387 1933 ad
1415 1898 1510 1944 Epp.
1540 1904 1579 1942 1,
1615 1903 1647 1942 9,

912 1949 944 1979 3.
972 1966 1014 1969 —
1042 1956 1127 1988 erqo
1154 1947 1247 1990 cet.]
1287 1946 1389 1989 „Ubi
1421 1947 1605 1981 acciderit
1617 1949 1648 1989 ⁶⁵,

911 1994 1054 2037 inquit,
1090 1998 1154 2035 „ut
1179 1994 1232 2036 is,
1266 2005 1378 2038 quem
1412 1997 1453 2027 tu
1487 1995 1647 2038 probum

912 2050 955 2073 ac
980 2040 1204 2083 prudentem
1222 2041 1412 2074 hominem
1440 2051 1521 2075 esse
1547 2042 1647 2075 arbi-

914 2089 1034 2120 tratus
1049 2088 1212 2131 principi
1230 2088 1345 2121 alicui
1363 2087 1444 2120 viro
1462 2098 1648 2122 commen-

914 2132 1044 2175 daras,
1081 2133 1279 2178 indignum
1306 2145 1346 2168 se
1372 2137 1437 2168 rua
1461 2145 1648 2169 commen·

914 2179 1064 2213 datione
1099 2181 1254 2224 propria
1289 2181 1402 2225 culpa
1439 2181 1648 2216 reddiderit

915 2228 952 2259 et
967 2227 1123 2260 fautoris
1150 2227 1269 2271 gratia
1295 2229 1453 2269 excidat,
1477 2231 1556 2262 tum
1581 2231 1648 2263 tua

913 2273 1040 2317 priore
1058 2284 1123 2318 spe
1141 2275 1259 2308 falsus
1285 2275 1414 2310 desine
1433 2286 1518 2309 eum
1537 2276 1648 2314 tueri,

916 2320 1004 2364 quia
1021 2321 1219 2366 indignum
1235 2322 1332 2355 nihil
1350 2322 1509 2365 iuvabis,
1534 2326 1649 2357 temet

914 2367 1037 2412 ipsum
1071 2368 1252 2403 stultitiae
1286 2373 1507 2415 suspectum
1531 2370 1647 2404 facies

913 2424 956 2448 ac
982 2414 1110 2457 fidem,
1145 2426 1241 2469 quae
1274 2419 1386 2451 antea
1411 2417 1480 2452 tibi
1507 2417 1650 2451 tribue-

914 2460 1035 2504 batur,
1059 2462 1270 2497 imminues.
1301 2463 1506 2517 Indignum
1531 2464 1647 2508 igitur

913 2507 1070 2542 missum
1094 2509 1172 2552 fac,
1203 2512 1243 2543 ul
1270 2509 1372 2553 (ινα,
1402 2512 1497 2556 quo)
1523 2511 1647 2555 possis

913 2557 1017 2590 tanto
1058 2556 1201 2591 maiore
1243 2567 1327 2591 cum
1369 2558 1507 2592 fiducia
1547 2558 1647 2591 tueri

914 2601 1173 2646 innocentem,
1200 2603 1266 2638 sed
1289 2604 1396 2638 falsis
1422 2604 1647 2639 criminibus

915 2649 1211 2684 circumventum
1244 2654 1355 2695 atque
1390 2652 1645 2695 oppressum.“

916 2714 959 2720 —
986 2698 1142 2740 tentem]
1176 2697 1344 2731 Verbum
1370 2700 1513 2731 lemare
1538 2701 1578 2732 et
1601 2698 1646 2732 de

913 2743 1053 2777 morbis
1080 2747 1116 2778 et
1142 2744 1188 2777 de
1215 2744 1409 2788 quibusvis
1443 2745 1557 2779 rebus
1582 2746 1648 2778 ho-
