1774 2930
694 139 790 174 LIB.
811 138 863 173 11.

911 136 1015 172 ΕΔΤ.
1038 135 1085 170 V.
1558 132 1645 175 205

252 242 393 286 Heres
426 245 488 296 et,
521 241 558 283 si
589 241 683 297 quis
715 254 838 282 casus
868 251 1050 296 puerum
1079 237 1217 293 egerit
1248 224 1379 290 Oico,

251 313 302 356 In
332 327 512 356 vacuum
541 312 714 366 venias3
746 324 918 367 parraro
949 309 1057 352 haec
1087 308 1183 350 alea
1210 307 1334 350 fallit.

1588 305 1646 346 50

255 383 340 433 Qui
369 386 672 427 testamentum
702 381 842 424 tradet
870 381 950 423 tibi
981 393 1145 435 cunque
1174 377 1422 434 legendum,

251 454 455 498 Abnuere
485 458 529 497 et
558 454 726 496 tabulas
757 467 783 495 a
811 456 856 495 te
886 464 1107 494 removere
1136 452 1369 502 memento,

254 525 326 568 Sic
354 529 517 579 tamen,
547 529 595 567 ut
623 525 737 566 limis
767 523 928 580 rapias,
960 521 1063 578 quid
1092 521 1231 577 prima
1261 518 1446 563 secundo

254 595 366 639 Cera
393 597 499 639 velit
528 610 680 650 versu3
713 595 828 637 solus
859 593 1061 635 multisne
1092 592 1290 645 coheres,

252 667 403 710 Veloci
432 681 632 723 percurre
663 666 798 708 oculo.

858 664 1118 719 Plerumque
1147 667 1339 706 recoctus

255 737 404 780 Scriba
433 752 489 780 ex
519 737 798 793 quinqueviro
829 749 1001 778 corvum
1032 734 1205 777 deludet
1234 733 1444 785 hiantem,

255 807 542 864 Captatorque
572 807 690 850 dabit
718 807 830 849 risus
860 806 1019 848 Nasica
1049 805 1230 847 Corano.

252 878 366 921 Num
396 879 534 921 furis?
564 892 620 920 an
650 877 837 934 prudens
867 876 978 918 ludis
1010 890 1078 918 me
1110 876 1292 918 obscura
1322 873 1544 916 canendo?

137 1009 299 1051 „sensim
325 1011 363 1042 et
386 1011 495 1042 caute
520 1008 559 1042 in
586 1008 687 1042 senis
704 1007 864 1041 familia·

134 1055 283 1089 ritatem
309 1057 345 1090 te
370 1055 556 1089 insinua.“
593 1054 669 1088 Cic.
695 1054 803 1088 Verr.
831 1055 864 1096 2,

135 1103 174 1143 3,
200 1105 264 1136 68:
297 1111 371 1136 non
392 1104 526 1136 semim
550 1105 657 1142 atque
682 1103 865 1135 moderate

135 1150 185 1183 ad
207 1151 311 1183 istius
335 1151 537 1183 amicitiam
566 1151 863 1191 adr-emerat.—

135 1198 175 1230 ια
201 1199 234 1230 et
258 1196 439 1239 scribare]
487 1196 641 1241 Duplici
668 1199 701 1230 et
727 1196 866 1240 duplex

136 1245 304 1287 optatum
328 1244 531 1288 captatoris
547 1246 649 1278 recte
666 1243 865 1287 distingui-

135 1292 210 1332 tur,
233 1290 403 1333 alterum,
426 1293 469 1324 ut
485 1293 572 1324 ante
589 1291 715 1324 omnia
731 1301 865 1324 secun-

138 1336 208 1370 dus
230 1338 342 1371 heres
374 1337 580 1379 scribatur,
613 1337 792 1378 alterum,
825 1340 866 1370 ut

137 1393 232 1426 puer
248 1384 429 1418 moriatur
451 1385 578 1428 itaque
596 1385 676 1428 ipse
694 1384 735 1416 in
751 1383 866 1417 huius

139 1430 263 1464 locum
294 1431 405 1465 heres
439 1431 626 1464 succedat.
673 1429 756 1464 Non
788 1433 867 1464 erat

139 1476 266 1522 igitur,
291 1487 358 1511 cur
370 1477 612 1512 Heindorfius
637 1479 867 1522 proponeret

137 1524 195 1557 uti
215 1525 384 1558 scr-ibere.
403 1544 447 1548 —
466 1526 578 1566 cuerit
605 1524 712 1567 Orco]
739 1523 807 1558 Od.
835 1527 867 1567 1,

139 1571 447 1614 24,18.Niqr0
479 1573 692 1613 compulerit
723 1572 866 1606 Mercu-

136 1617 216 1651 rius
240 1619 351 1660 σαφ’.
402 1618 470 1652 Od.
499 1622 538 1661 1,
571 1620 635 1662 28,
670 1621 731 1652 10:
772 1620 864 1652 Orco

135 1665 350 1699 Demissum.
377 1685 420 1689 —
446 1667 493 1699 In
515 1657 695 1708 vacuum]
729 1669 793 1708 „ut
823 1666 864 1699 in

135 1711 412 1755 possessionem
437 1723 592 1747 vacuam
616 1712 754 1747 herede
779 1723 864 1747 suc-

138 1757 248 1793 cedas
273 1762 310 1793 et
334 1768 380 1794 ex
403 1770 486 1794 asse
509 1761 620 1794 heres
645 1759 746 1794 fiasst‘
797 1759 864 1794 Est

135 1804 309 1840 IOtorum
325 1806 500 1850 verbum3
525 1816 658 1842 vacam
684 1810 722 1841 et
744 1817 864 1841 vacua

133 1855 310 1894 possessio
335 1853 537 1898 aliquoties
558 1854 746 1899 reperitur
765 1855 864 1899 apud

138 1897 283 1943 Gaium,
308 1903 351 1934 ut
376 1903 409 1943 2,
434 1903 490 1935 51.
516 1904 550 1944 4,
577 1905 655 1936 131.

183 1947 254 1980 51-
263 1926 320 1982 5’7.
363 1948 456 1982 limis
487 1949 637 1991 rapias]
678 1948 863 1992 „obliquis

137 1993 258 2027 oculis
274 1994 409 2039 raptim
426 1996 564 2040 legasf‘
589 1995 686 2029 ACR.
713 1996 862 2029 Terent.

136 2037 235 2074 Eun.
254 2042 287 2083 3,
313 2043 346 2083 5,
371 2043 432 2075 53.
462 2052 525 2084 eqo
552 2043 645 2075 limis
668 2045 788 2084 specto
809 2043 866 2076 Sic

134 2094 204 2127 per
228 2066 415 2128 flabellum
432 2090 648 2122 clanculum.
668 2108 710 2112 —
725 2090 866 2130 prima-

141 2133 253 2176 cera]
278 2134 323 2168 V.
349 2143 435 2168 cera
468 2138 510 2168 ut
542 2136 806 2180 homonymum
830 2146 864 2169 v.

139 2181 285 2214 tabulae
314 2181 614 2227 coniungebatur
647 2183 687 2215 in
720 2192 866 2216 nuncn-

138 2227 290 2271 patione
315 2229 537 2263 testamenti.
576 2228 693 2263 Gaius
719 2231 752 2271 2,
779 2231 864 2262 104:

138 2275 303 2308 Testator
335 2277 479 2309 tabulas
511 2277 715 2310 testamenti
744 2278 866 2309 tenens

136 2322 192 2354 ita
215 2323 322 2355 dicit:
345 2324 448 2356 Haec
471 2324 535 2366 ita,
560 2326 600 2357 ut
624 2325 662 2356 in
688 2324 741 2356 his
765 2324 867 2356 tabu-

140 2368 183 2401 lis
217 2371 378 2410 cerisque
414 2372 548 2412 scripta
584 2372 685 2413 sunt,
723 2372 777 2404 ita
808 2371 864 2413 do,

137 2415 192 2448 ita
211 2417 301 2459 leqo,
326 2418 379 2450 ita
396 2420 515 2460 testor,
540 2419 664 2459 itaque
679 2426 752 2459 υοε,
781 2418 867 2459 Qui-

136 2463 500 2505 rues‚1estimonium
523 2466 612 2498 mihi
633 2466 865 2506 perhibetote.

137 2507 219 2543 Hoc
255 2510 372 2555 igitur
409 2511 518 2545 dicit:
561 2512 670 2557 „lege
708 2512 867 2555 occulte,

140 2556 231 2600 quid
264 2559 444 2613 scriptum
475 2559 523 2592 sit
555 2559 720 2593 secundo
754 2569 866 2593 versu

139 2602 228 2638 inde
260 2605 307 2639 ab
340 2605 451 2640 initio
488 2607 720 2648 testamenti,
711 2606 742 2624 ·“
781 2616 867 2640 nam

140 2650 258 2693 primo
283 2663 394 2687 versu
420 2663 504 2686 cum
529 2653 743 2687 nominatus
767 2655 867 2687 esset

141 2699 314 2742 testator,
350 2701 570 2744 plerumque
605 2700 784 2734 continuo
818 2699 864 2734 ad

911 1006 1061 1040 heredis
1107 1005 1382 1039 institutionem
1423 1001 1646 1036 transibant.

911 1053 1098 1098 Apuleius
1123 1052 1169 1086 de
1195 1052 1340 1096 magica
1366 1061 1397 1084 c.
1425 1052 1511 1084 100:
1554 1050 1647 1090 Leuc

909 1102 1031 1142 potius
1057 1102 1329 1139 testamentum,·
1367 1099 1454 1131 -hic
1474 1097 1647 1138 reperies,

914 1150 947 1181 et
973 1149 1118 1189 quidem
1142 1155 1229 1181 mox
1253 1155 1277 1180 a
1299 1146 1500 1188 prmcipio:
1525 1143 1647 1178 8101-

912 1195 1235 1228 musPunmxs
1253 1200 1423 1226 rums
1441 1199 1553 1225 11111
1571 1198 1648 1224 nr.-

913 1250 1000 1275 nns
1026 1249 1160 1275 ns‘ro.
1187 1260 1230 1265 -—
1255 1240 1368 1283 solus]
1393 1240 1503 1273 heres
1530 1239 1647 1284 igitur

914 1300 960 1322 ex
984 1300 1080 1323 asse.
1106 1307 1151 1313 -
1176 1289 1399 1328 Plerumque
1424 1286 1509 1328 cet.]
1534 1284 1648 1319 Haud

914 1346 1000 1370 raro
1034 1335 1099 1369 alii
1134 1346 1284 1379 quoque
1317 1344 1439 1378 aeque
1472 1333 1646 1366 infelices

916 1393 1024 1416 casus
1050 1383 1090 1415 in
1115 1382 1386 1416 hereditatibus
1419 1381 1562 1414 frustra
1587 1389 1648 1413 ca-

914 1430 1027 1474 ptatis
1053 1429 1318 1473 experiuntur,
1350 1428 1499 1473 qualem
1525 1437 1647 1471 nuper

913 1476 1062 1518 Nasica,
1088 1476 1198 1510 cuius
1217 1476 1410 1510 calamitas
1435 1477 1527 1508 tunc
1545 1474 1647 1508 vide-

915 1526 976 1558 tur
1000 1523 1143 1558 derisui
1167 1523 1284 1557 fuisse
1311 1522 1471 1565 civitati3
1504 1532 1548 1556 ac
1572 1521 1648 1555 for-

915 1573 1012 1605 tasse
1038 1570 1168 1604 eadem
1201 1570 1352 1604 induxit
1375 1569 1574 1603 Horatium
1598 1568 1647 1602 ad

914 1617 1184 1652 describendos
1210 1618 1278 1652 hac
1305 1617 1420 1651 satira
1447 1615 1647 1660 heredipe-

913 1668 981 1699 tas.
1001 1684 1044 1689 —
1062 1665 1244 1708 recoctus]
1274 1664 1321 1698 V.
1345 1672 1540 1705 recoquere
1567 1674 1648 1697 sae-

912 1713 998 1757 pius
1022 1715 1228 1756 usurpatur
1261 1722 1330 1756 pro
1362 1711 1424 1753 „in
1450 1711 1547 1745 alios
1571 1710 1648 1744 for-

911 1771 1014 1794 mare
1048 1760 1176 1801 usus‘¹·,
1214 1762 1256 1793 ut
1287 1759 1387 1793 Flor.
1423 1761 1463 1800 3,
1502 1760 1567 1799 20,
1605 1759 1646 1791 6:

914 1806 1101 1851 (Spartaci
1136 1806 1243 1849 socii)
1272 1816 1289 1840 e
1314 1808 1415 1848 ferro
1442 1806 1646 1847 erqastulo-

911 1863 995 1887 rum
1026 1857 1166 1887 recocto
1192 1855 1334 1895 aladios
1368 1863 1411 1887 ac
1444 1853 1519 1886 tela
1552 1853 1647 1894 sece-

911 1904 1009 1935 runt.
1058 1901 1125 1935 Est
1148 1901 1284 1946 igitur,
1322 1903 1365 1934 ut
1390 1911 1458 1934 nos
1485 1899 1647 1933 dicimus

912 1949 1327 1990 umqeschmolzen,
1348 1948 1646 1989 umqesormt,

914 1998 1078 2038 „mutata
1110 1995 1238 2039 priore
1265 1995 1489 2030 condicione
1523 1994 1646 2028 factus

914 2043 1142 2086 quaesticuli
1167 2053 1282 2076 causa
1313 2041 1437 2076 scriba
1462 2053 1508 2075 ex
1533 2041 1646 2085 quin-

914 2090 1103 2133 queviro.“
1155 2089 1273 2123 Cuius
1322 2091 1447 2123 autem
1497 2088 1647 2133 generis

914 2136 1144 2180 quinquevir
1160 2136 1224 2169 hic
1247 2136 1493 2180 intelligatur,
1519 2138 1647 2168 utrum

914 2183 1124 2217 mensurius
1142 2193 1190 2216 an
1208 2183 1450 2227 municipalis
1466 2183 1548 2226 (qui
1561 2193 1647 2227 per-

915 2240 1027 2274 saepe
1060 2229 1101 2263 in
1133 2229 1326 2274 Inscriptt.
1363 2229 1646 2272 memorantur),

914 2287 991 2310 non
1025 2276 1158 2321 liquet.
1187 2296 1233 2301 -
1267 2276 1448 2319 hiantem]
1486 2276 1645 2311 Lucian.

914 2323 1008 2357 Tim.
1032 2325 1088 2358 22.
1113 2323 1160 2358 de
1186 2335 1242 2366 eo,
1268 2324 1334 2369 qui
1360 2326 1571 2368 captatores
1596 2323 1647 2358 si-

913 2370 1053 2405 militer
1090 2373 1312 2406 testamento
1350 2371 1515 2416 decepit:
1558 2368 1647 2412 τούς

912 2414 1042 2473 μάτην
1056 2415 1270 2462 κεχηνότας
1286 2418 1457 2461 ἐκείνους
1473 2418 1512 2459 ἐς
1528 2415 1646 2461 αλλή-

913 2464 1004 2507 λους
1016 2462 1309 2521 αποβλέποντας
1322 2464 1537 2499 καταλιπών
1550 2463 1646 2508 ἀλη-

913 2512 994 2554 θῶς
1015 2508 1181 2557 ἄγοντας
1206 2511 1250 2546 τὸ
1275 2513 1426 2555 πένθος.

913 2607 1032 2687 vega
1041 2609 1153 2688 (ἔξω.
1172 2674 1215 2678 -
1240 2655 1348 2697 suris]
1374 2649 1644 2695 ἐνθουσιάζεις,

913 2703 955 2734 ut
971 2704 1072 2735 vates
1091 2701 1223 2744 solent,
1240 2701 1429 2746 Apollinis
1447 2700 1644 2735 instinctu.

1146 2609 1243 2641 Num
1269 2607 1352 2650 cet]
1393 2606 1515 2640 Ulixis
1552 2605 1644 2640 haec
