1786 2912
128 130 185 171 44

629 126 839 162 HORATII
863 127 1150 162 SATIRARUM

245 235 316 289 Ut,
350 235 546 291 quamvis
577 239 691 278 tacet
721 234 1036 290 Hermogenes,
1070 238 1218 277 cantor
1246 231 1394 277 tamen
1425 239 1552 293 atque

249 307 450 363 Optimus
474 310 541 349 est
562 306 825 359 modulator3
856 308 904 346 ut
925 304 1125 347 Alfenius
1147 305 1281 359 vafer,
1314 306 1429 348 omni
1458 324 1460 326 ’

1567 307 1651 350 130

246 377 431 420 Abiecto
462 378 747 419 instrumento
780 376 883 418 artis
916 376 1146 432 clausaque
1176 376 1378 430 taberna,

247 449 376 490 Sutor
407 452 518 502 erat,
553 449 725 504 sapiens
759 447 901 503 operis
933 447 998 489 sic
1026 447 1213 503 optimus
1245 448 1384 489 omnis

244 519 327 562 Est
359 519 506 576 opifex
537 520 674 572 solus,
710 518 770 560 sic
800 532 892 560 rex.
934 517 1112 561 Vellunt
1143 517 1223 560 tibi
1253 518 1435 561 barbam

243 590 417 633 Lascivi
447 591 593 646 pueri3
628 604 734 646 quos
765 593 815 631 tu
845 588 930 630 nisi
960 588 1073 630 fuste
1105 592 1299 638 coerces,

243 661 420 717 Urgeris
453 661 580 703 turba
612 661 771 703 circum
801 663 845 702 te
878 663 1019 702 stante
1050 659 1268 716 miserque

1507 702 1511 705 .
1568 660 1651 701 135

244 732 476 788 Rumperis
510 736 553 774 et
583 732 737 785 latras,
770 745 1024 787 magnorum
1054 731 1242 774 maxime
1273 745 1437 787 regum.

244 802 311 846 Ne
343 804 519 859 longum
551 803 734 845 faciam:
769 802 870 844 dum
902 805 950 843 tu
980 801 1218 857 quadrante
1249 802 1440 844 lavatum

223 935 302 967 130.
345 933 513 974 Alsem'us
540 931 727 966 Orellius:
762 932 915 974 Alfenus
940 931 1047 965 Libri
1081 934 1118 966 et
1150 931 1243 966 Edd.
1268 933 1419 976 praeter
1453 930 1500 974 C,
1539 933 1604 976 qui

174 980 341 1022 Altinius.
370 999 413 1003 —
442 981 521 1013 132.
572 981 683 1014 sutor
717 979 838 1013 nostri
878 981 916 1013 et
948 979 1123 1013 Pottierii
1162 975 1311 1022 omnes,
1348 979 1440 1013 item
1477 978 1603 1013 LOtJ:

173 1029 312 1061 Tonsor
351 1038 370 1061 e
410 1026 549 1061 Codice
587 1026 764 1061 Blandin.
803 1025 1069 1070 antiquissimo
1118 1026 1259 1068 (erasis
1297 1025 1603 1069 characteribus)

173 1075 372 1110 Bentleius
399 1078 437 1109 et
462 1073 541 1108 ΡΜ.

127 1181 534 1224 127.-—Hermoqenes]
561 1180 745 1225 Tigellius
771 1179 865 1214 Her-

124 1238 303 1274 mogenes
319 1231 411 1263 tunc
429 1228 570 1271 vivens,
596 1229 769 1267 diversus
791 1227 866 1261 uti-

125 1287 201 1321 que
236 1287 259 1310 a
293 1276 454 1321 Tigellio
495 1275 623 1310 Sardo.
650 1295 696 1300 -—
721 1275 864 1318 cantor]

124 1322 199 1357 Per
225 1324 485 1358 attractionem
504 1334 550 1357 ex
566 1334 639 1357 usu
656 1322 863 1356 Horatiano

125 1370 166 1403 in
192 1371 381 1415 particula
405 1374 514 1412 atque
548 1381 633 1405 cum
666 1371 737 1404 hoc
772 1381 865 1414 quo-

54 1441 58 1446 ·
126 1428 201 1462 que
215 1418 344 1453 vocab.
363 1419 478 1464 iunge
498 1420 709 1460 woptimus.
734 1416 865 1463 Reisig

125 1464 207 1499 Lat.
235 1465 423 1510 Sprachw.

176 1514 342 1546 130-132.
372 1512 551 1555 Alsenius]
580 1512 753 1554 „Urbane
773 1513 864 1546 satis

126 1558 305 1594 Alfenum
323 1559 465 1594 Varum
485 1559 778 1594 Cremonensem
800 1559 863 1593 de-

125 1607 234 1649 ridet,
261 1608 329 1652 qui
345 1607 490 1641 abiecta
509 1607 668 1649 sutrina,
694 1618 805 1651 quam
824 1607 864 1639 in

125 1654 333 1699 municipio
361 1665 430 1689 suo
449 1657 683 1696 exercuerat,
707 1654 863 1688 Romam

125 1702 230 1736 venit
261 1703 518 1748 magistroque
549 1713 642 1736 usus
675 1701 754 1735 Ser.
781 1701 865 1735 Sul-

123 1749 223 1794 picio
241 1749 341 1784 Rufo
367 1750 638 1784 iurisconsulto
657 1748 704 1782 ad
722 1751 863 1783 tantam

123 1797 298 1841 pervenit
323 1797 531 1840 scientiam,
557 1800 599 1831 ut
626 1796 863 1831 consulatum

124 1847 273 1890 gereret
304 1847 341 1878 et
371 1845 526 1889 publico
550 1845 687 1879 funere
713 1844 864 1878 efferre-

124 1892 222 1926 tur.“
274 1891 425 1926 ACRON.
475 1893 575 1927 Vera
608 1894 733 1927 autem
772 1891 865 1926 scri-

123 1942 237 1984 ptura
264 1943 321 1974 est
345 1941 529 1983 Alsem'us,
561 1940 614 1974 ita
640 1942 785 1981 tamen,
809 1941 863 1981 ut,

125 1988 236 2032 quasi
261 1989 363 2022 esset
379 1988 561 2030 Alsenjus‚
586 1988 623 2021 h.
649 1988 674 2020 l.
700 1986 864 2031 trisylla-

123 2034 214 2068 bum
239 2037 399 2077 maneat,
425 2036 482 2069 uti
501 2035 574 2069 Sat.
594 2037 627 2077 2,
646 2037 678 2076 8,
698 2037 730 2067 1.
757 2035 864 2067 Nasi-

124 2083 224 2115 dieni
250 2083 470 2127 quadrisyll.
519 2082 632 2117 Certe
657 2084 699 2115 P.
725 2082 864 2115 ALFE-

124 2130 235 2164 NIVS
268 2140 344 2165 cos.
380 2130 462 2170 suff.
497 2141 529 2164 a.
557 2141 594 2164 u.
622 2139 653 2163 c.
688 2131 768 2163 755.
808 2132 865 2163 est

124 2177 165 2210 in
190 2177 367 2222 Inscript.
394 2197 439 2201 —
465 2177 586 2220 vafer]
621 2180 750 2222 aptum
783 2176 863 2210 ICti

123 2223 314 2266 ἐπίθετον,
343 2228 382 2258 ut
408 2224 482 2259 Sat.
510 2227 548 2268 2,
575 2226 613 2267 2,
642 2227 720 2258 131.
745 2226 863 2266 vafri-

123 2273 230 2315 iwris]
259 2291 302 2296 ——
329 2274 567 2306 instrumento
594 2273 702 2315 artis]
739 2272 864 2314 „scal-

123 2319 204 2363 pris
231 2322 268 2354 et
293 2320 460 2354 formis.“
489 2319 564 2354 Sat.
591 2322 624 2363 2,
652 2322 684 2362 3,
713 2322 790 2354 106.
819 2339 862 2343 —

123 2368 234 2401 Sutor
252 2368 348 2410 erat]
377 2369 563 2401 sutorium
582 2368 641 2410 (ut
658 2370 863 2401 censorium

126 2415 221 2457 cet.)
261 2414 373 2449 talem
411 2415 602 2449 hominem
639 2418 747 2449 vocat
786 2415 862 2449 Cic.

124 2461 172 2496 ad
196 2461 274 2507 Att.
307 2464 348 2504 6,
383 2464 420 2504 1,
457 2464 512 2495 15.
562 2462 690 2496 Lectio
727 2464 863 2496 Tonsor

124 2508 240 2544 unius
251 2509 410 2543 Codicis
435 2508 581 2551 Bland.‚
609 2509 675 2543 sed
702 2511 862 2544 correcti

125 2557 227 2599 (nam
253 2557 324 2591 hoc
349 2556 476 2602 potius
495 2556 710 2602 significare
728 2557 862 2591 viden-

123 2605 187 2637 tur
210 2604 368 2649 Cruquii
394 2604 509 2638 verba
536 2605 649 2637 erasis
675 2605 862 2638 characte-

124 2652 223 2684 ribus
259 2663 390 2696 quam,
425 2651 526 2696 quod
552 2651 748 2686 Bentleius
783 2652 863 2695 opi-

125 2698 298 2741 nabatur,
328 2711 375 2742 „a
401 2699 523 2743 prima
547 2699 732 2741 manu“)‚
759 2699 863 2743 cupi-

450 1477 485 1510 p.
513 1467 594 1499 418.

914 1179 998 1214 dius
1033 1181 1184 1223 arrepta
1215 1182 1273 1213 est
1305 1191 1327 1214 a
1359 1179 1532 1214 Bentleio
1566 1189 1653 1214 con-

914 1226 1093 1261 tendente
1133 1226 1252 1260 multo
1294 1227 1521 1261 concinnius
1558 1237 1652 1269 esse,

914 1274 947 1309 si
973 1274 1091 1308 oratio
1119 1285 1187 1318 per
1213 1274 1318 1309 varia
1351 1274 1540 1309 discurrat
1573 1274 1652 1318 opi-

914 1321 1018 1364 ficia;
1045 1321 1146 1366 quod
1163 1323 1297 1356 contra
1313 1332 1397 1356 esse
1422 1321 1653 1356 demonstra-

914 1369 968 1403 vit
992 1369 1187 1403 Weichert
1219 1369 1338 1404 Lectt.
1364 1368 1508 1406 Venus.
1533 1369 1582 1403 H.
1615 1380 1651 1414 p.

915 1418 971 1451 29.
1000 1436 1042 1440 -—
1068 1418 1214 1458 sapiens
1248 1417 1333 1460 cet.]
1365 1416 1472 1451 Conf.
1497 1415 1592 1461 Epp.
1621 1419 1652 1459 1,

917 1466 1058 1506 1,106:
1084 1465 1230 1506 sapiens
1253 1473 1327 1498 uno
1343 1465 1465 1498 minor
1483 1466 1535 1498 est
1551 1466 1652 1506 Iove,

915 1513 1033 1553 dives,
1072 1512 1199 1554 Liber,
1233 1513 1456 1553 honoratus,
1486 1512 1653 1554 pulcher,

914 1568 982 1592 νοω
1008 1560 1163 1600 denique
1188 1567 1328 1600 recum.

963 1608 1076 1640 133—
1083 1607 1160 1640 136.
1191 1607 1349 1649 Vellum]
1378 1605 1439 1640 Sic
1465 1605 1537 1641 Dio
1564 1605 1651 1641 Chr.

914 1652 977 1686 Or.
1017 1655 1073 1687 72.
1110 1665 1146 1697 p.
1185 1655 1266 1687 382.
1303 1652 1372 1687 R.:
1423 1650 1575 1687 ἐπειδὰν
1612 1653 1654 1688 δέ

914 1711 998 1734 τινα
1024 1698 1156 1734 ἴδωσιν
1172 1698 1345 1741 ἀχίτωνα
1361 1700 1403 1734 ἐν
1421 1702 1559 1757 ἱματίῳ
1583 1712 1654 1735 zo-

912 1748 1046 1790 μῶντα
1061 1746 1133 1792 τὴν
1149 1746 1326 1792 κεφαλὴν
1351 1749 1418 1782 καὶ
1442 1746 1487 1782 τὰ
1513 1750 1652 1793 γένεια,

913 1815 931 1820 -
948 1815 968 1820 -
984 1795 1215 1836 ἐφίστανται
1245 1797 1314 1829 καὶ
1343 1795 1558 1850 ἐρεθίζουσι
1586 1797 1655 1830 καὶ

912 1839 1000 1886 ἤτοι
1016 1839 1321 1898 κατεγελασανἋ
1295 1856 1321 1888 η
1346 1839 1601 1898 ἐλοιδόρησαν
1626 1840 1654 1887 ἧ

913 1890 1037 1924 ἐνίοτε
1071 1886 1254 1925 ἕλκουσιν
1295 1887 1582 1935 επιλαβόμενοι.
1607 1910 1654 1915 -

915 1939 1080 1982 barbam]
1104 1949 1190 1972 cum
1209 1939 1360 1974 abolla
1350 1939 1500 1984 insigne
1519 1938 1652 1973 huius-

913 1986 1012 2020 modi
1032 1986 1243 2021 Stoicorum
1262 1987 1586 2032 semicynicorum.
1607 2006 1652 2011 -

913 2034 1068 2077 Lascivi]
1097 2044 1281 2079 „quorum
1298 2034 1547 2079 petulantiam
1564 2044 1652 2078 pro-

914 2084 1022 2116 vocat
1058 2081 1222 2116 ridicula
1257 2084 1323 2116 tua
1356 2081 1580 2116 declamatio
1615 2084 1654 2116 et

913 2129 1186 2174 gesticulatio.“
1198 2147 1246 2154 —-
1253 2129 1363 2173 suste]
1379 2139 1491 2174 quem
1505 2139 1653 2174 semper

913 2177 1088 2212 manibus
1114 2177 1308 2223 gerebant.
1342 2176 1462 2219 „Hinc
1482 2177 1599 2212 Stoici
1617 2180 1654 2212 et

915 2223 1047 2269 Cynici
1097 2226 1364 2267 bactroperitae
1411 2225 1488 2259 dici
1538 2224 1652 2268 soliti,

914 2273 1004 2316 quia
1040 2275 1192 2317 praeter
1233 2272 1412 2307 baculum
1451 2276 1487 2307 et
1522 2283 1651 2317 peram

913 2320 1010 2353 nihil
1055 2320 1250 2354 haberent.
1267 2320 1283 2338 ‘⁶
1346 2319 1566 2365 Hierony-m.
1610 2319 1651 2353 in

914 2366 1044 2401 Matth.
1073 2370 1128 2409 11,
1153 2369 1207 2401 10.
1225 2384 1272 2391 ——
1289 2367 1498 2411 Rumperis]
1525 2367 1652 2401 clami-

914 2417 1008 2449 tans.
1045 2413 1123 2448 Oic.
1150 2414 1197 2449 ad
1222 2414 1324 2449 Fam.
1351 2416 1383 2457 7,
1404 2417 1435 2457 1,
1453 2416 1498 2448 4:
1525 2415 1652 2456 dirupi

911 2471 969 2497 me
992 2471 1110 2505 paene
1134 2464 1176 2496 in
1198 2464 1333 2497 iudicio
1360 2463 1472 2496 Galli.

962 2512 1128 2545 137-142.
1157 2509 1286 2553 „Dum
1310 2512 1370 2553 tu,
1396 2509 1537 2553 Stoice,
1563 2521 1650 2555 pro-

912 2559 995 2601 pter
1030 2558 1150 2602 ipsam
1183 2557 1438 2591 morositatem
1473 2557 1515 2591 in
1551 2557 1651 2591 iudi-

913 2604 1032 2638 cando
1067 2605 1113 2639 ab
1148 2605 1322 2639 omnibus
1353 2606 1504 2649 praeter
1530 2615 1649 2638 unum

912 2651 1020 2685 illum
1049 2652 1284 2696 Crispinum,
1314 2652 1503 2686 hominem
1528 2651 1649 2697 perri-

913 2699 1093 2740 diculum‚
1112 2699 1318 2733 derelictus
1336 2709 1476 2742 manes,
1495 2709 1564 2745 ego
1581 2709 1648 2734 na-
