1774 2930
744 180 838 216 ARS
861 179 1085 216 Pom'ch.

1523 176 1608 217 519
1663 162 1667 165 ’

218 285 421 343 Turpiter
450 283 632 327 obticuit
663 283 830 325 sublato
859 282 953 324 iure
982 278 1175 322 nocendi.

215 356 290 399 Nil
318 357 577 399 intentatum
607 354 743 396 nostri
772 353 936 409 liquere
966 354 1134 408 poetae,

1525 346 1611 388 285

216 427 308 471 Nec
337 427 560 469 minimum
591 438 786 467 meruere
817 423 961 475 decus,
992 422 1179 477 vestigia
1209 419 1375 462 Graeca

218 498 325 540 Ausi
356 497 554 540 deserere
586 500 630 539 et
660 494 876 538 celebrare
907 492 1142 535 domestica
1172 491 1304 544 facta,

218 568 301 611 Vel
331 568 403 624 qui
434 569 682 624 praetextas
711 565 781 608 vel
813 565 885 621 qui
916 563 1098 606 docuere
1128 565 1311 618 togatas.

217 638 308 682 Nec
335 639 493 680 virtute
523 637 634 680 foret
665 635 843 679 clarisve
874 635 1090 691 potentius
1123 633 1251 675 armis

219 709 357 758 Quam
386 709 534 764 lingua
562 707 756 760 Latium,
789 707 826 747 si
856 719 944 748 non
975 704 1210 747 offenderet
1240 716 1373 744 unum

1527 701 1614 742 290

220 779 442 835 Quemque
471 782 695 835 poetarum
724 777 851 819 limae
881 777 1002 818 labor
1034 780 1077 818 et
1108 788 1240 817 mora.
1282 773 1386 826 Vos,
1420 786 1444 815 o

105 967 171 991 suo
189 956 341 991 nomine
365 959 408 990 ut
430 955 581 990 fabulae
605 964 769 999 persona
793 953 834 986 in

106 1013 252 1038 scenam
291 1002 573 1048 produceretur.
586 1002 603 1020 “
632 1020 675 1025 -
705 1001 835 1042 Turpi-

106 1050 176 1094 ter]
196 1050 309 1096 Iungi
332 1050 405 1084 hoc
429 1049 584 1084 verbum
610 1048 760 1093 nequit,
793 1049 836 1081 ut

105 1097 235 1132 volunt
265 1096 461 1139 nonnulli,
493 1106 576 1131 cum
606 1106 638 1128 v.
663 1096 835 1137 nocendi3

104 1143 171 1179 sed
192 1144 264 1178 hoc
288 1143 398 1178 dicit:
438 1143 587 1188 „Turpe
613 1145 693 1176 erat
718 1142 834 1176 choro

103 1193 190 1236 post
211 1193 351 1226 tantam
384 1191 594 1225 libertatem
620 1189 745 1223 subito
772 1189 835 1222 ob-

104 1240 324 1272 mutescere.
329 1238 346 1257 ⁸
381 1237 442 1271 Sic
466 1238 540 1271 iam
565 1238 664 1270 inter
690 1235 835 1281 Olymp.

106 1286 289 1327 85,1—-4.
328 1284 471 1319 Cratini
496 1284 626 1319 fabula
646 1281 837 1324 ’νΟδισσεΐς

106 1331 188 1366 sine
221 1331 334 1366 choro
365 1334 403 1366 et
435 1327 700 1379 παραβάσεσιν
738 1330 838 1364 edita

42 1386 45 1388 ·
106 1380 174 1413 est.
224 1377 344 1412 fichol.
375 1378 489 1412 Arist.
519 1378 614 1412 Ran.
647 1379 739 1410 404.
776 1376 838 1410 ἐπὶ

105 1425 200 1470 γοῦν
244 1425 311 1459 τοῦ
351 1424 518 1458 Καλλίου
568 1421 704 1458 τούτου
755 1423 837 1467 (01.

105 1474 163 1515 93,
188 1475 220 1507 3.
245 1474 332 1507 ante
358 1472 444 1506 Chr.
470 1472 566 1515 405.)
602 1473 722 1514 φησὶν
745 1470 837 1518 Ἀρι-

106 1518 287 1563 ποτέλης
318 1515 379 1553 ὅτι
411 1516 552 1552 σύνδυο
584 1516 690 1561 ’ἔδοξε
721 1529 839 1565 χορη-

105 1570 185 1611 γεῖν
218 1565 264 1600 τὰ
296 1563 480 1602 Διονύσια
518 1569 597 1608 τοῖς
632 1565 840 1621 τραγῳδοῖς

107 1614 183 1653 καὶ
203 1613 417 1660 κωμῳδοῖς·
455 1610 582 1660 χρόνω
614 1612 645 1645 δ’
679 1609 839 1659 ὕστερον

106 1658 154 1694 οὐ
181 1650 309 1717 πολλῷ
330 1657 513 1703 καθάπαξ
539 1659 698 1706 περιεῖλε
721 1660 840 1702 Κινη-

107 1708 194 1749 σίας
225 1705 294 1750 τοὶς
325 1709 521 1762 χορηγίας.
572 1707 691 1741 Simul
721 1707 839 1752 signi-

106 1753 193 1789 ficat
225 1719 424 1789 transitum
449 1755 596 1800 priscae
624 1754 839 1788 comoediae

105 1812 174 1847 per
190 1802 377 1836 mediam
366 1813 406 1836 1n
425 1813 558 1836 novam
575 1801 664 1836 inde
682 1812 704 1835 a
719 1800 838 1834 XXX.

107 1851 353 1893 tyrannorum
410 1849 663 1884 dominatione
726 1849 839 1891 (ante

108 1894 194 1929 chr.
220 1896 329 1938 404.).

155 1943 222 1975 285
242 1961 284 1965 —
303 1944 383 1976 288.
430 1943 612 1976 celebrare
648 1943 841 1975 domestica

107 1989 222 2031 sacta]
254 1987 352 2023 Nos:
390 1990 840 2022 Nazionalstizcke

77 2078 80 2080 -
108 2036 307 2079 dgchlen.
355 2035 403 2069 Et
434 2035 583 2080 quidem
612 2035 745 2079 tragici
771 2035 841 2068 La-

108 2082 179 2116 tini
226 2082 424 2116 admodum
471 2082 634 2115 feliciter
674 2081 843 2115 Romana

109 2132 330 2174 argumenta
360 2128 575 2174 tragoediae
609 2128 744 2162 idonea
779 2128 842 2162 de-

108 2176 302 2220 legerunt,
335 2175 450 2210 veluti
475 2175 635 2209 Brutum
673 2178 710 2209 et
733 2175 842 2209 Deci-

109 2233 191 2263 um,
224 2223 329 2264 aliis,
363 2225 406 2256 ut
430 2222 595 2263 videtur,
625 2222 737 2255 etiam
764 2221 842 2255 Ser.

111 2269 255 2311 Tullio,
293 2269 488 2311 Lucretia,
525 2268 699 2313 Virginia
734 2279 842 2313 prae-

109 2316 305 2350 termissis.
324 2336 365 2339 —
388 2316 616 2359 praetextas]
642 2316 744 2350 Haec
768 2315 843 2350 for-

109 2372 171 2396 ma
192 2373 262 2406 pro
288 2363 398 2397 solita
417 2366 671 2404 praetextatas
700 2363 842 2407 reperi-

110 2410 172 2442 tur
203 2409 313 2444 etiam
347 2409 405 2444 bis
436 2410 534 2454 apud
559 2410 731 2444 Asinium
756 2409 844 2443 Pol-

111 2455 250 2490 lionem
275 2457 315 2490 in
342 2456 419 2490 Cic.
444 2456 491 2491 ad
517 2457 619 2490 Fam.
648 2459 702 2498 10,
729 2458 784 2498 32,
810 2459 830 2490 3

111 2505 149 2537 et
172 2505 224 2544 5.,
257 2503 356 2547 apud
381 2503 531 2538 Festum
558 2507 594 2538 et
621 2503 842 2537 Suetonium

110 2549 150 2582 in
175 2549 263 2584 Vita
286 2550 407 2584 Persii
433 2554 545 2593 extr.;
580 2561 735 2595 eamque
767 2550 842 2584 for-

111 2605 207 2630 mam
241 2597 406 2642 praefert
439 2597 482 2632 O.
515 2597 653 2631 Miiller
694 2597 741 2630 ad
774 2597 842 2631 Fe-

113 2644 208 2676 stum
231 2655 267 2689 p.
286 2646 385 2687 2234
410 2648 541 2678 contra
565 2644 711 2678 fabulas
734 2653 843 2686 prae-

113 2690 271 2725 testatas
304 2691 452 2726 easdem
489 2692 681 2736 appellant
714 2690 842 2725 Gram-

114 2735 238 2770 matici
270 2749 425 2782 prorsus
451 2739 497 2773 ad
523 2738 731 2783 analogiam
763 2738 844 2782 pal-

882 952 1056 986 liatarum
1093 955 1131 985 et
1167 953 1388 995 togatarum.
1444 950 1619 982 Prae-tea·-

883 1001 980 1032 tatas
1016 1000 1159 1040 autem,
1206 997 1244 1031 id
1284 1001 1359 1039 est,
1405 995 1618 1042 tragoedias

882 1045 1037 1080 Latinas
1081 1045 1240 1079 Romani
1286 1043 1518 1089 argumenti,
1567 1043 1620 1076 ita

883 1094 1105 1135 nominatas,
1131 1093 1220 1137 quia
1244 1092 1410 1126 illustres
1435 1091 1507 1124 viri
1533 1092 1620 1135 toga

882 1143 1074 1185 praetexta
1114 1139 1238 1173 induti
1279 1139 1319 1172 in
1360 1139 1407 1172 iis
1448 1137 1620 1183 agebant,

884 1190 997 1232 atque
1040 1187 1230 1232 oppositas
1272 1187 1470 1227 crepidam
1510 1196 1621 1230 argu-

884 1235 1000 1268 menti
1027 1234 1183 1276 Graeci,
1221 1233 1457 1277 scripserunt
1492 1232 1621 1276 impri-

884 1281 955 1315 mis
980 1281 1166 1315 Pacuvius
1193 1281 1393 1323 (Paulum)
1421 1282 1458 1314 et
1482 1279 1620 1313 Accius

885 1329 1067 1371 (Brutum
1098 1331 1135 1362 et
1165 1327 1423 1370 Decistum)—
1451 1325 1621 1369 docuere]

885 1379 927 1409 ut
952 1375 1087 1410 Graeci
1112 1375 1158 1409 de
1182 1376 1304 1420 poetis
1331 1374 1491 1408 scenicis
1517 1370 1622 1406 διδά-

885 1434 991 1455 σκειν
1017 1425 1214 1467 usurpant,
1241 1422 1329 1466 quia
1353 1423 1464 1466 poeta
1489 1431 1622 1465 reapse

886 1471 1035 1503 docebat
1060 1470 1265 1503 histriones
1291 1472 1328 1503 et
1353 1470 1530 1510 chorum,
1555 1478 1622 1502 an-

886 1519 1038 1561 tequam
1086 1517 1251 1551 fabulam
1301 1518 1429 1557 daret,
1488 1517 1620 1549 ederet.

888 1563 964 1598 Cic.
996 1564 1100 1598 Brut.
1135 1566 1199 1605 18,
1226 1566 1292 1599 72:
1329 1564 1450 1596 Livius
1479 1563 1623 1604 primus

886 1612 1055 1652 fabulam
1072 1630 1087 1636 -
1105 1630 1120 1635 -
1137 1612 1267 1644 docuit.
1295 1630 1339 1634 —
1365 1609 1523 1652 toqatas]
1560 1619 1623 1643 co-

887 1658 1053 1692 moedias
1089 1658 1248 1692 Romani
1290 1658 1517 1702 argumenti,
1560 1667 1625 1701 op-

887 1706 1028 1750 positas
1043 1706 1222 1747 palliatis,
1244 1705 1457 1749 argumenti
1476 1703 1623 1738 Graeci.

887 1753 920 1785 A
939 1754 1143 1794 praetextis
1169 1755 1206 1786 et
1238 1752 1458 1785 tabernariis
1490 1751 1544 1785 sic
1571 1753 1625 1784 to·

888 1803 992 1841 aalas
1041 1799 1242 1844 distinguit
1291 1798 1454 1832 Grauert
1503 1798 1527 1831 l.
1575 1797 1623 1831 1.:

890 1849 1139 1891 „praetextae,
1163 1847 1222 1880 die
1246 1847 1394 1887 hohern,
1418 1847 1524 1879 mehr
1548 1848 1625 1878 lra-

888 1895 1033 1935 ‹Ji-tehen
1061 1894 1483 1935 Nationalschauspi2103
1521 1895 1624 1937 toga-

888 1944 960 1982 tae,
992 1943 1050 1975 die
1073 1942 1175 1973 mehr
1206 1942 1347 1974 heitern
1372 1941 1627 1981 baram-lichen

890 1989 991 2020 Lust-
1008 1990 1084 2021 und
1099 1989 1348 2030 Schauspiele3
1374 1987 1625 2028 tabernariae,

890 2035 947 2067 die
973 2036 1109 2067 Possen
1134 2043 1201 2067 aus
1227 2036 1306 2067 dem
1330 2035 1483 2067 medem
1504 2034 1626 2066 Volks-

893 2081 1018 2113 leben:
1050 2083 1123 2114 alle
1155 2082 1233 2114 ἀνα·
1259 2082 1340 2113 ciem
1365 2081 1441 2113 und
1465 2081 1627 2121 original

890 2128 1077 2160 ''cimicem“
1130 2127 1207 2170 „Et
1231 2130 1375 2172 togatas
1399 2127 1530 2161 Aelius
1556 2127 1628 2161 La-

891 2174 983 2216 mia,
1016 2174 1204 2208 Antonius
1229 2174 1370 2217 Rufus,
1406 2173 1472 2207 Cn.
1500 2174 1547 2215 (1.
1573 2175 1625 2217 C.)

890 2220 1084 2264 Melissus,
1142 2221 1379 2264 (Titinius,)
1435 2221 1627 2264 Afranius,

890 2268 1074 2348 A(Novius)
1099 2269 1329 2313 Pomponius
1356 2269 1625 2313 scripserunt.“

925 2323 1012 2349 cao.

939 2364 1152 2396 289—294.
1179 2364 1254 2396 Nec
1276 2364 1410 2395 virtute
1437 2364 1521 2405 cet}
1548 2363 1627 2396 Iam

892 2412 1087 2444 enumerat
1103 2409 1206 2451 vitia,
1227 2409 1268 2442 in
1287 2421 1384 2454 quae
1402 2410 1627 2454 plerumque

834 2482 842 2489 .
891 2456 1089 2491 incurrere
1141 2457 1287 2491 soleant
1326 2459 1459 2501 poctae
1500 2457 1627 2490 Latini

892 2504 962 2545 (vr.
983 2505 1208 2546 289—308.),
1235 2508 1271 2537 et
1294 2504 1445 2548 quidem
1463 2504 1627 2547 primum

892 2560 974 2584 esse
1012 2551 1064 2584 ait
1099 2551 1210 2584 limae
1247 2551 1432 2591 taedium,
1474 2551 1628 2584 nimiam

892 2600 1023 2630 contra
1047 2598 1264 2642 opinionem
1289 2598 1335 2631 de
1355 2598 1469 2630 insito
1488 2598 1627 2642 cuique

891 2644 1056 2689 ingenio,
1087 2644 1187 2688 quod
1214 2655 1324 2687 saepe
1351 2644 1523 2677 ridiculis
1549 2655 1628 2678 mo-

892 2691 950 2725 dis
983 2691 1158 2725 affectent
1190 2701 1234 2725 ac
1267 2691 1346 2725 suis
1376 2691 1627 2735 popularibus

894 2741 1093 2772 ostentent.
1119 2757 1162 2762 —
1187 2746 1302 2771 unum
1329 2738 1525 2781 Quemque]
1550 2737 1627 2771 Ma-
