1774 2930
188 133 276 175 414

663 133 871 168 HORATII
893 133 1241 169 EPLSTOLARUM

307 233 443 277 Recte
475 249 610 277 necne
642 249 812 277 crocum
842 235 1055 291 floresque
1085 235 1355 292 perambulet
1387 236 1516 280 Attae

307 304 474 347 Fabula
504 307 541 347 si
573 306 786 359 dubitem,
820 306 1005 348 clament
1033 307 1214 363 periisse
1246 307 1465 364 pudorem·

1658 308 1714 349 80

310 375 463 418 Cuncti
495 391 633 432 paene
665 380 831 433 patres,
864 391 916 419 ea
947 391 1043 419 cum
1074 377 1388 434 reprehendere
1419 392 1565 432 coner,

310 446 431 495 Quae
463 448 606 503 gravis
637 446 857 504 Aesopus,
890 462 1000 504 quae
1031 447 1179 490 doctus
1211 448 1393 491 Roscius
1425 450 1535 505 egit:

309 517 392 560 Vel
424 519 525 574 quia
554 518 616 560 nil
646 522 830 572 rectum,
862 519 947 560 nisi
980 518 1091 574 quod
1121 519 1282 575 placuit
1312 519 1414 574 sibi,
1446 520 1624 573 ducunt,

309 588 396 631 Vel·
422 589 523 645 quia
553 594 678 645 turpe
709 593 863 646 putant
893 603 1045 646 parere
1076 590 1311 632 minoribus
1343 594 1405 644 et,
1438 605 1548 647 quae

308 659 528 702 Imberbes
561 659 768 714 didicere,
802 674 928 702 senes
959 660 1178 716 perdenda
1209 660 1349 704 fateri.

1659 662 1715 703 85

309 730 399 772 Iam
432 730 596 773 Saliare
627 730 793 773 Numae
826 745 997 774 carmen
1030 732 1102 787 qui
1132 731 1278 774 laudat
1308 736 1351 775 et
1381 732 1506 785 illud,

288 879 343 910 85.
362 879 544 911 Imberbes
562 877 667 912 bSEc
686 880 723 911 et
740 888 869 912 omnes
886 877 997 920 Feae,
1022 878 1208 921 Pottierii,
1236 878 1428 922 Schmidii,
1453 878 1569 913 Lth:

1597 881 1668 912 Im-

240 925 339 958 berbi
365 924 391 957 C
419 925 594 966 (fortasse
621 936 667 959 ex
694 925 820 967 Codd„
848 928 950 959 certe
976 936 1021 959 ex
1047 925 1170 960 Schol.
1197 927 1299 970 suo),
1325 926 1532 969 Bentleius,
1555 925 1604 960 M.
1624 945 1666 950 --

241 1055 360 1087 79-81.
397 1056 508 1088 Recte
534 1054 625 1097 cet.]
664 1054 808 1088 Fabula
843 1065 927 1087 vere

191 1101 353 1145 pulchra
369 1104 476 1143 recte,
502 1101 541 1135 id
560 1104 627 1143 est,
646 1101 750 1135 firme
769 1112 812 1135 ac
830 1112 927 1135 nun-

193 1159 305 1192 quam
330 1148 518 1183 titubante
538 1149 596 1182 vel
614 1149 852 1183 claudicante
870 1149 927 1182 in-

191 1207 346 1241 gressu,
374 1206 525 1230 scenam
547 1197 810 1237 perambulare
836 1195 929 1230 dici-

192 1246 254 1276 tur
281 1243 396 1276 simili
421 1243 642 1288 metaphora
664 1246 777 1288 atque
795 1243 930 1276 dicunt

191 1291 360 1333 fabulam
399 1293 499 1324 stare
540 1291 599 1324 vel
640 1290 686 1324 de
736 1291 928 1324 contrario

193 1340 330 1371 eventu
381 1339 529 1380 cadere,
584 1338 650 1371 ubi
702 1337 929 1382 exploditur.

193 1384 391 1418 Sententia
417 1388 490 1418 est:
529 1384 686 1427 „Utrum
713 1386 930 1419 etiamnunc

193 1431 343 1466 laudem
381 1434 596 1466 mereantur
634 1431 744 1466 Attae
782 1434 929 1477 togatae

191 1490 313 1513 necne
356 1480 447 1513 cet.“
513 1479 554 1513 Τ.
599 1479 800 1518 Quinctius
842 1479 930 1513 Atta

191 1527 352 1570 scriptor
418 1529 652 1572 togatarum,
727 1527 930 1560 satirarum

191 1574 576 1619 epigrammatumque
613 1576 786 1608 mortuus
825 1585 857 1608 a.
892 1585 929 1607 u.

190 1632 223 1655 c.
250 1624 331 1655 676.
358 1623 454 1655 teste
480 1621 710 1666 Hieronymo
729 1621 770 1654 in
790 1620 928 1655 Ohron.

192 1668 250 1702 ed.
283 1668 472 1702 Roncallii
509 1680 545 1712 p.
585 1671 666 1702 395.
710 1668 856 1702 'Fronto
892 1679 928 1712 p.

191 1717 249 1750 70.
286 1715 355 1749 Ed.
393 1715 500 1750 Rom.
542 1718 642 1749 1846.
674 1716 930 1757 particulatim

193 1764 394 1804 eleqantem
434 1764 558 1796 Altam
599 1765 639 1795 in
686 1764 804 1796 verbis
855 1763 926 1805 (an

191 1811 404 1852 diverbiis?)
454 1811 691 1843 muliebribus
728 1811 847 1843 vocat.
883 1828 927 1833 —-

192 1857 360 1899 crocum]
410 1856 621 1900 liquidum,
670 1857 927 1897 Sarranes-

190 1912 306 1936 senz.
347 1903 446 1936 Plin.
463 1903 510 1937 H.
527 1902 645 1945 N.21‚
672 1906 705 1945 6,
734 1904 795 1936 17:
841 1904 928 1937 Vino

191 1951 283 1984 mire
321 1952 487 1992 conqruit
525 1959 688 1991 crocum,
728 1951 928 1992 praecipue

192 1999 310 2037 dulci:
343 1999 469 2030 tritum
496 1999 544 2031 ad
569 1999 716 2031 theatra
741 1998 927 2038 replenda.

191 2044 373 2079 Fabulam
421 2045 539 2089 igitur
587 2044 697 2078 Attae
747 2044 840 2078 dicit
888 2045 928 2078 in

193 2102 345 2126 scenam
386 2092 626 2137 productam,
677 2102 772 2136 quae
816 2101 930 2126 scena

191 2139 347 2173 floribus
398 2142 435 2173 et
484 2150 594 2174 croco
646 2139 772 2184 spargi
822 2139 928 2173 solet.

192 2185 344 2220 Lucret.
387 2188 428 2228 2,
471 2189 558 2220 416:
608 2188 654 2219 Et
696 2195 778 2219 cum
818 2195 928 2219 scena

193 2243 298 2267 croco
341 2234 443 2267 Cilici
489 2235 643 2275 perfusa
691 2242 817 2267 recens
867 2235 927 2267 est.

193 2280 302 2314 Ovid.
327 2281 372 2314 A.
397 2281 442 2314 A.
471 2283 507 2323 1,
545 2282 630 2314 104:
681 2282 756 2314 Nec
779 2282 929 2322 fuerant

194 2329 332 2368 liquido
372 2329 518 2370 pulpita
567 2329 683 2361 rubra
725 2336 839 2361 croco.
883 2346 927 2351 ——

190 2375 338 2417 patres]
366 2375 599 2417 „seniores,“

193 2423 289 2456 res.“
342 2421 418 2455 Cfr.
443 2433 476 2455 v.
503 2424 560 2456 85.

635 2385 731 2408 non:
760 2377 930 2417 „senato-

242 2516 363 2549 82-85.
381 2515 557 2558 Aesopus]
576 2515 835 2550 nobilissimus
854 2517 929 2550 tra-

193 2562 362 2608 gicarum
386 2563 600 2596 fabularum
626 2566 741 2605 actor,
765 2571 928 2597 summus

195 2611 333 2652 artifex
370 2612 403 2643 et
439 2618 581 2651 semper
614 2611 781 2651 partium
816 2611 856 2643 in
888 2619 928 2643 re

190 2658 342 2699 publica
374 2659 450 2691 tam
483 2666 595 2698 quam
625 2658 664 2690 in
693 2666 803 2690 scena
836 2658 927 2698 opti-

193 2713 357 2747 marum,
392 2707 434 2738 ut
457 2705 511 2738 ait
536 2705 618 2738 eius
643 2703 841 2738 familiaris
867 2703 928 2738 Ci-

979 1064 1065 1088 cero
1100 1066 1168 1099 pro
1197 1054 1317 1089 Sestio
1352 1057 1552 1110 56,120.;
1589 1057 1713 1098 orabis

978 1104 1102 1136 autem
1128 1105 1302 1144 vocatur,
1338 1103 1427 1147 quia
1452 1103 1592 1147 primas
1628 1103 1714 1137 illas

976 1152 1102 1193 partes
1136 1149 1416 1194 tragoediarum
1451 1149 1603 1195 egregie
1629 1161 1714 1194 age-

977 1196 1058 1235 bat,
1100 1199 1142 1230 ut
1177 1196 1516 1242 Agamemnonem,
1548 1196 1714 1239 Aiacem,

977 1243 1208 1288 Eurysacen.
1258 1243 1362 1278 Vixit
1387 1247 1489 1278 certe
1518 1254 1641 1288 usque
1667 1244 1714 1278 ad

978 1301 1010 1324 a.
1037 1301 1074 1324 u.
1102 1300 1133 1323 c.
1161 1292 1240 1324 699.
1260 1309 1303 1314 —
1324 1293 1365 1332 Q.
1389 1292 1543 1324 Roscius
1569 1300 1716 1324 comoe-

978 1337 1049 1371 dus
1075 1348 1195 1381 aeque
1220 1338 1373 1380 nobilis,
1398 1348 1467 1382 pro
1495 1348 1569 1382 quo
1596 1340 1716 1372 exstat

980 1384 1175 1419 Ciceronis
1202 1386 1335 1427 oratio,
1361 1385 1553 1430 huiusque
1572 1394 1716 1419 amores

979 1435 1010 1464 et
1037 1433 1208 1475 deliciae,
1242 1432 1288 1466 de
1313 1431 1439 1466 Divin.
1468 1435 1506 1475 1,
1539 1434 1604 1475 36,
1638 1434 1715 1475 79.;

978 1481 1103 1512 doctus
1137 1482 1283 1522 autem,
1321 1481 1418 1520 quoa
1449 1480 1514 1513 hoc
1549 1482 1598 1513 est
1631 1488 1715 1513 con-

977 1528 1133 1568 secutus,
1158 1529 1209 1569 ut,
1235 1528 1276 1560 in
1293 1535 1363 1567 quo
1381 1527 1533 1567 quisque
1559 1527 1714 1568 artificio

979 1574 1194 1615 excelleret,
1231 1575 1263 1607 is
1300 1575 1342 1606 in
1375 1582 1441 1607 suo
1478 1582 1610 1615 uenere
1641 1573 1715 1607 Ro-

979 1620 1080 1654 scius
1107 1622 1303 1655 diceretur.
1330 1620 1408 1654 Cic.
1434 1620 1480 1654 de
1506 1619 1571 1654 Or.
1599 1623 1629 1663 1,
1656 1621 1712 1662 28,

982 1670 1059 1701 130.
1108 1667 1270 1702 Roscius
1297 1678 1383 1702 cum
1408 1670 1582 1702 mortuus
1608 1668 1656 1701 sit
1680 1678 1713 1701 a.

978 1726 1015 1748 u.
1042 1725 1072 1749 c.
1100 1717 1180 1749 693.
1217 1714 1310 1760 (Cic.
1335 1725 1403 1759 pro
1428 1715 1542 1748 Arch.
1569 1716 1600 1756 8,
1630 1714 1712 1756 17.),

977 1762 1009 1795 si
1035 1773 1135 1796 anno
1163 1764 1244 1795 690.
1270 1762 1310 1794 in
1336 1771 1451 1795 scena
1475 1761 1715 1805 comparebat

976 1819 1102 1852 neque
1128 1811 1247 1842 artem
1272 1808 1447 1850 desierat,
1474 1818 1564 1842 sane
1590 1808 1654 1852 qui
1681 1819 1713 1842 a.

978 1866 1014 1889 u.
1033 1865 1065 1889 c.
1088 1857 1167 1889 744.
1194 1855 1369 1889 vivebant
1394 1854 1546 1889 circiter
1565 1857 1715 1899 septua-

977 1903 1142 1948 genarii,
1179 1902 1382 1947 utriusque
1419 1903 1558 1936 actoris
1595 1903 1712 1946 probe

976 1949 1193 1983 meminisse
1250 1952 1436 1994 poterant.
1487 1968 1531 1973 —
1577 1958 1713 1991 parere

977 1996 1191 2039 minoribus]
1220 1996 1435 2039 „iuniorum
1459 1995 1611 2030 iudiciis
1630 2007 1712 2030 sese

978 2044 1258 2078 accommodare
1291 2053 1336 2077 ac
1366 2043 1478 2077 fidem
1510 2043 1712 2077 tribuere.“

977 2110 1026 2116 -
1038 2092 1245 2134 perdenda]
1279 2091 1416 2134 „missa
1438 2089 1622 2132 facienda,
1650 2090 1714 2124 ob-

979 2138 1112 2173 livioni
1139 2138 1355 2173 tradenda.“

1026 2234 1150 2267 86-89.
1167 2233 1266 2276 Iam]
1293 2232 1506 2278 gradationi
1532 2231 1712 2266 inservit:
1772 2266 1774 2270 ,

980 2280 1076 2323 „iam
1102 2290 1211 2322 vero,
1236 2281 1402 2313 vollends
1427 2288 1522 2322 nun,
1548 2279 1713 2312 vollends

978 2327 1082 2368 aar-‚⁴⁴
1119 2346 1162 2351 —
1196 2327 1342 2361 Saliare
1375 2327 1518 2361 Numae
1551 2325 1712 2368 carmen]

977 2374 1058 2408 Liv.
1087 2375 1126 2416 1,
1153 2376 1216 2408 20:
1257 2374 1375 2408 Salios
1406 2375 1492 2407 item
1524 2373 1714 2406 duodecim

978 2422 1094 2457 Marti
1120 2422 1279 2455 Gradivo
1306 2419 1456 2464 (Numa)
1484 2421 1590 2462 leait,
1615 2420 1713 2452 tum·-

978 2477 1113 2509 caeque
1142 2469 1264 2509 pictae
1296 2469 1437 2509 imiane
1470 2468 1569 2501 dedit
1595 2469 1629 2500 et
1651 2474 1711 2499 su·
1765 2502 1770 2506 ,

974 2524 1044 2557 per
1070 2516 1231 2548 tunicam
1265 2523 1418 2548 aeneum
1439 2514 1579 2556 pectori
1610 2515 1711 2554 teau·
1760 2517 1774 2561 {-

977 2571 1077 2604 men,
1103 2563 1348 2603 caelestiaque
1375 2562 1498 2603 arma,
1524 2568 1619 2601 quae
1646 2568 1712 2593 an·
1758 2563 1759 2566 ’

979 2610 1065 2642 cilia
1090 2610 1341 2650 appellantur,
1365 2609 1464 2650 serre
1489 2616 1533 2640 ae
1555 2615 1623 2648 per
1646 2615 1711 2640 ur·
1764 2635 1769 2653 ⁷:

979 2658 1056 2689 bem
1079 2657 1134 2690 ire
1152 2658 1320 2689 canentes
1345 2655 1514 2688 carmina
1539 2662 1621 2687 cum
1645 2654 1711 2686 tri-

975 2704 1099 2745 pudiis
1139 2703 1378 2742 sollemnique
1415 2702 1557 2735 saltatu
1593 2701 1709 2734 iussit.
1762 2711 1763 2714 ¹
