1774 2930
196 149 283 189 476

855 127 1063 187 nortun

314 249 405 292 Nec
436 249 637 292 facundia
667 250 836 292 deseret
867 251 980 293 hunc
1011 265 1090 294 nec
1120 252 1286 301 lucidus
1320 253 1449 297 ordo..

316 320 489 362 Ordinis
520 321 628 363 haec
658 321 792 362 virtus
827 322 907 364 erit
938 326 981 364 et
1011 336 1160 376 venus,
1192 328 1267 373 aut
1296 338 1378 380 ego
1408 320 1546 380 fallor,

313 391 370 433 Ut
401 392 487 433 iam
517 405 631 434 nunc
661 391 775 434 dicat
806 392 892 434 iam
923 406 1036 435 nunc
1064 393 1269 440 debentia.
1298 394 1401 449 dici,

314 462 525 518 Pleraque
557 462 725 505 differat
758 467 801 506 et
831 478 1035 519 praesens
1067 465 1112 506 in
1142 468 1312 522 tempus
1345 466 1538 520 omittat;

289 665 345 697 42.
371 665 470 697 haud
495 673 559 706 eqo
586 664 668 698 BcF
703 664 803 707 (non
830 664 886 698 ST
897 664 924 707 ).
952 683 994 688 -
1022 666 1079 698 43.
1106 657 1219 709 dicat,
1257 653 1334 700 ium
1371 675 1468 700 nune
1499 669 1667 701 debentia

241 712 312 743 dici
338 712 520 752 Pleraque
546 710 789 757 distinguunt
815 711 876 752 Gt,
902 711 1114 755 Bentleius,
1140 712 1232 755 Fea,
1258 713 1404 748 Gonod.

192 875 413 918 barbarum,
459 877 526 911 sed
562 881 707 911 rectum
744 877 931 922 glossema

192 923 233 956 in
273 923 362 957 Cod.
396 923 619 958 Turicensi:
660 922 780 966 „zaid
816 922 930 957 δύνα-

191 982 271 1013 μιν,
308 982 375 1015 pro
410 971 489 1005 suis
523 971 701 1005 viribus.“
732 991 773 995 -
799 973 929 1013 sacun-

189 1018 270 1061 dia]
307 1018 383 1062 „Ea
407 1018 526 1052 virtus
552 1019 734 1052 orationis
761 1022 829 1061 est,
855 1030 930 1063 qua

193 1076 289 1110 quae
327 1065 508 1100 dicuntur
553 1077 629 1100 non
671 1077 693 1100 a
733 1066 928 1110 scriptore,

190 1112 258 1147 sed
283 1113 396 1155 ultro,
430 1124 476 1147 ex
508 1124 548 1147 se
579 1113 672 1157 ipsis
697 1116 810 1158 atque
835 1113 928 1147 adeo

192 1162 328 1195 natura
368 1160 521 1205 prodire
563 1160 779 1202 videantur,
828 1161 927 1194 unde

192 1207 347 1242 Homeri
373 1210 544 1252 poemata
570 1211 607 1241 et
632 1208 802 1252 picturae
819 1206 928 1242 Nico-

190 1255 315 1289 machi
339 1266 362 1288 a
387 1254 541 1289 Graecis
567 1253 798 1295 αὐτοσχέδια
829 1255 929 1288 dice-

191 1302 364 1336 banturf‘
404 1302 609 1336 V1cns.—
646 1304 786 1336 lucidus
824 1303 927 1345 ordo]

191 1349 262 1383 Hic
281 1350 417 1384 transit
434 1349 480 1384 ad
495 1350 678 1391 ordinem,
697 1361 807 1394 quem
826 1350 927 1383 tech-

192 1397 378 1442 nographi
410 1393 595 1438 ὁιάηῖεσιν
632 1376 928 1442 dispositionem,

192 1448 336 1478 vocant.
399 1444 477 1478 Sor.
516 1445 562 1479 ad
598 1444 686 1478 Her.
727 1447 766 1486 1,
805 1446 844 1486 2,
883 1447 927 1477 3:

190 1493 388 1533 Dispositio
427 1495 476 1526 esi
516 1493 605 1526 ordo
648 1495 680 1525 ei
721 1493 927 1525 distributio

188 1547 324 1582 rerum,
351 1549 445 1580 quae
470 1541 703 1581 demonstrat,
734 1540 822 1580 quid
847 1540 927 1580 qui-

190 1587 254 1619 bus
290 1587 375 1620 locis
408 1588 454 1620 sil
489 1588 752 1620 collocandum.
802 1585 926 1630 Oppo-

190 1634 294 1667 nitur
319 1634 366 1679 τῇ
392 1631 550 1679 εὑρέσει,
584 1634 807 1680 inventioni.
857 1635 927 1667 Lu-

190 1682 289 1714 cidus
316 1684 441 1715 autem
467 1683 555 1715 ordo
582 1681 732 1723 dicitur,
767 1681 833 1725 qui
859 1692 926 1725 per

190 1739 229 1761 se
255 1729 335 1772 ipse
362 1730 588 1773 permultum
615 1728 762 1762 confert
795 1727 842 1762 ad
868 1740 926 1762 ar-

188 1779 406 1819 gumentum
463 1777 659 1820 ipsamque
718 1775 925 1809 orationem

189 1823 425 1866 perspicuam
451 1823 689 1857 reddendam.

237 1918 327 1949 42—
332 1919 389 1950 45.
418 1916 580 1958 Ordinis]
608 1916 788 1949 Consulto
812 1926 925 1968 quae-

188 1964 260 1997 sita
293 1963 440 1997 videtur
475 1964 568 1998 haec
594 1963 702 2008 quasi
732 1960 925 2010 ἀπαφορά.

189 2029 232 2034 --
271 2011 411 2054 venus]
458 2011 532 2044 Cfr.
570 2022 603 2044 v.
642 2011 732 2044 320:
782 2011 926 2043 Fabula

189 2059 327 2091 nullius
351 2060 503 2092 veneris.
555 2057 712 2097 Quintil.
740 2060 772 2099 6,
798 2059 830 2099 3,
860 2059 924 2090 18:

192 2106 386 2138 venustum
423 2115 507 2145 esse,
551 2106 646 2146 quod
683 2113 764 2138 cum
803 2106 926 2145 qratia

189 2154 348 2193 quadam
386 2156 418 2186 el
451 2161 579 2186 venere
615 2153 772 2193 dicatur,
809 2161 926 2194 appa-

188 2202 256 2232 rel.
286 2219 326 2223 -—
354 2203 418 2233 aut
457 2209 520 2241 eqo
558 2199 694 2241 fallor]
737 2199 816 2233 Hac
854 2199 926 2232 for-

188 2248 290 2279 mula
317 2251 476 2280 utuntur
503 2247 550 2289 ii,
588 2248 653 2292 qui
680 2246 736 2280 rei
762 2258 784 2280 a
809 2257 847 2280 se
874 2247 926 2280 af-

181 2294 356 2328 firmatae
394 2305 551 2339 prorsus
585 2295 677 2328 certi
713 2296 812 2327 sunt.
862 2292 926 2327 Se-

189 2352 283 2375 neca
308 2341 354 2376 de
381 2342 518 2386 Tranq.
545 2352 604 2375 an.
632 2343 664 2383 8,
692 2343 730 2374 3:
762 2342 835 2374 Aul
861 2350 925 2382 eoo

187 2389 302 2429 fallor
327 2392 392 2422 aut
417 2398 571 2430 reanum
598 2391 648 2422 est
672 2390 765 2421 i‘nler
782 2397 925 2430 avaros,

189 2437 529 2477 circumscriptores,
573 2437 743 2477 latrones,
778 2436 925 2477 plania-

187 2484 261 2516 rios
303 2492 417 2516 unum
458 2492 549 2525 esse,
593 2484 652 2516 cui
691 2484 814 2516 noceri
856 2491 927 2515 nou

185 2531 310 2572 possit.
338 2530 495 2574 Propter
516 2529 791 2574 ignorationem
812 2530 925 2563 huius

189 2588 281 2611 usus
307 2577 413 2611 multi
440 2580 635 2611 mutarunt
660 2577 718 2610 in:
745 2578 843 2610 haud
863 2586 925 2618 eqo

187 2626 313 2665 fallor.
342 2644 383 2648 —-
414 2627 456 2658 Ut
488 2626 563 2657 iam
596 2633 693 2657 nunc
718 2626 814 2657 dicat
841 2623 925 2666 cet.]

189 2671 290 2705 Vera
322 2673 357 2705 h.
385 2672 408 2706 l.
434 2671 696 2715 interpretatio
730 2672 821 2705 haec
847 2674 925 2705 est:

184 2718 262 2760 „Ut
285 2719 358 2754 iam
386 2729 487 2753 nunc
513 2719 613 2752 dicat
638 2730 699 2760 ea,
738 2729 834 2762 quae
870 2729 927 2752 re-

980 888 1067 911 vera
1092 888 1195 912 nunc
1220 878 1344 923 ipsum
1368 879 1445 914 dici
1482 880 1637 922 debent,
1676 880 1713 913 id

979 927 1046 966 est,
1086 926 1310 968 necessaria,
1342 926 1520 961 videlicet
1544 937 1598 969 ea,
1632 927 1713 961 sine

979 972 1119 1016 quibus
1145 973 1299 1008 omnino
1325 984 1395 1009 nec
1421 985 1557 1015 sensus
1581 976 1712 1019 poetae

979 1030 1102 1064 neque
1151 1021 1330 1064 historia,
1389 1032 1501 1066 quam
1549 1022 1714 1066 exponit,

978 1077 1102 1111 neque
1129 1067 1312 1112 imagines
1339 1071 1376 1103 et
1401 1069 1712 1113 comparationes,

978 1114 1116 1158 quibus
1154 1115 1284 1157 utitur,
1321 1126 1343 1149 a
1376 1116 1516 1149 lectore
1549 1115 1711 1160 intelligi

976 1165 1150 1204 possent3
1187 1163 1364 1204 pleraque
1401 1162 1616 1207 (permulta)
1648 1174 1713 1197 au-

978 1211 1062 1250 tem,
1089 1219 1186 1254 quae
1211 1209 1308 1243 alius
1326 1211 1438 1254 poeta
1463 1210 1587 1250 minus
1612 1209 1712 1254 peri-

977 1257 1050 1296 tus,
1091 1258 1165 1289 toto
1205 1265 1309 1290 sacco
1348 1262 1480 1298 serem,
1523 1255 1596 1291 etsi
1637 1267 1713 1290 non

976 1313 1134 1346 prorsus
1161 1304 1375 1338 necessaria
1399 1303 1473 1347 iam
1503 1303 1565 1338 hic
1590 1303 1714 1337 incul-

979 1353 1109 1392 casset,
1159 1349 1308 1384 differat
1347 1351 1387 1384 in
1429 1350 1555 1384 locum
1596 1351 1713 1396 magis

977 1400 1230 1442 opportunum
1278 1401 1391 1443 atque
1432 1401 1632 1442 propterea
1673 1398 1711 1432 in

975 1445 1190 1488 praesentia
1231 1445 1387 1486 omittat,
1438 1445 1556 1490 magis
1597 1445 1711 1479 artifi-

976 1492 1078 1527 cioso
1118 1495 1154 1526 et
1194 1493 1340 1537 poetico
1379 1492 1504 1527 ordini
1545 1492 1711 1534 studens,

976 1542 1017 1572 ut
1042 1550 1269 1584 suspensum
1294 1542 1420 1574 teneat
1445 1540 1642 1582 lectorem3
1675 1542 1712 1573 et
1736 1538 1741 1543 '

976 1586 1128 1631 quidem
1155 1587 1218 1628 ita,
1257 1591 1299 1621 ut
1322 1588 1570 1632 persentiscat
1594 1587 1711 1621 lector

976 1637 1120 1675 acutus,
1146 1645 1213 1668 cur
1230 1635 1331 1669 hunc
1347 1634 1487 1677 μῦθον,
1511 1634 1610 1668 hane
1628 1644 1711 1668 sen—

976 1681 1130 1715 tentiam
1155 1681 1215 1715 vel
1247 1682 1345 1716 hanc
1377 1681 1578 1726 imaginem
1608 1689 1710 1714 ama-

976 1730 1043 1769 rit,
1082 1740 1127 1763 ea
1164 1729 1336 1763 consulto
1375 1732 1412 1762 et
1445 1739 1531 1762 cum
1567 1727 1709 1761 dilectu

976 1775 1138 1819 quodam
1189 1776 1279 1817 (con
1320 1775 1466 1818 amore)
1516 1785 1607 1808 usus
1649 1774 1709 1815 sit,

975 1822 1079 1863 alias,
1132 1822 1170 1854 in
1214 1821 1353 1866 quibus
1394 1823 1504 1866 poEte
1544 1820 1709 1855 deterior

974 1869 1083 1902 facile
1118 1869 1332 1902 luxuriatus
1365 1871 1481 1907 esset,
1519 1868 1708 1913 sapienter

973 1917 1149 1956 spreverit
1190 1915 1468 1960 reservaritque
1510 1915 1561 1958 ad
1583 1916 1709 1951 alium

974 1963 1156 2007 poematis
1182 1963 1327 2004 locum,
1363 1962 1430 1996 ubi
1462 1961 1501 1996 id
1535 1962 1710 2004 efficiant,

975 2013 1016 2042 ut
1048 2010 1219 2054 priorum
1245 2020 1386 2056 ⁴rursus
1419 2020 1560 2044 memor
1586 2009 1710 2045 factus

975 2058 1093 2091 lector
1127 2060 1326 2102 utramque
1357 2057 1539 2101 poematis
1564 2058 1707 2100 partem

975 2107 1100 2138 mente
1141 2104 1375 2138 connectat.“
1427 2103 1547 2138 Gotho
1590 2105 1708 2145 Brios-

973 2153 1124 2185 wechsel
1159 2161 1231 2184 von
1264 2152 1404 2192 Dor-inq
1443 2150 1478 2185 S.
1511 2152 1580 2194 85¹:
1617 2151 1710 2184 Eine

974 2200 1324 2240 Haupteiqemchast
1357 2200 1417 2232 des
1451 2199 1616 2240 epischen
1641 2198 1709 2231 Ge-

974 2247 1086 2279 dicius
1121 2247 1175 2289 ist,
1214 2247 1297 2280 dass
1332 2255 1368 2279 es
1392 2247 1521 2279 immer
1543 2253 1611 2278 vor
1635 2247 1710 2278 und

973 2294 1110 2327 zuruck
1134 2295 1227 2334 aem.
1278 2294 1403 2326 Daher
1431 2293 1513 2325 sind
1545 2293 1619 2328 alle
1651 2300 1708 2325 re-

975 2342 1210 2374 tardo-endem
1234 2341 1370 2374 Molive
1397 2340 1524 2381 epi-sch.
1551 2357 1566 2364 -
1591 2357 1606 2364 -
1631 2340 1708 2373 Das

982 2389 1260 2429 Verschwieqene
1321 2388 1445 2428 aehorl
1500 2387 1569 2421 ,mit
1628 2394 1709 2420 zum

976 2436 1133 2476 Garizein,
1171 2435 1237 2467 wie
1274 2436 1331 2468 die
1367 2435 1488 2467 Pau-se
1523 2442 1590 2474 zur
1626 2434 1709 2468 Mu-

973 2484 1038 2523 sik,
1065 2483 1140 2515 und
1155 2483 1398 2515 milbeslimml
1424 2482 1475 2523 οη
1497 2482 1568 2516 den
1588 2481 1707 2513 Weraen

974 2531 1035 2563 des
1083 2530 1346 2562 Kumtwerlces.
1399 2547 1440 2552 —
1489 2527 1535 2561 In
1586 2526 1707 2561 verbis

975 2578 1120 2617 differat
1161 2578 1197 2609 et
1233 2577 1375 2608 omittat
1416 2574 1568 2608 minime
1611 2573 1708 2608 inest

975 2623 1121 2657 inutilis
1139 2622 1362 2667 tautologia;
1386 2621 1482 2656 illud
1505 2621 1603 2655 enim
1620 2622 1708 2665 poe-

976 2674 1034 2705 tae
1060 2670 1258 2705 consilium
1285 2668 1490 2714 signifieat,
1524 2669 1595 2702 hoc
1620 2678 1708 2702 con-

977 2718 1051 2752 silii
1109 2717 1397 2751 exsecutionem.
1449 2734 1491 2740 —
1539 2716 1708 2757 promissi
