1786 2912
156 135 208 177 18

652 137 862 174 HORATII
887 138 1172 176 SATmAmm

270 234 440 293 Quippe
471 237 684 294 benignus
717 244 821 282 erat.
865 238 1026 284 Contra
1056 241 1146 296 hic,
1178 257 1233 286 ne
1263 243 1468 301 prodigus
1499 258 1595 289 esse

264 307 449 354 Dicatur
478 312 696 363 metuens,
728 310 846 366 inopi
878 310 979 354 dare
1009 312 1118 355 nolit
1147 314 1299 369 amico,

1644 315 1670 356 5

264 380 426 438 Frigus
460 394 542 438 quo
576 380 810 438 duramque
841 381 999 425 famem
1029 385 1270 440 propellere
1300 387 1451 442 possit.

263 452 392 496 Hunc
423 455 461 496 si
490 452 777 511 perconteris,
811 453 880 495 avi
911 467 986 495 cur
1018 458 1145 511 atque
1175 457 1367 512 parentis

261 522 534 568 Praeclaram
565 521 738 582 Ingrata
770 524 952 580 stringat
982 526 1121 568 malus
1152 527 1343 583 ingluvie
1372 542 1483 583 rem,

264 594 422 638 Omnia
453 596 672 638 conductis
708 598 908 638 coemens
941 596 1121 639 obsonia
1150 598 1363 640 nummis:

262 665 467 708 Sordidus
500 671 629 723 atque
661 666 792 710 animi
828 667 942 721 quod
972 668 1094 724 parvi
1124 668 1232 710 nolit
1260 669 1431 723 haberi,

1615 673 1667 712 10

259 736 525 793 Respondet.
567 738 789 781 Laudatur
821 737 875 780 ab
907 737 995 792 his,
1029 739 1225 795 culpatur
1255 739 1310 782 ab
1342 740 1441 782 illis.

259 807 452 850 Fufidius
484 823 650 865 vappae
682 809 839 852 famam
871 810 997 853 timet
1027 825 1075 853 ac
1107 810 1353 866 nebulonis,

238 972 314 1007 Sat.
338 972 385 1007 H.
428 975 460 1008 6.

500 975 682 1016 depellere
708 974 788 1009 LCt
814 977 851 1009 et
875 975 999 1009 Bentl.
1026 986 1045 1009 e
1072 974 1190 1009 Codd.
1216 975 1364 1020 (atque,
1390 977 1433 1010 ut
1457 975 1619 1019 videtur,

189 1030 319 1054 omnes
344 1020 536 1057 Pottierii.
579 1020 631 1055 Ut
655 1032 742 1065 nos,
768 1021 926 1067 BbScdp
953 1024 990 1056 et
1017 1023 1166 1065 „maior
1190 1023 1309 1067 pars“
1337 1022 1454 1057 Codd.
1479 1023 1619 1066 Bentl.)

141 1144 330 1188 eraditur,
368 1144 649 1189 appellabant.“
717 1144 878 1178 Fns'rns.

138 1191 198 1226 Ad
241 1203 351 1236 quem
391 1193 516 1226 locum
559 1191 598 1226 C.
633 1191 676 1226 O.
714 1191 879 1226 Miiller:

142 1239 250 1283 „Alia
273 1239 519 1284 antiquorum
549 1239 880 1284 grammaticorum

138 1287 478 1331 interpretamenta
527 1287 636 1321 affert
683 1286 879 1331 Interpres

141 1333 314 1378 Cruquii,
333 1334 398 1378 qui
418 1335 624 1368 macerones
642 1344 707 1368 eos
724 1334 879 1378 proprie

139 1381 258 1416 dictos
297 1392 379 1415 esse
418 1381 545 1415 tradit.
594 1381 638 1414 In
674 1380 880 1415 Glossariis

139 1428 256 1463 Labb.
292 1431 369 1462 est:
411 1430 589 1470 Balatro,
630 1424 800 1470 ἄσωτος,
843 1431 881 1462 et

140 1477 261 1518 Blalo,
288 1472 560 1519 ματαιολόγος.
600 1475 711 1515 Quod
735 1475 879 1509 Paulus

140 1523 233 1557 dicit
258 1523 320 1557 vix
346 1522 527 1558 credibile
563 1534 585 1557 a
609 1523 720 1556 Festo
755 1522 881 1566 prola-

139 1572 219 1604 tum
257 1581 351 1605 esse.
403 1570 477 1604 Sed
514 1569 576 1603 hic
614 1571 823 1603 balatrones
858 1581 881 1603 a

140 1617 275 1652 blateis
315 1618 394 1652 sive
432 1617 503 1651 luti
542 1617 657 1651 bullis
695 1617 879 1661 appellari

140 1665 377 1709 prodiderat,
416 1665 456 1698 ni
487 1664 633 1698 fallor.“
686 1663 734 1698 Ut
758 1665 880 1697 lutum

142 1713 300 1754 calceis,
340 1712 394 1746 sic
427 1711 468 1745 hi
507 1721 660 1745 scurrae
699 1710 880 1745 divitibus

141 1760 201 1794 vel
227 1759 355 1793 invitis
381 1758 878 1800 adhaerent-sollicitum]

141 1810 294 1851 propter
321 1807 599 1851 quaesticulum
628 1805 879 1839 imminutum.

144 1872 187 1878 ——
215 1854 359 1897 Tiqelli]
400 1853 475 1897 „M.
504 1853 690 1898 Tigellius
723 1852 881 1886 Hermo-

143 1911 258 1946 genes
291 1902 457 1935 musicae
494 1901 587 1934 artis
625 1900 880 1944 peritissimus

144 1950 181 1982 et
222 1947 323 1981 vocis
366 1948 524 1981 eximiae
567 1947 607 1980 C.
644 1947 743 1981 Iulio
788 1946 880 1980 Cae-

144 1995 221 2028 sari
239 1995 416 2028 dictatori
433 1995 629 2029 familiaris
653 1994 727 2028 fuit
745 1997 781 2028 et
797 1996 895 2038 post¹

145 2041 366 2085 Cleopatrae
392 2045 569 2086 acceptus
594 2043 772 2083 maxime,
804 2041 882 2074 Au-

144 2092 253 2134 gusto
273 2099 424 2133 quoque
443 2089 595 2124 Caesari
621 2089 883 2131 amicissimus,

146 2145 189 2170 eo
217 2135 318 2180 quod
343 2136 453 2170 dulce
480 2139 634 2170 caneret
667 2138 705 2170 et
737 2136 882 2169 urbane

144 2182 348 2225 iocaretur,
374 2183 467 2217 adeo
494 2186 536 2216 ut
561 2183 661 2217 inter
678 2183 883 2217 familiares

147 2232 185 2264 et
215 2229 437 2264 domesticos
469 2230 708 2264 haberetur.“
754 2229 883 2263 Coun.

148 2275 270 2314 CRUQ.
318 2277 374 2310 De
412 2278 483 2310 hoc
523 2277 681 2322 Tigellio
721 2276 799 2310 Cic.
837 2276 885 2311 ad

146 2322 248 2357 Fam.
276 2324 315 2365 7,
342 2325 406 2365 24,
433 2325 471 2357 2:
511 2325 634 2357 Habes
659 2325 794 2358 Sardos
824 2333 884 2357 ve-

149 2371 270 2412 nales,
303 2371 421 2402 alium
446 2371 521 2404 alio
548 2372 770 2410 nequiorem.
823 2372 885 2404 Co-

150 2418 268 2459 anosli
293 2425 413 2450 meam
438 2425 588 2449 causam
614 2420 647 2450 el
664 2419 767 2450 istius
784 2418 885 2451 sala-

149 2465 249 2498 conis
273 2464 514 2504 iniquitatem.
560 2463 759 2498 Diversum
784 2465 887 2498 hunc

150 2511 330 2545 maiorem
349 2510 553 2555 Tigellium
579 2520 662 2544 esse
688 2511 734 2544 ab
762 2511 886 2556 Tigel-

150 2557 202 2592 lio
250 2558 487 2602 Hermogene
536 2560 621 2600 post
668 2557 885 2591 Dacierium

151 2607 327 2640 accurate
353 2604 621 2639 demonstravit
640 2603 886 2639 Kirchnerus.

154 2670 198 2676 -
214 2651 401 2694 bemanus]
420 2649 668 2698 ἁκυρολογία.
685 2650 769 2685 Non
787 2652 886 2686 enim

152 2697 341 2744 benignus
367 2700 466 2743 erat,
492 2698 559 2733 sed
583 2697 776 2744 prodigus.
814 2698 887 2733 Ve-

928 1156 1012 1179 rum
1037 1146 1107 1180 hoc
1132 1145 1225 1180 dicit
1249 1157 1295 1180 ex
1324 1145 1478 1180 illorum
1510 1156 1667 1191 persua-

929 1193 1047 1235 sione,
1074 1194 1213 1237 quibus
1231 1195 1385 1238 propter
1411 1192 1512 1227 dona
1534 1194 1576 1227 in
1602 1203 1666 1228 eos

929 1240 1064 1274 collata
1088 1240 1278 1286 benignus
1302 1240 1515 1275 videbatur.

976 1336 1074 1368 6-12.
1098 1334 1323 1378 propellere]
1347 1334 1388 1367 in
1405 1345 1461 1378 pr.
1479 1336 1574 1369 orat.
1591 1334 1666 1369 fre-

930 1381 1109 1426 quentius
1135 1382 1337 1424 depellere,
1371 1381 1473 1425 quod
1505 1381 1618 1427 gloss.
1643 1393 1667 1416 a

928 1429 1128 1463 nonnullis
1168 1439 1259 1463 vero
1309 1427 1556 1463 substitutum
1597 1431 1688 1474 eet„

929 1476 1004 1510 iam
1029 1475 1130 1520 apud
1154 1475 1281 1510 Schol.
1297 1475 1376 1510 Iuv.
1396 1477 1452 1518 14,
1469 1477 1558 1510 273:
1583 1477 1666 1509 Fri-

929 1532 994 1564 ous
1021 1525 1058 1556 et
1082 1524 1217 1565 famem
1238 1523 1461 1564 propulsare
1487 1522 1667 1556 dixerunt

930 1569 1008 1603 Cic.
1034 1570 1080 1603 de
1105 1570 1215 1603 Finn.
1242 1571 1275 1611 4,
1301 1571 1360 1612 25,
1377 1571 1434 1603 69.
1461 1569 1547 1603 Tac.
1563 1569 1665 1603 Ann.

932 1619 994 1659 14,
1021 1618 1078 1650 24.
1119 1635 1161 1640 —
1199 1615 1363 1659 inarata]
1405 1626 1492 1658 non,
1526 1614 1666 1659 „teti-a,

928 1663 1087 1705 foeda,“
1115 1663 1181 1698 sed
1207 1674 1303 1708 quae
1329 1673 1527 1708 nunquam
1553 1664 1666 1698 satia-

928 1713 1012 1753 tur,
1050 1721 1246 1754 nunquam
1283 1711 1448 1754 acceptis
1486 1712 1667 1745 contenta

930 1758 1020 1791 est.“
1048 1757 1198 1791 Lucret.
1216 1759 1249 1800 3,
1269 1758 1376 1791 1017:
1394 1758 1534 1791 Deinde
1551 1758 1669 1791 anim

928 1806 1118 1846 inaratam
1141 1807 1320 1838 naturam
1345 1813 1500 1846 pascere
1523 1812 1667 1846 semper

929 1852 1044 1892 Atque
1055 1853 1202 1893 explere
1217 1853 1319 1885 bonis
1330 1853 1439 1884 rebus
1451 1852 1665 1892 satiareque

931 1907 1122 1939 nunquam
1155 1900 1226 1932 cet.
1254 1917 1296 1922 —
1322 1897 1494 1941 stu-inqut]
1527 1898 1666 1941 „avide

931 1946 1085 1980 devoret
1101 1945 1272 1990 adeoque
1286 1945 1516 1979 consumat.“
1537 1943 1668 1987 „Smn-

930 1995 994 2037 pta
1009 1992 1228 2036 metaphora
1244 2003 1267 2025 a
1282 1992 1410 2034 ramis,
1435 2002 1532 2036 quos
1553 1992 1668 2026 strin-

930 2041 1073 2085 gimus,
1107 2038 1260 2084 quando
1291 2039 1378 2073 illos
1402 2038 1590 2073 nudamus
1613 2038 1670 2073 fo-

931 2087 1028 2121 liis.“
1056 2086 1185 2120 Comi.
1208 2085 1329 2124 CRUQ.
1353 2084 1422 2120 Est
1445 2085 1564 2130 igitur
1587 2086 1626 2119 h.
1643 2085 1669 2119 1.

931 2134 1032 2168 idem
1048 2144 1093 2168 ac
1109 2134 1348 2174 destrinqere.
1361 2149 1409 2156 —-
1420 2133 1557 2175 malus]
1583 2141 1670 2176 pra-

932 2191 1000 2214 vus
1027 2184 1065 2215 et
1088 2191 1268 2226 nequam,
1291 2175 1454 2222 ἅσωτος.
1481 2198 1524 2203 —-
1549 2179 1671 2221 inolu-

931 2228 1010 2270 vie]
1064 2238 1121 2272 pr.
1175 2224 1424 2274 προηγορεών
1476 2226 1492 2269 (
1498 2227 1536 2260 Κ
1538 2234 1589 2259 ro
1595 2224 1669 2270 ps)

934 2276 1070 2309 avium.
1104 2293 1148 2299 —
1180 2274 1385 2317 conductis]
1426 2273 1585 2317 Proprie
1622 2272 1671 2306 de

935 2322 1115 2366 operibus
1138 2321 1303 2366 publicis
1335 2323 1373 2354 et
1395 2319 1553 2364 privatis
1577 2318 1671 2353 dici-

935 2372 1015 2412 tur,
1047 2379 1134 2404 raro
1159 2368 1205 2402 de
1230 2367 1395 2412 pecunia
1418 2366 1543 2400 fenori
1569 2376 1670 2400 snm-

933 2419 1017 2461 pta,
1053 2418 1096 2450 ut
1126 2416 1189 2449 hic
1221 2417 1259 2449 et
1287 2413 1417 2448 Iuven.
1446 2415 1509 2456 11,
1539 2414 1598 2448 46.
1624 2430 1670 2438 —

936 2465 982 2497 ab
1009 2463 1079 2506 his]
1103 2471 1224 2507 aeque
1246 2459 1671 2506 prodigia—Fufidius]

935 2511 1126 2545 fenerator
1142 2510 1306 2555 ignotus,
1323 2507 1399 2542 nisi
1417 2517 1505 2542 vero
1523 2509 1582 2542 est
1597 2506 1672 2540 Fu-

935 2557 1059 2600 fidius,
1077 2566 1194 2602 eques
1201 2555 1395 2590 Romanus
1407 2554 1671 2589 ornatissimus

936 2606 973 2639 et
998 2605 1208 2650 negotiator
1233 2601 1334 2647 apud
1358 2601 1433 2636 Cic.
1457 2602 1500 2635 in
1515 2600 1595 2635 Pie.
1612 2601 1671 2643 35,

936 2653 993 2685 86.
1009 2671 1052 2675 -
1067 2659 1212 2693 vappae
1228 2669 1244 2676 -
1259 2669 1275 2676 -
1292 2658 1336 2683 ac
1359 2647 1566 2691 nebulonis]
1592 2646 1670 2681 Cfr.

937 2698 1012 2734 Sat.
1041 2701 1072 2742 1,
1098 2700 1131 2741 1,
1158 2699 1236 2732 104.
