1774 2930
154 152 240 194 218

652 152 860 188 HORATII
885 153 1171 188 SATIRARUM

272 254 464 298 Invidiae
496 259 656 298 noster.
707 255 854 297 Ludos
887 259 1154 311 spectaverat
1185 271 1292 310 una,

271 325 456 368 Luserat
486 326 531 368 in
564 326 755 382 Campo:
788 325 1005 370 Fortunae
1036 326 1170 381 filius,
1203 341 1363 370 omnes.

271 396 473 453 Frigidus
506 411 532 439 a
561 397 731 438 Rostris
763 400 907 439 manat
938 411 1015 453 per
1045 398 1232 454 compita
1261 412 1429 440 rumor:

1619 399 1676 440 50

274 467 527 524 Quicunque
559 468 709 510 obvius
743 472 827 522 est,
860 483 929 510 me
961 469 1170 510 consulit:
1205 468 1243 511 Ο
1274 469 1406 523 bone,
1439 483 1538 512 nam
1567 474 1612 512 te

273 538 412 593 Scire,
446 539 548 581 deos
582 539 782 595 quoniam
814 540 990 595 propius
1023 540 1256 596 contingis,
1288 544 1480 597 oportet;

271 610 490 667 Numquid
521 610 573 652 de
603 610 734 652 Dacis
774 611 962 653 audisti?
992 610 1064 652 Nil
1096 611 1306 667 equidem.
1358 611 1417 654 Ut
1447 615 1496 654 tu

274 681 453 737 Semper
485 682 569 724 eris
602 681 789 724 derisor!
822 682 882 723 At
914 696 1062 724 omnes
1094 681 1138 723 di
1170 683 1390 738 exagitent
1420 697 1509 737 me,

244 797 253 805 ,
274 752 319 793 Si
352 753 595 821 quidquam:
646 752 792 801 Quid?
823 753 1032 794 militibus
1064 754 1276 809 promissa
1307 753 1536 810 Triquetra

1622 753 1678 794 55

250 879 307 910 48.
341 877 531 910 Invidiae:
562 880 683 910 noster
711 878 812 910 ludos
844 876 1086 922 distinguunt
1112 876 1319 919 Sbc,LCtF.
1347 897 1390 901 —
1415 878 1632 920 spectaverit

203 923 277 957 duo
304 924 496 966 Pottierii,
523 935 569 958 ex
594 924 680 958 aliis
707 924 902 958 Bentleius
929 927 966 958 et
990 924 1037 957 M.
1067 944 1108 948 ——
1138 927 1194 958 49.
1221 926 1376 959 Luserat
1403 935 1532 959 omnes
1557 925 1631 959 mei

202 974 239 1005 et
254 971 440 1013 Pottierii,
466 971 593 1005 LCtF:
620 973 763 1005 Luserit
790 982 834 1005 ex
861 982 937 1006 uno
958 971 1049 1006 Cod.
1068 971 1162 1006 Con.
1182 972 1287 1006 Trin.
1312 972 1509 1007 Bentleius
1530 975 1567 1006 et
1582 971 1630 1006 M.

154 1072 300 1115 noster]
338 1073 479 1106 comice
517 1083 585 1116 pro
624 1081 708 1114 eqo,
751 1081 834 1105 uns
850 1081 895 1104 er

153 1120 315 1162 Manu,
359 1120 467 1164 quasi
510 1121 667 1163 excepto
710 1119 893 1153 vocabulo

123 1165 126 1168 ’
154 1169 277 1200 noster
311 1177 357 1200 ex
390 1178 455 1200 ore
488 1177 702 1208 servorum,
735 1167 770 1200 h.
798 1167 822 1200 l.
850 1177 895 1200 ex

154 1224 219 1248 ore
244 1214 345 1259 volgi
363 1214 562 1248 Horatium
580 1214 652 1248 sibi
672 1214 894 1248 consocian-

153 1261 216 1295 tis.
265 1261 388 1295 Plaut.
421 1261 519 1294 Rud.
555 1264 588 1304 4,
625 1264 658 1303 7,
696 1264 750 1296 19.
799 1261 895 1294 Dae-

153 1319 303 1342 mones:
338 1310 485 1342 minime
518 1310 610 1342 istuc
635 1310 745 1350 saciet
771 1311 895 1342 noster

153 1357 370 1389 Daemones.
414 1356 606 1400 Amphitr.
649 1359 686 1398 l,
728 1359 765 1397 1,
801 1357 894 1389 242:

153 1402 280 1437 MERC.
308 1405 359 1437 Tu
377 1413 432 1436 me
448 1406 547 1437 vivos
564 1405 668 1437 hodie
693 1412 895 1443 numquam

152 1452 267 1492 facies
294 1453 382 1491 quin
406 1453 475 1484 sim
491 1452 608 1485 Sosia.
636 1451 764 1484 SoslA.
793 1452 894 1484 Certe

155 1499 283 1540 edepol
317 1501 357 1531 tu
389 1507 444 1531 me
480 1500 658 1532 alienabis
693 1507 894 1539 numquam

155 1546 245 1586 quin
271 1548 424 1579 noster
442 1547 550 1579 siem.-
575 1548 650 1579 Nec
668 1547 769 1579 nobis
784 1554 894 1587 prae-

155 1595 211 1626 ter
234 1602 291 1627 me
318 1594 544 1634 quisquamst
570 1594 666 1626 alius
691 1602 814 1627 servos
830 1595 893 1627 So-

152 1642 222 1673 sia.
253 1660 294 1663 —
320 1644 575 1682 spectaverat·
595 1640 765 1683 Luserat]
791 1640 894 1674 Haec

152 1688 528 1732 plusquamperfecto.
554 1689 593 1721 in
612 1689 831 1729 spectaverit
858 1690 895 1720 et

156 1736 282 1769 luserit
300 1738 445 1769 mutare
465 1736 574 1769 nihil⁴
586 1735 780 1776 attinebat,
808 1745 892 1768 cum

154 1783 202 1816 sit
243 1783 347 1816 velut
389 1783 536 1827 species
579 1782 889 1827 interrogationis

153 1829 319 1863 directae
333 1841 402 1874 pro
417 1830 679 1874 hypothetico:
697 1831 729 1862 si
744 1831 891 1870 quando

152 1880 356 1919 spectarat,
390 1881 516 1919 postea
551 1886 672 1911 omues
709 1877 892 1910 exclama-

154 1926 259 1967 banl3
298 1935 454 1969 prorsus
489 1927 531 1958 ut
557 1924 633 1958 Sat.
668 1926 709 1966 2,
745 1925 788 1965 7,
822 1925 890 1957 68·

151 1951 282 2005 Evas⁷ti
298 1983 367 2016 pro
386 1973 419 2005 si
437 1973 596 2005 evasisti
617 1971 692 2005 Ofr.
700 1949 788 2005 'ZSat
808 1974 839 2013 1,
859 1973 892 2010 3

153 2021 198 2052 56
227 2030 282 2064 sq.
311 2039 352 2042 —
379 2021 567 2053 Fortunae
601 2018 723 2061 filius]
759 2018 893 2052 Graeci

153 2071 242 2109 παῖς
277 2067 342 2110 τῆς
369 2063 486 2110 τύχης
521 2067 658 2111 (Soph.
685 2065 777 2099 Oed.
805 2066 891 2110 Tyr.

155 2115 298 2157 1080);
326 2125 416 2149 nos:
446 2116 534 2156 „das
561 2113 825 2148 Gluclcskind!“

201 2163 322 2196 50-56.
347 2163 518 2203 Friqidus
544 2162 629 2205 cet]
659 2161 745 2206 „qui
772 2161 891 2206 frigus

154 2212 192 2242 et
218 2210 390 2243 timorem
417 2210 590 2243 incutit.“
636 2209 711 2242 Ofr.
738 2208 832 2252 Epp.
862 2211 893 2251 1,

154 2258 186 2298 3,
214 2259 277 2290 26:
320 2258 473 2298 Friqida
508 2265 684 2290 curarum
716 2258 891 2298 fomenta.

154 2303 217 2346 „Si
236 2305 391 2338 sinister
410 2305 547 2349 aliquis
566 2315 609 2338 ac
626 2303 892 2338 formidolosus

153 2362 281 2384 rumor
310 2362 374 2395 per
401 2351 552 2396 singula
576 2351 675 2384 bivia
701 2351 892 2396 spargitur

153 2409 176 2432 a
193 2398 343 2432 Rostris
368 2399 415 2432 ab
442 2399 539 2432 Iulio
560 2398 721 2432 Caesare
750 2398 893 2451 imm—e

153 2445 216 2479 dio
243 2445 338 2479 F010
367 2447 572 2487 collocatis,
600 2445 702 2479 unde
728 2445 892 2489 primum

153 2494 359 2535 emanavit,
394 2504 524 2527 omnes
551 2504 608 2527 me
636 2504 765 2526 verum
794 2493 891 2526 sciie

154 2540 371 2585 opinantur,
398 2542 528 2584 utpote
557 2540 622 2584 qui
648 2539 891 2584 principibus

153 2588 246 2621 viris
271 2588 465 2632 proximus
500 2587 603 2621 sim.“
634 2607 676 2610 —
701 2596 771 2628 per
797 2596 891 2621 com-

150 2635 255 2678 pita]
294 2645 391 2679 quae
427 2636 638 2676 frequentia
675 2638 782 2668 vocat
817 2633 890 2668 Sat.

154 2684 188 2725 2,
222 2685 260 2724 3,
295 2684 352 2717 25.
381 2701 422 2706 —-
450 2682 585 2724 Dacis]
622 2682 714 2715 Cum
748 2682 807 2715 his
841 2681 890 2714 M.

153 2730 308 2763 Antonii
336 2729 458 2771 sociis,
485 2729 567 2773 ipso
593 2729 659 2763 illo
679 2740 778 2763 anno
798 2730 891 2770 723„

945 1083 1019 1116 quo
1040 1073 1133 1106 haec
1149 1071 1271 1106 Satira
1289 1073 1497 1117 composita
1513 1075 1581 1115 est,
1598 1073 1677 1106 bel-

943 1120 1022 1152 lum
1048 1119 1269 1165 gerebatur3
1295 1120 1342 1154 ad
1362 1120 1463 1165 quod
1481 1131 1513 1154 a.
1533 1122 1613 1154 724.
1629 1118 1678 1154 Μ.
1701 1125 1706 1130 “

945 1166 1116 1210 Crassus,
1141 1167 1260 1210 illius,
1285 1168 1351 1212 qui
1368 1179 1391 1201 a
1406 1167 1555 1202 Parthis
1582 1167 1680 1202 oeci-

945 1225 1008 1248 sus
1036 1218 1110 1258 est,
1135 1214 1257 1257 filius,
1291 1215 1430 1249 missus
1457 1217 1525 1248 est.
1577 1214 1676 1257 (Cfr.

944 1260 1014 1295 od.
1029 1264 1061 1304 3,
1077 1264 1109 1305 6,
1126 1262 1197 1304 14.)
1212 1281 1257 1285 -
1272 1263 1341 1295 eris
1355 1260 1511 1305 derisor]
1526 1272 1678 1307 „quem-

943 1308 1143 1343 admodum
1169 1319 1272 1342 nunc
1297 1319 1357 1351 es,
1391 1309 1448 1343 sic
1473 1309 1604 1351 etiam,
1635 1311 1680 1343 ut

943 1357 1036 1390 mihi
1062 1357 1203 1399 videre,
1229 1357 1305 1391 eris
1321 1355 1363 1389 in
1380 1360 1606 1401 perpetuum
1623 1353 1678 1388 εἴ-

944 1405 1054 1450 ρων.“
1106 1403 1162 1438 De
1205 1403 1394 1446 derisore,
1437 1403 1679 1446 „simulatore

945 1461 987 1484 ac
1006 1451 1286 1486 dissimulatore
1303 1450 1455 1493 (Salust.
1471 1450 1579 1485 Catil.
1592 1450 1680 1494 5.)“,

944 1499 1043 1532 conf.
1078 1498 1172 1543 Epp.
1207 1501 1239 1541 1,
1275 1499 1331 1542 18,
1367 1500 1422 1532 11.
1446 1497 1491 1531 A.
1515 1498 1557 1532 P.
1582 1500 1679 1532 438:

943 1547 1097 1580 Derisor
1122 1554 1209 1580 vero
1232 1546 1318 1588 plus
1339 1547 1532 1580 laudatore
1557 1554 1678 1580 move-

944 1597 1017 1627 tur.
1045 1613 1087 1616 —
1116 1602 1238 1627 omnes
1263 1594 1301 1626 di
1335 1594 1519 1635 exaqilent
1541 1601 1617 1635 me,
1641 1594 1681 1627 Si

945 1641 1165 1684 quidquam]
1210 1640 1395 1682 „audivi“
1435 1641 1494 1674 vel
1534 1640 1653 1681 „scio.
1659 1640 1677 1658 '⁶

945 1688 1020 1721 Cfr.
1060 1688 1146 1721 Tac.
1182 1687 1283 1720 Ann.
1318 1690 1359 1729 6,
1393 1689 1426 1720 6.
1458 1687 1499 1720 in
1533 1683 1678 1722 Tiberii

943 1734 1132 1779 Epistola:
1158 1735 1197 1768 di
1212 1743 1268 1767 me
1286 1735 1446 1789 deaeque
1466 1735 1570 1776 peius
1591 1743 1678 1776 per-

940 1784 1049 1824 dant,
1083 1790 1194 1822 quam
1216 1782 1338 1823 perire
1363 1790 1419 1814 me
1445 1782 1575 1816 cotidie
1598 1790 1678 1815 sen·

941 1831 1002 1871 tio,
1028 1830 1067 1862 si
1091 1830 1194 1862 scio.
1214 1848 1257 1852 —
1286 1828 1418 1871 Quidt]
1444 1828 1568 1863 Novae
1593 1840 1679 1873 per-

943 1887 1058 1910 sonae
1084 1877 1204 1910 altera
1229 1877 1321 1910 haec
1339 1875 1586 1921 interrogatio
1612 1877 1679 1913 tri-

940 1923 1093 1958 buenda
1118 1926 1186 1957 est.
1213 1941 1255 1947 —-
1281 1924 1457 1956 militibus
1479 1924 1678 1968 promissa]

940 1971 1013 2005 Hic
1041 1981 1191 2015 quoque
1218 1970 1351 2004 eodem
1376 1973 1544 2015 tempore
1572 1971 1621 2013 (a.
1639 1983 1676 2005 u.

942 2029 973 2052 c.
1001 2020 1079 2052 723.
1109 2019 1292 2060 exeunte)
1319 2017 1564 2062 quotidianus
1590 2018 1679 2052 civi-

941 2066 1028 2100 tatis
1054 2076 1177 2100 sermo
1209 2069 1302 2100 erat.
1351 2065 1501 2099 Etenim
1527 2076 1602 2100 non
1629 2065 1678 2100 de

941 2113 1016 2147 alia
1053 2124 1231 2158 agrorum
1268 2112 1456 2147 divisione
1488 2113 1526 2146 h.
1558 2113 1584 2147 1.
1617 2113 1678 2159 agi

941 2163 1084 2205 potest,
1124 2171 1233 2205 quam
1269 2159 1314 2194 de
1348 2171 1411 2202 ea,
1450 2171 1546 2204 quae
1579 2161 1680 2196 facta

942 2211 1000 2242 est
1023 2210 1110 2253 post
1143 2218 1308 2253 pugnam
1331 2207 1524 2241 Actiacam
1555 2207 1680 2242 media

941 2256 1065 2289 hieme
1092 2267 1124 2289 a.
1145 2257 1332 2298 723-724.;
1358 2265 1443 2289 cum
1470 2254 1607 2290 Caesar
1632 2266 1679 2290 ex

941 2303 1043 2345 Asia,
1070 2303 1136 2336 ubi
1163 2306 1242 2336 tum
1266 2302 1495 2344 morabatur,
1520 2306 1677 2347 repente

942 2350 1187 2384 Brundisium
1206 2349 1400 2394 profectus
1422 2351 1522 2384 esset
1545 2349 1593 2383 ad
1619 2360 1677 2384 se-

941 2397 1123 2431 ditionem
1150 2400 1436 2438 vetemnorum,
1470 2407 1566 2440 quos
1593 2397 1676 2432 sine

942 2445 1050 2479 donis
1092 2444 1306 2485 dimiserat,
1355 2444 1676 2488 compescendam.

941 2492 1012 2525 Dio
1039 2493 1096 2534 51,
1122 2494 1156 2525 4.
1206 2491 1289 2529 Qua
1323 2492 1523 2526 occasione
1549 2491 1678 2525 militi-

942 2539 1011 2572 bus
1046 2539 1125 2572 suis
1160 2539 1295 2582 partim
1329 2539 1530 2583 pecuniam
1561 2537 1678 2581 dedit,

941 2586 1046 2628 aliis,
1074 2586 1138 2631 qui
1165 2586 1290 2619 omnia
1315 2596 1444 2620 seeum
1470 2585 1570 2620 bella
1593 2596 1675 2630 ges-

942 2634 1100 2675 sissent,
1149 2644 1260 2677 agros
1312 2633 1423 2667 etiam
1469 2632 1678 2678 assignavit

941 2692 1070 2715 eorum
1096 2680 1289 2723 Italorum,
1318 2680 1384 2724 qui
1408 2679 1566 2713 Antonii
1590 2690 1676 2724 par-

942 2732 999 2762 tes
1017 2728 1138 2762 secuti
1158 2730 1275 2761 erant.
1298 2726 1381 2767 Quo
1398 2729 1566 2771 tempore
1583 2726 1677 2761 haec
