<?xml version="1.0" encoding="UTF-8"?>
<!DOCTYPE html PUBLIC "-//W3C//DTD XHTML 1.0 Transitional//EN"
    "http://www.w3.org/TR/xhtml1/DTD/xhtml1-transitional.dtd">
<html xmlns="http://www.w3.org/1999/xhtml" xml:lang="en" lang="en">
 <head>
  <title>
</title>
<meta http-equiv="Content-Type" content="text/html;charset=utf-8" />
  <meta name='ocr-system' content='tesseract 3.04.00' />
  <meta name='ocr-capabilities' content='ocr_page ocr_carea ocr_par ocr_line ocrx_word'/>
</head>
<body>
  <div class='ocr_page' id='page_1' title='image "./qhoratiusflaccus00horauoft_0457.png"; bbox 0 0 1774 2930; ppageno 0'>
   <div class='ocr_carea' id='block_1_1' title="bbox 0 1435 21 1786">
    <p class='ocr_par' dir='ltr' id='par_1_1' title="bbox 0 1435 21 1786">
     <span class='ocr_line' id='line_1_1' title="bbox 0 1435 21 1786; textangle 90"><span class='ocrx_word' id='word_1_1' title='bbox 7 1784 9 1786; x_wconf 91' lang='lat'>.</span> <span class='ocrx_word' id='word_1_2' title='bbox 0 1435 21 1750; x_wconf 47' lang='lat' dir='ltr'>-v4›*q1ww*-·vm—a=÷·-·a·</span> 
     </span>
    </p>
   </div>
   <div class='ocr_carea' id='block_1_2' title="bbox 638 167 1077 204">
    <p class='ocr_par' dir='ltr' id='par_1_2' title="bbox 638 167 1077 204">
     <span class='ocr_line' id='line_1_2' title="bbox 638 167 1077 204; baseline -0.002 0"><span class='ocrx_word' id='word_1_3' title='bbox 638 169 732 204; x_wconf 79' lang='lat' dir='ltr'>Lm.</span> <span class='ocrx_word' id='word_1_4' title='bbox 755 168 804 204; x_wconf 88' lang='grc' dir='ltr'><strong>Π.</strong></span> <span class='ocrx_word' id='word_1_5' title='bbox 851 167 1005 204; x_wconf 76' lang='lat' dir='ltr'>EPIST.</span> <span class='ocrx_word' id='word_1_6' title='bbox 1028 167 1077 203; x_wconf 89' lang='grc' dir='ltr'><strong>Π.</strong></span> 
     </span>
    </p>
   </div>
   <div class='ocr_carea' id='block_1_3' title="bbox 1526 167 1614 209">
    <p class='ocr_par' dir='ltr' id='par_1_3' title="bbox 1526 167 1614 209">
     <span class='ocr_line' id='line_1_3' title="bbox 1526 167 1614 209; baseline 0 0"><span class='ocrx_word' id='word_1_7' title='bbox 1526 167 1614 209; x_wconf 80' lang='grc'>449</span> 
     </span>
    </p>
   </div>
   <div class='ocr_carea' id='block_1_4' title="bbox 212 256 1385 466">
    <p class='ocr_par' dir='ltr' id='par_1_4' title="bbox 212 256 1385 466">
     <span class='ocr_line' id='line_1_4' title="bbox 213 256 1304 323; baseline -0.005 -8"><span class='ocrx_word' id='word_1_8' title='bbox 213 271 367 315; x_wconf 77' lang='lat' dir='ltr'>Frater</span> <span class='ocrx_word' id='word_1_9' title='bbox 395 275 488 315; x_wconf 89' lang='lat' dir='ltr'>erat</span> <span class='ocrx_word' id='word_1_10' title='bbox 517 256 683 314; x_wconf 80' lang='lat' dir='ltr'>Romae</span> <span class='ocrx_word' id='word_1_11' title='bbox 713 269 908 313; x_wconf 81' lang='lat' dir='ltr'>consulti</span> <span class='ocrx_word' id='word_1_12' title='bbox 925 269 1086 323; x_wconf 83' lang='lat' dir='ltr'>rhetor,</span> <span class='ocrx_word' id='word_1_13' title='bbox 1116 272 1165 311; x_wconf 89' lang='lat' dir='ltr'>ut</span> <span class='ocrx_word' id='word_1_14' title='bbox 1195 269 1304 311; x_wconf 81' lang='lat' dir='ltr'>alter</span> 
     </span>
     <span class='ocr_line' id='line_1_5' title="bbox 212 340 1230 393; baseline -0.004 -8"><span class='ocrx_word' id='word_1_15' title='bbox 212 342 403 385; x_wconf 84' lang='lat' dir='ltr'>Alterius</span> <span class='ocrx_word' id='word_1_16' title='bbox 434 355 631 385; x_wconf 81' lang='lat' dir='ltr'><strong>sermone</strong></span> <span class='ocrx_word' id='word_1_17' title='bbox 659 355 800 384; x_wconf 87' lang='lat' dir='ltr'>meros</span> <span class='ocrx_word' id='word_1_18' title='bbox 822 340 998 383; x_wconf 72' lang='lat' dir='ltr'>audiret</span> <span class='ocrx_word' id='word_1_19' title='bbox 1026 340 1230 393; x_wconf 81' lang='lat' dir='ltr'>honores,</span> 
     </span>
     <span class='ocr_line' id='line_1_6' title="bbox 216 409 1385 466; baseline -0.003 -10"><span class='ocrx_word' id='word_1_20' title='bbox 216 412 434 456; x_wconf 73' lang='lat' dir='ltr'>Gracchus</span> <span class='ocrx_word' id='word_1_21' title='bbox 463 417 513 455; x_wconf 84' lang='lat' dir='ltr'>ut</span> <span class='ocrx_word' id='word_1_22' title='bbox 541 413 613 455; x_wconf 86' lang='lat' dir='ltr'>hic</span> <span class='ocrx_word' id='word_1_23' title='bbox 642 412 725 466; x_wconf 91' lang='lat' dir='ltr'>illi,</span> <span class='ocrx_word' id='word_1_24' title='bbox 757 411 867 454; x_wconf 89' lang='lat' dir='ltr'>foret</span> <span class='ocrx_word' id='word_1_25' title='bbox 895 411 996 453; x_wconf 86' lang='lat' dir='ltr'>huic</span> <span class='ocrx_word' id='word_1_26' title='bbox 1024 414 1074 452; x_wconf 90' lang='lat' dir='ltr'>ut</span> <span class='ocrx_word' id='word_1_27' title='bbox 1102 409 1267 454; x_wconf 79' lang='lat' dir='ltr'>Mucius</span> <span class='ocrx_word' id='word_1_28' title='bbox 1297 409 1385 453; x_wconf 88' lang='lat' dir='ltr'>ille.</span> 
     </span>
    </p>
   </div>
   <div class='ocr_carea' id='block_1_5' title="bbox 215 481 1307 539">
    <p class='ocr_par' dir='ltr' id='par_1_5' title="bbox 215 481 1307 539">
     <span class='ocr_line' id='line_1_7' title="bbox 215 481 1307 539; baseline -0.003 -13"><span class='ocrx_word' id='word_1_29' title='bbox 215 482 300 533; x_wconf 78' lang='lat' dir='ltr'>Qui</span> <span class='ocrx_word' id='word_1_30' title='bbox 329 483 470 526; x_wconf 84' lang='lat' dir='ltr'>minus</span> <span class='ocrx_word' id='word_1_31' title='bbox 501 487 674 539; x_wconf 85' lang='lat' dir='ltr'>argutos</span> <span class='ocrx_word' id='word_1_32' title='bbox 703 486 835 525; x_wconf 78' lang='lat' dir='ltr'>vexat</span> <span class='ocrx_word' id='word_1_33' title='bbox 863 482 982 524; x_wconf 79' lang='lat' dir='ltr'>furor</span> <span class='ocrx_word' id='word_1_34' title='bbox 1010 482 1094 524; x_wconf 88' lang='lat' dir='ltr'>iste</span> <span class='ocrx_word' id='word_1_35' title='bbox 1124 481 1307 538; x_wconf 69' lang='lat' dir='ltr'>poetas?</span> 
     </span>
    </p>
   </div>
   <div class='ocr_carea' id='block_1_6' title="bbox 1555 480 1614 522">
    <p class='ocr_par' dir='ltr' id='par_1_6' title="bbox 1555 480 1614 522">
     <span class='ocr_line' id='line_1_8' title="bbox 1555 480 1614 522; baseline 0.017 -1"><span class='ocrx_word' id='word_1_36' title='bbox 1555 480 1614 522; x_wconf 80' lang='lat'>90</span> 
     </span>
    </p>
   </div>
   <div class='ocr_carea' id='block_1_7' title="bbox 214 551 1362 610">
    <p class='ocr_par' dir='ltr' id='par_1_7' title="bbox 214 551 1362 610">
     <span class='ocr_line' id='line_1_9' title="bbox 214 551 1362 610; baseline -0.004 -13"><span class='ocrx_word' id='word_1_37' title='bbox 214 553 416 597; x_wconf 78' lang='lat' dir='ltr'>Carmina</span> <span class='ocrx_word' id='word_1_38' title='bbox 445 567 671 610; x_wconf 89' lang='lat' dir='ltr'>compono,</span> <span class='ocrx_word' id='word_1_39' title='bbox 704 553 774 595; x_wconf 85' lang='lat' dir='ltr'>hic</span> <span class='ocrx_word' id='word_1_40' title='bbox 806 553 964 609; x_wconf 89' lang='lat' dir='ltr'>elegos.</span> <span class='ocrx_word' id='word_1_41' title='bbox 1017 551 1236 605; x_wconf 80' lang='lat' dir='ltr'>„Mirabile</span> <span class='ocrx_word' id='word_1_42' title='bbox 1264 551 1362 593; x_wconf 75' lang='lat' dir='ltr'>visu</span> 
     </span>
    </p>
   </div>
   <div class='ocr_carea' id='block_1_8' title="bbox 142 716 1567 809">
    <p class='ocr_par' dir='ltr' id='par_1_8' title="bbox 142 716 1567 809">
     <span class='ocr_line' id='line_1_10' title="bbox 191 716 1567 762; baseline -0.004 -8"><span class='ocrx_word' id='word_1_43' title='bbox 191 720 249 754; x_wconf 83' lang='lat'>89.</span> <span class='ocrx_word' id='word_1_44' title='bbox 274 718 482 762; x_wconf 64' lang='lat' dir='ltr'>Gracchus]</span> <span class='ocrx_word' id='word_1_45' title='bbox 517 720 668 752; x_wconf 71' lang='lat' dir='ltr'>Crassus</span> <span class='ocrx_word' id='word_1_46' title='bbox 700 717 865 752; x_wconf 82' lang='lat' dir='ltr'>Bentleii</span> <span class='ocrx_word' id='word_1_47' title='bbox 899 717 1077 762; x_wconf 89' lang='lat' dir='ltr'>suspicio.</span> <span class='ocrx_word' id='word_1_48' title='bbox 1104 735 1148 741; x_wconf 91' lang='lat'>—</span> <span class='ocrx_word' id='word_1_49' title='bbox 1174 718 1229 751; x_wconf 73' lang='lat' dir='ltr'>Mc</span> <span class='ocrx_word' id='word_1_50' title='bbox 1261 720 1301 751; x_wconf 71' lang='lat' dir='ltr'>ut</span> <span class='ocrx_word' id='word_1_51' title='bbox 1334 717 1478 751; x_wconf 65' lang='lat' dir='ltr'>nudus</span> <span class='ocrx_word' id='word_1_52' title='bbox 1507 716 1567 749; x_wconf 74' lang='lat' dir='ltr'>illi</span> 
     </span>
     <span class='ocr_line' id='line_1_11' title="bbox 142 763 1566 809; baseline -0.004 -8"><span class='ocrx_word' id='word_1_53' title='bbox 142 766 232 809; x_wconf 74' lang='lat' dir='ltr'>bed,</span> <span class='ocrx_word' id='word_1_54' title='bbox 255 766 428 801; x_wconf 81' lang='lat' dir='ltr'>Pottierii</span> <span class='ocrx_word' id='word_1_55' title='bbox 452 777 496 800; x_wconf 89' lang='lat' dir='ltr'>ac</span> <span class='ocrx_word' id='word_1_56' title='bbox 521 765 701 799; x_wconf 84' lang='lat' dir='ltr'>Schmidii</span> <span class='ocrx_word' id='word_1_57' title='bbox 727 776 870 808; x_wconf 89' lang='lat' dir='ltr'>omnes,</span> <span class='ocrx_word' id='word_1_58' title='bbox 895 765 1042 800; x_wconf 86' lang='lat' dir='ltr'>Veneta</span> <span class='ocrx_word' id='word_1_59' title='bbox 1067 766 1168 798; x_wconf 82' lang='lat'>1481.</span> <span class='ocrx_word' id='word_1_60' title='bbox 1196 767 1234 798; x_wconf 89' lang='lat' dir='ltr'>et</span> <span class='ocrx_word' id='word_1_61' title='bbox 1258 763 1314 799; x_wconf 77' lang='lat' dir='ltr'>ct.</span> <span class='ocrx_word' id='word_1_62' title='bbox 1333 783 1376 788; x_wconf 89' lang='lat'><strong>—</strong></span> <span class='ocrx_word' id='word_1_63' title='bbox 1403 765 1461 798; x_wconf 79' lang='lat'>90.</span> <span class='ocrx_word' id='word_1_64' title='bbox 1484 772 1566 797; x_wconf 79' lang='lat' dir='ltr'>ver-</span> 
     </span>
    </p>
   </div>
   <div class='ocr_carea' id='block_1_9' title="bbox 142 813 678 848">
    <p class='ocr_par' dir='ltr' id='par_1_9' title="bbox 142 813 678 848">
     <span class='ocr_line' id='line_1_12' title="bbox 142 813 678 848; baseline 0 -1"><span class='ocrx_word' id='word_1_65' title='bbox 142 816 201 848; x_wconf 71' lang='lat' dir='ltr'>sat</span> <span class='ocrx_word' id='word_1_66' title='bbox 225 813 425 848; x_wconf 82' lang='lat' dir='ltr'>Bentleius</span> <span class='ocrx_word' id='word_1_67' title='bbox 449 813 678 847; x_wconf 65' lang='lat' dir='ltr'>coniectura.</span> 
     </span>
    </p>
   </div>
   <div class='ocr_carea' id='block_1_10' title="bbox 92 947 831 1794">
    <p class='ocr_par' dir='ltr' id='par_1_10' title="bbox 92 947 831 1794">
     <span class='ocr_line' id='line_1_13' title="bbox 145 947 829 992; baseline -0.003 -8"><span class='ocrx_word' id='word_1_68' title='bbox 145 950 296 984; x_wconf 74' lang='lat'>87—90.</span> <span class='ocrx_word' id='word_1_69' title='bbox 343 950 478 983; x_wconf 64' lang='lat' dir='ltr'>stater</span> <span class='ocrx_word' id='word_1_70' title='bbox 500 948 592 992; x_wconf 63' lang='lat' dir='ltr'>cet]</span> <span class='ocrx_word' id='word_1_71' title='bbox 643 947 829 990; x_wconf 87' lang='lat' dir='ltr'>„Praeter</span> 
     </span>
     <span class='ocr_line' id='line_1_14' title="bbox 97 995 830 1040; baseline -0.003 -10"><span class='ocrx_word' id='word_1_72' title='bbox 97 996 212 1030; x_wconf 86' lang='lat' dir='ltr'>illum</span> <span class='ocrx_word' id='word_1_73' title='bbox 246 995 359 1031; x_wconf 81' lang='lat' dir='ltr'>Urbis</span> <span class='ocrx_word' id='word_1_74' title='bbox 406 995 604 1040; x_wconf 82' lang='lat' dir='ltr'>strepitum</span> <span class='ocrx_word' id='word_1_75' title='bbox 643 995 830 1029; x_wconf 84' lang='lat' dir='ltr'>molestis-</span> 
     </span>
     <span class='ocr_line' id='line_1_15' title="bbox 97 1042 830 1078; baseline -0.003 0"><span class='ocrx_word' id='word_1_76' title='bbox 97 1043 215 1078; x_wconf 76' lang='lat' dir='ltr'>simae</span> <span class='ocrx_word' id='word_1_77' title='bbox 246 1046 336 1077; x_wconf 83' lang='lat' dir='ltr'>sunt</span> <span class='ocrx_word' id='word_1_78' title='bbox 367 1045 405 1077; x_wconf 89' lang='lat' dir='ltr'>et</span> <span class='ocrx_word' id='word_1_79' title='bbox 427 1053 452 1077; x_wconf 88' lang='lat' dir='ltr'>a</span> <span class='ocrx_word' id='word_1_80' title='bbox 475 1042 703 1077; x_wconf 75' lang='lat' dir='ltr'>carminibus</span> <span class='ocrx_word' id='word_1_81' title='bbox 735 1043 830 1076; x_wconf 87' lang='lat' dir='ltr'>scri-</span> 
     </span>
     <span class='ocr_line' id='line_1_16' title="bbox 97 1089 828 1134; baseline -0.001 -10"><span class='ocrx_word' id='word_1_82' title='bbox 97 1089 231 1125; x_wconf 82' lang='lat' dir='ltr'>bendis</span> <span class='ocrx_word' id='word_1_83' title='bbox 243 1100 303 1124; x_wconf 87' lang='lat' dir='ltr'>me</span> <span class='ocrx_word' id='word_1_84' title='bbox 314 1089 532 1124; x_wconf 80' lang='lat' dir='ltr'>deterrent</span> <span class='ocrx_word' id='word_1_85' title='bbox 521 1100 625 1134; x_wconf 78' lang='lat' dir='ltr'>ipsae</span> <span class='ocrx_word' id='word_1_86' title='bbox 638 1089 727 1124; x_wconf 85' lang='lat' dir='ltr'>illae</span> <span class='ocrx_word' id='word_1_87' title='bbox 744 1099 828 1124; x_wconf 90' lang='lat' dir='ltr'>cum</span> 
     </span>
     <span class='ocr_line' id='line_1_17' title="bbox 95 1137 829 1182; baseline -0.003 -10"><span class='ocrx_word' id='word_1_88' title='bbox 95 1138 312 1172; x_wconf 82' lang='lat' dir='ltr'>nostrorum</span> <span class='ocrx_word' id='word_1_89' title='bbox 364 1138 579 1182; x_wconf 62' lang='lat' dir='ltr'>potiturum,</span> <span class='ocrx_word' id='word_1_90' title='bbox 635 1137 829 1171; x_wconf 89' lang='lat' dir='ltr'>hominum</span> 
     </span>
     <span class='ocr_line' id='line_1_18' title="bbox 96 1184 828 1228; baseline 0 -10"><span class='ocrx_word' id='word_1_91' title='bbox 96 1194 209 1228; x_wconf 80' lang='lat' dir='ltr'>saepe</span> <span class='ocrx_word' id='word_1_92' title='bbox 245 1194 448 1227; x_wconf 78' lang='lat' dir='ltr'>vanorum,</span> <span class='ocrx_word' id='word_1_93' title='bbox 488 1184 731 1219; x_wconf 86' lang='lat' dir='ltr'>multitudine</span> <span class='ocrx_word' id='word_1_94' title='bbox 768 1195 828 1218; x_wconf 90' lang='lat' dir='ltr'>ra-</span> 
     </span>
     <span class='ocr_line' id='line_1_19' title="bbox 96 1231 829 1286; baseline 0.003 -22"><span class='ocrx_word' id='word_1_95' title='bbox 96 1231 221 1265; x_wconf 78' lang='lat' dir='ltr'>tiones</span> <span class='ocrx_word' id='word_1_96' title='bbox 269 1234 384 1286; x_wconf 61' lang='lat' dir='ltr'>atque</span> <span class='ocrx_word' id='word_1_97' title='bbox 423 1242 542 1276; x_wconf 81' lang='lat' dir='ltr'>prope</span> <span class='ocrx_word' id='word_1_98' title='bbox 590 1231 829 1266; x_wconf 76' lang='lat' dir='ltr'>inevitabiles</span> 
     </span>
     <span class='ocr_line' id='line_1_20' title="bbox 97 1277 828 1323; baseline 0.001 -11"><span class='ocrx_word' id='word_1_99' title='bbox 97 1277 411 1321; x_wconf 75' lang='lat' dir='ltr'>necessitudines,</span> <span class='ocrx_word' id='word_1_100' title='bbox 418 1289 526 1323; x_wconf 81' lang='lat' dir='ltr'>quae,</span> <span class='ocrx_word' id='word_1_101' title='bbox 533 1278 607 1312; x_wconf 81' lang='lat' dir='ltr'>nisi</span> <span class='ocrx_word' id='word_1_102' title='bbox 615 1279 828 1313; x_wconf 79' lang='lat' dir='ltr'>inurbanus</span> 
     </span>
     <span class='ocr_line' id='line_1_21' title="bbox 97 1326 831 1371; baseline 0 -12"><span class='ocrx_word' id='word_1_103' title='bbox 97 1335 181 1360; x_wconf 86' lang='lat' dir='ltr'>esse</span> <span class='ocrx_word' id='word_1_104' title='bbox 205 1326 311 1368; x_wconf 80' lang='lat' dir='ltr'>volo,</span> <span class='ocrx_word' id='word_1_105' title='bbox 342 1335 401 1359; x_wconf 90' lang='lat' dir='ltr'>me</span> <span class='ocrx_word' id='word_1_106' title='bbox 427 1335 579 1370; x_wconf 86' lang='lat' dir='ltr'>quoque</span> <span class='ocrx_word' id='word_1_107' title='bbox 606 1329 763 1371; x_wconf 86' lang='lat' dir='ltr'>cogunt,</span> <span class='ocrx_word' id='word_1_108' title='bbox 788 1328 831 1359; x_wconf 78' lang='lat' dir='ltr'>ut</span> 
     </span>
     <span class='ocr_line' id='line_1_22' title="bbox 96 1372 830 1416; baseline 0 -10"><span class='ocrx_word' id='word_1_109' title='bbox 96 1372 233 1407; x_wconf 85' lang='lat' dir='ltr'>nimias</span> <span class='ocrx_word' id='word_1_110' title='bbox 258 1374 298 1407; x_wconf 87' lang='lat' dir='ltr'>et</span> <span class='ocrx_word' id='word_1_111' title='bbox 320 1372 436 1407; x_wconf 80' lang='lat' dir='ltr'>falsas</span> <span class='ocrx_word' id='word_1_112' title='bbox 459 1372 582 1416; x_wconf 69' lang='lat' dir='ltr'>poetis</span> <span class='ocrx_word' id='word_1_113' title='bbox 616 1373 729 1407; x_wconf 86' lang='lat' dir='ltr'>etiam</span> <span class='ocrx_word' id='word_1_114' title='bbox 753 1383 830 1406; x_wconf 87' lang='lat' dir='ltr'>me-</span> 
     </span>
     <span class='ocr_line' id='line_1_23' title="bbox 96 1418 830 1463; baseline 0.001 -10"><span class='ocrx_word' id='word_1_115' title='bbox 96 1418 291 1454; x_wconf 81' lang='lat' dir='ltr'>diocribus</span> <span class='ocrx_word' id='word_1_116' title='bbox 337 1418 471 1454; x_wconf 83' lang='lat' dir='ltr'>landes</span> <span class='ocrx_word' id='word_1_117' title='bbox 520 1419 703 1462; x_wconf 79' lang='lat' dir='ltr'>tribuam,</span> <span class='ocrx_word' id='word_1_118' title='bbox 751 1419 830 1463; x_wconf 89' lang='lat' dir='ltr'>ubi,</span> 
     </span>
     <span class='ocr_line' id='line_1_24' title="bbox 96 1465 829 1511; baseline 0.001 -11"><span class='ocrx_word' id='word_1_119' title='bbox 96 1465 192 1500; x_wconf 80' lang='lat' dir='ltr'>dura</span> <span class='ocrx_word' id='word_1_120' title='bbox 231 1466 458 1501; x_wconf 77' lang='lat' dir='ltr'>necessitate</span> <span class='ocrx_word' id='word_1_121' title='bbox 503 1466 596 1500; x_wconf 93' lang='lat' dir='ltr'>mihi</span> <span class='ocrx_word' id='word_1_122' title='bbox 643 1466 829 1511; x_wconf 86' lang='lat' dir='ltr'>imposita,</span> 
     </span>
     <span class='ocr_line' id='line_1_25' title="bbox 94 1510 828 1548; baseline 0.003 -2"><span class='ocrx_word' id='word_1_123' title='bbox 94 1513 254 1548; x_wconf 87' lang='lat' dir='ltr'>insulsis</span> <span class='ocrx_word' id='word_1_124' title='bbox 262 1524 393 1548; x_wconf 87' lang='lat' dir='ltr'>eorum</span> <span class='ocrx_word' id='word_1_125' title='bbox 400 1510 688 1548; x_wconf 80' lang='lat' dir='ltr'>recitatiombus</span> <span class='ocrx_word' id='word_1_126' title='bbox 696 1514 828 1548; x_wconf 81' lang='lat' dir='ltr'>adesse</span> 
     </span>
     <span class='ocr_line' id='line_1_26' title="bbox 95 1559 828 1606; baseline 0.001 -12"><span class='ocrx_word' id='word_1_127' title='bbox 95 1559 228 1595; x_wconf 83' lang='lat' dir='ltr'>debeo.</span> <span class='ocrx_word' id='word_1_128' title='bbox 275 1559 356 1595; x_wconf 86' lang='lat' dir='ltr'>Iam</span> <span class='ocrx_word' id='word_1_129' title='bbox 387 1571 477 1595; x_wconf 79' lang='lat' dir='ltr'>vero</span> <span class='ocrx_word' id='word_1_130' title='bbox 507 1571 587 1595; x_wconf 92' lang='lat' dir='ltr'>mos</span> <span class='ocrx_word' id='word_1_131' title='bbox 625 1561 716 1603; x_wconf 84' lang='lat' dir='ltr'>iste,</span> <span class='ocrx_word' id='word_1_132' title='bbox 754 1572 828 1606; x_wconf 90' lang='lat' dir='ltr'>quo</span> 
     </span>
     <span class='ocr_line' id='line_1_27' title="bbox 94 1608 828 1643; baseline 0.001 -2"><span class='ocrx_word' id='word_1_133' title='bbox 94 1609 247 1642; x_wconf 85' lang='lat' dir='ltr'>nostrae</span> <span class='ocrx_word' id='word_1_134' title='bbox 288 1608 422 1643; x_wconf 77' lang='lat' dir='ltr'>aetatis</span> <span class='ocrx_word' id='word_1_135' title='bbox 456 1608 630 1642; x_wconf 88' lang='lat' dir='ltr'>homines</span> <span class='ocrx_word' id='word_1_136' title='bbox 671 1608 828 1642; x_wconf 86' lang='lat' dir='ltr'>litterati</span> 
     </span>
     <span class='ocr_line' id='line_1_28' title="bbox 93 1653 828 1697; baseline 0.001 -8"><span class='ocrx_word' id='word_1_137' title='bbox 93 1653 205 1689; x_wconf 83' lang='lat' dir='ltr'>modo</span> <span class='ocrx_word' id='word_1_138' title='bbox 242 1665 289 1689; x_wconf 85' lang='lat' dir='ltr'>ex</span> <span class='ocrx_word' id='word_1_139' title='bbox 318 1654 436 1689; x_wconf 86' lang='lat' dir='ltr'>animi</span> <span class='ocrx_word' id='word_1_140' title='bbox 473 1655 681 1697; x_wconf 86' lang='lat' dir='ltr'>sententia,</span> <span class='ocrx_word' id='word_1_141' title='bbox 718 1655 828 1690; x_wconf 87' lang='lat' dir='ltr'>modo</span> 
     </span>
     <span class='ocr_line' id='line_1_29' title="bbox 92 1699 829 1736; baseline 0.001 -1"><span class='ocrx_word' id='word_1_142' title='bbox 92 1699 181 1736; x_wconf 77' lang='lat' dir='ltr'>ficte</span> <span class='ocrx_word' id='word_1_143' title='bbox 216 1704 255 1736; x_wconf 89' lang='lat' dir='ltr'>et</span> <span class='ocrx_word' id='word_1_144' title='bbox 286 1701 462 1736; x_wconf 83' lang='lat' dir='ltr'>simulate</span> <span class='ocrx_word' id='word_1_145' title='bbox 487 1712 527 1736; x_wconf 93' lang='lat' dir='ltr'>se</span> <span class='ocrx_word' id='word_1_146' title='bbox 552 1702 715 1736; x_wconf 82' lang='lat' dir='ltr'>invicem</span> <span class='ocrx_word' id='word_1_147' title='bbox 748 1702 829 1736; x_wconf 80' lang='lat' dir='ltr'>lau-</span> 
     </span>
     <span class='ocr_line' id='line_1_30' title="bbox 94 1747 828 1794; baseline 0.001 -12"><span class='ocrx_word' id='word_1_148' title='bbox 94 1747 206 1791; x_wconf 78' lang='lat' dir='ltr'>dant,</span> <span class='ocrx_word' id='word_1_149' title='bbox 242 1747 420 1784; x_wconf 81' lang='lat' dir='ltr'>admonet</span> <span class='ocrx_word' id='word_1_150' title='bbox 450 1759 509 1782; x_wconf 92' lang='lat' dir='ltr'>me</span> <span class='ocrx_word' id='word_1_151' title='bbox 539 1749 709 1794; x_wconf 88' lang='lat' dir='ltr'>profecto</span> <span class='ocrx_word' id='word_1_152' title='bbox 742 1749 828 1783; x_wconf 89' lang='lat' dir='ltr'>miri</span> 
     </span>
    </p>
   </div>
   <div class='ocr_carea' id='block_1_11' title="bbox 41 1793 826 1841">
    <p class='ocr_par' dir='ltr' id='par_1_11' title="bbox 41 1793 826 1841">
     <span class='ocr_line' id='line_1_31' title="bbox 41 1793 826 1841; baseline 0.001 -12"><span class='ocrx_word' id='word_1_153' title='bbox 41 1816 46 1819; x_wconf 96' lang='lat'>-</span> <span class='ocrx_word' id='word_1_154' title='bbox 94 1793 212 1838; x_wconf 81' lang='lat' dir='ltr'>illius,</span> <span class='ocrx_word' id='word_1_155' title='bbox 236 1796 339 1841; x_wconf 80' lang='lat' dir='ltr'>quod</span> <span class='ocrx_word' id='word_1_156' title='bbox 363 1796 481 1838; x_wconf 91' lang='lat' dir='ltr'>nosti,</span> <span class='ocrx_word' id='word_1_157' title='bbox 504 1795 664 1830; x_wconf 78' lang='lat' dir='ltr'>fratrum</span> <span class='ocrx_word' id='word_1_158' title='bbox 688 1797 804 1841; x_wconf 88' lang='lat' dir='ltr'>paris.</span> <span class='ocrx_word' id='word_1_159' title='bbox 808 1798 826 1815; x_wconf 69' lang='lat'>⁸</span> 
     </span>
    </p>
   </div>
   <div class='ocr_carea' id='block_1_12' title="bbox 10 1807 828 1932">
    <p class='ocr_par' dir='ltr' id='par_1_12' title="bbox 5 1807 828 1932">
     <span class='ocr_line' id='line_1_32' title="bbox 10 1807 828 1888; baseline -0.004 -9"><span class='ocrx_word' id='word_1_160' title='bbox 10 1846 27 1884; x_wconf 66' lang='grc' dir='ltr'>ζῗ</span> <span class='ocrx_word' id='word_1_161' title='bbox 94 1860 143 1866; x_wconf 88' lang='lat'>--</span> <span class='ocrx_word' id='word_1_162' title='bbox 165 1807 328 1886; x_wconf 53' lang='lat' dir='ltr'>Rosiae]</span> <span class='ocrx_word' id='word_1_163' title='bbox 366 1842 472 1886; x_wconf 82' lang='lat' dir='ltr'>„Duo</span> <span class='ocrx_word' id='word_1_164' title='bbox 510 1844 631 1885; x_wconf 88' lang='lat' dir='ltr'>enim,</span> <span class='ocrx_word' id='word_1_165' title='bbox 636 1843 653 1861; x_wconf 74' lang='lat'>¹⁴</span> <span class='ocrx_word' id='word_1_166' title='bbox 691 1844 828 1888; x_wconf 79' lang='lat' dir='ltr'>inquit,</span> 
     </span>
     <span class='ocr_line' id='line_1_33' title="bbox 97 1889 828 1932; baseline 0 -7"><span class='ocrx_word' id='word_1_167' title='bbox 97 1892 228 1931; x_wconf 74' lang='lat' dir='ltr'>„emt</span> <span class='ocrx_word' id='word_1_168' title='bbox 250 1889 392 1924; x_wconf 82' lang='lat' dir='ltr'>Romae</span> <span class='ocrx_word' id='word_1_169' title='bbox 416 1890 565 1932; x_wconf 81' lang='lat' dir='ltr'>fratres,</span> <span class='ocrx_word' id='word_1_170' title='bbox 590 1891 828 1925; x_wconf 87' lang='lat' dir='ltr'>iureconsul-</span> 
     </span>
    </p>
   </div>
   <div class='ocr_carea' id='block_1_13' title="bbox 75 2074 535 2118">
    <p class='ocr_par' dir='ltr' id='par_1_13' title="bbox 75 2074 535 2118">
     <span class='ocr_line' id='line_1_34' title="bbox 75 2074 535 2118; baseline 0.002 -11"><span class='ocrx_word' id='word_1_171' title='bbox 75 2095 78 2097; x_wconf 94' lang='lat'>-</span> <span class='ocrx_word' id='word_1_172' title='bbox 98 2074 279 2109; x_wconf 88' lang='lat' dir='ltr'>continuo</span> <span class='ocrx_word' id='word_1_173' title='bbox 304 2074 535 2118; x_wconf 83' lang='lat' dir='ltr'>dilaudaret3</span> 
     </span>
    </p>
   </div>
   <div class='ocr_carea' id='block_1_14' title="bbox 95 1937 831 2308">
    <p class='ocr_par' dir='ltr' id='par_1_14' title="bbox 95 1937 831 2308">
     <span class='ocr_line' id='line_1_35' title="bbox 95 1937 828 1982; baseline 0.004 -13"><span class='ocrx_word' id='word_1_174' title='bbox 95 1937 158 1969; x_wconf 87' lang='lat' dir='ltr'>tus</span> <span class='ocrx_word' id='word_1_175' title='bbox 183 1946 297 1978; x_wconf 90' lang='lat' dir='ltr'>unns,</span> <span class='ocrx_word' id='word_1_176' title='bbox 321 1937 416 1970; x_wconf 86' lang='lat' dir='ltr'>alter</span> <span class='ocrx_word' id='word_1_177' title='bbox 442 1939 586 1979; x_wconf 86' lang='lat' dir='ltr'>orator,</span> <span class='ocrx_word' id='word_1_178' title='bbox 611 1940 650 1971; x_wconf 84' lang='lat' dir='ltr'>et</span> <span class='ocrx_word' id='word_1_179' title='bbox 674 1937 828 1982; x_wconf 87' lang='lat' dir='ltr'>quidem</span> 
     </span>
     <span class='ocr_line' id='line_1_36' title="bbox 96 1983 828 2028; baseline 0.005 -13"><span class='ocrx_word' id='word_1_180' title='bbox 96 1984 258 2026; x_wconf 85' lang='lat' dir='ltr'>uterque</span> <span class='ocrx_word' id='word_1_181' title='bbox 283 1983 337 2016; x_wconf 85' lang='lat' dir='ltr'>ita</span> <span class='ocrx_word' id='word_1_182' title='bbox 366 1983 569 2024; x_wconf 81' lang='lat' dir='ltr'>animatus,</span> <span class='ocrx_word' id='word_1_183' title='bbox 602 1987 645 2017; x_wconf 91' lang='lat' dir='ltr'>ut</span> <span class='ocrx_word' id='word_1_184' title='bbox 673 1987 828 2028; x_wconf 88' lang='lat' dir='ltr'>propter</span> 
     </span>
     <span class='ocr_line' id='line_1_37' title="bbox 96 2029 828 2064; baseline 0.004 -3"><span class='ocrx_word' id='word_1_185' title='bbox 96 2030 265 2062; x_wconf 84' lang='lat' dir='ltr'>mutuam</span> <span class='ocrx_word' id='word_1_186' title='bbox 301 2029 495 2063; x_wconf 82' lang='lat' dir='ltr'>caritatem</span> <span class='ocrx_word' id='word_1_187' title='bbox 532 2029 627 2063; x_wconf 83' lang='lat' dir='ltr'>alter</span> <span class='ocrx_word' id='word_1_188' title='bbox 668 2031 828 2064; x_wconf 79' lang='lat' dir='ltr'>alterum</span> 
     </span>
     <span class='ocr_line' id='line_1_38' title="bbox 567 2075 829 2111; baseline 0.011 -3"><span class='ocrx_word' id='word_1_189' title='bbox 567 2075 711 2110; x_wconf 86' lang='lat' dir='ltr'>idcirco</span> <span class='ocrx_word' id='word_1_190' title='bbox 737 2077 829 2111; x_wconf 83' lang='lat' dir='ltr'>alte-</span> 
     </span>
     <span class='ocr_line' id='line_1_39' title="bbox 97 2121 831 2166; baseline 0.003 -11"><span class='ocrx_word' id='word_1_191' title='bbox 97 2130 182 2155; x_wconf 86' lang='lat' dir='ltr'>rum</span> <span class='ocrx_word' id='word_1_192' title='bbox 206 2121 248 2155; x_wconf 82' lang='lat' dir='ltr'>C.</span> <span class='ocrx_word' id='word_1_193' title='bbox 272 2121 486 2156; x_wconf 82' lang='lat' dir='ltr'>Gracchum</span> <span class='ocrx_word' id='word_1_194' title='bbox 510 2122 724 2166; x_wconf 83' lang='lat' dir='ltr'>appellabat</span> <span class='ocrx_word' id='word_1_195' title='bbox 749 2134 831 2157; x_wconf 87' lang='lat' dir='ltr'>ora-</span> 
     </span>
     <span class='ocr_line' id='line_1_40' title="bbox 96 2167 830 2213; baseline 0.003 -11"><span class='ocrx_word' id='word_1_196' title='bbox 96 2170 218 2202; x_wconf 80' lang='lat' dir='ltr'>torem</span> <span class='ocrx_word' id='word_1_197' title='bbox 247 2167 345 2202; x_wconf 88' lang='lat' dir='ltr'>iuris</span> <span class='ocrx_word' id='word_1_198' title='bbox 370 2169 537 2213; x_wconf 87' lang='lat' dir='ltr'>peritus,</span> <span class='ocrx_word' id='word_1_199' title='bbox 568 2169 671 2203; x_wconf 89' lang='lat' dir='ltr'>hunc</span> <span class='ocrx_word' id='word_1_200' title='bbox 705 2173 830 2204; x_wconf 84' lang='lat' dir='ltr'>orator</span> 
     </span>
     <span class='ocr_line' id='line_1_41' title="bbox 96 2214 830 2259; baseline 0.004 -11"><span class='ocrx_word' id='word_1_201' title='bbox 96 2214 257 2249; x_wconf 84' lang='lat' dir='ltr'>alterum</span> <span class='ocrx_word' id='word_1_202' title='bbox 303 2214 347 2255; x_wconf 88' lang='lat' dir='ltr'>Q.</span> <span class='ocrx_word' id='word_1_203' title='bbox 386 2215 552 2250; x_wconf 81' lang='lat' dir='ltr'>Mucium</span> <span class='ocrx_word' id='word_1_204' title='bbox 601 2215 830 2259; x_wconf 75' lang='lat' dir='ltr'>Scaevolam,</span> 
     </span>
     <span class='ocr_line' id='line_1_42' title="bbox 96 2262 829 2308; baseline 0.004 -13"><span class='ocrx_word' id='word_1_205' title='bbox 96 2264 201 2306; x_wconf 85' lang='lat' dir='ltr'>pont.</span> <span class='ocrx_word' id='word_1_206' title='bbox 234 2272 328 2297; x_wconf 82' lang='lat' dir='ltr'>max.</span> <span class='ocrx_word' id='word_1_207' title='bbox 368 2262 505 2297; x_wconf 79' lang='lat' dir='ltr'>Nonne</span> <span class='ocrx_word' id='word_1_208' title='bbox 546 2262 676 2297; x_wconf 85' lang='lat' dir='ltr'>eodem</span> <span class='ocrx_word' id='word_1_209' title='bbox 711 2275 829 2308; x_wconf 89' lang='lat' dir='ltr'>prope</span> 
     </span>
    </p>
   </div>
   <div class='ocr_carea' id='block_1_15' title="bbox 42 2309 830 2351">
    <p class='ocr_par' dir='ltr' id='par_1_15' title="bbox 42 2309 830 2351">
     <span class='ocr_line' id='line_1_43' title="bbox 42 2309 830 2351; baseline 0.003 -9"><span class='ocrx_word' id='word_1_210' title='bbox 42 2350 45 2351; x_wconf 19' lang='lat'><em>⁷</em></span> <span class='ocrx_word' id='word_1_211' title='bbox 96 2309 228 2344; x_wconf 87' lang='lat' dir='ltr'>furore</span> <span class='ocrx_word' id='word_1_212' title='bbox 254 2319 294 2343; x_wconf 89' lang='lat' dir='ltr'>se</span> <span class='ocrx_word' id='word_1_213' title='bbox 318 2309 481 2343; x_wconf 80' lang='lat' dir='ltr'>invicem</span> <span class='ocrx_word' id='word_1_214' title='bbox 505 2309 618 2344; x_wconf 85' lang='lat' dir='ltr'>nimis</span> <span class='ocrx_word' id='word_1_215' title='bbox 649 2310 830 2345; x_wconf 81' lang='lat' dir='ltr'>laudandi</span> 
     </span>
    </p>
   </div>
   <div class='ocr_carea' id='block_1_16' title="bbox 97 2356 831 2446">
    <p class='ocr_par' dir='ltr' id='par_1_16' title="bbox 97 2356 831 2446">
     <span class='ocr_line' id='line_1_44' title="bbox 97 2356 831 2402; baseline 0.001 -12"><span class='ocrx_word' id='word_1_216' title='bbox 97 2356 269 2400; x_wconf 84' lang='lat' dir='ltr'>percussi</span> <span class='ocrx_word' id='word_1_217' title='bbox 306 2358 395 2390; x_wconf 89' lang='lat' dir='ltr'>sunt</span> <span class='ocrx_word' id='word_1_218' title='bbox 432 2356 543 2390; x_wconf 88' lang='lat' dir='ltr'>etiam</span> <span class='ocrx_word' id='word_1_219' title='bbox 583 2357 704 2391; x_wconf 83' lang='lat' dir='ltr'>nostri</span> <span class='ocrx_word' id='word_1_220' title='bbox 741 2369 831 2402; x_wconf 90' lang='lat' dir='ltr'>poe-</span> 
     </span>
     <span class='ocr_line' id='line_1_45' title="bbox 97 2402 828 2446; baseline 0.004 -10"><span class='ocrx_word' id='word_1_221' title='bbox 97 2403 205 2436; x_wconf 74' lang='lat' dir='ltr'>tae?“</span> <span class='ocrx_word' id='word_1_222' title='bbox 243 2422 290 2427; x_wconf 83' lang='lat'>—-</span> <span class='ocrx_word' id='word_1_223' title='bbox 327 2402 505 2446; x_wconf 75' lang='lat' dir='ltr'>consulti]</span> <span class='ocrx_word' id='word_1_224' title='bbox 541 2403 628 2437; x_wconf 77' lang='lat' dir='ltr'>vid.</span> <span class='ocrx_word' id='word_1_225' title='bbox 669 2404 716 2439; x_wconf 88' lang='lat' dir='ltr'>ad</span> <span class='ocrx_word' id='word_1_226' title='bbox 753 2404 828 2439; x_wconf 84' lang='lat' dir='ltr'>Sat.</span> 
     </span>
    </p>
   </div>
   <div class='ocr_carea' id='block_1_17' title="bbox 31 2451 830 2494">
    <p class='ocr_par' dir='ltr' id='par_1_17' title="bbox 31 2451 830 2494">
     <span class='ocr_line' id='line_1_46' title="bbox 31 2451 830 2494; baseline 0.005 -12"><span class='ocrx_word' id='word_1_227' title='bbox 31 2464 42 2472; x_wconf 54' lang='grc' dir='ltr'>ι</span> <span class='ocrx_word' id='word_1_228' title='bbox 100 2451 138 2491; x_wconf 93' lang='grc'>1,</span> <span class='ocrx_word' id='word_1_229' title='bbox 164 2451 203 2493; x_wconf 93' lang='grc'>1,</span> <span class='ocrx_word' id='word_1_230' title='bbox 230 2451 286 2483; x_wconf 85' lang='grc'>17.</span> <span class='ocrx_word' id='word_1_231' title='bbox 313 2469 356 2473; x_wconf 93' lang='grc'><strong>-</strong></span> <span class='ocrx_word' id='word_1_232' title='bbox 381 2459 499 2484; x_wconf 75' lang='lat' dir='ltr'>meros</span> <span class='ocrx_word' id='word_1_233' title='bbox 523 2451 689 2494; x_wconf 78' lang='lat' dir='ltr'>honores]</span> <span class='ocrx_word' id='word_1_234' title='bbox 715 2453 830 2486; x_wconf 66' lang='lat' dir='ltr'>nieme</span> 
     </span>
    </p>
   </div>
   <div class='ocr_carea' id='block_1_18' title="bbox 96 2497 829 2777">
    <p class='ocr_par' dir='ltr' id='par_1_18' title="bbox 96 2497 829 2777">
     <span class='ocr_line' id='line_1_47' title="bbox 97 2497 829 2540; baseline 0.003 -11"><span class='ocrx_word' id='word_1_235' title='bbox 97 2497 156 2529; x_wconf 75' lang='lat' dir='ltr'>als</span> <span class='ocrx_word' id='word_1_236' title='bbox 216 2497 607 2540; x_wconf 70' lang='lat' dir='ltr'>Bhrenbezeuaunaen‚</span> <span class='ocrx_word' id='word_1_237' title='bbox 674 2499 829 2540; x_wconf 71' lang='lat' dir='ltr'>compli-</span> 
     </span>
     <span class='ocr_line' id='line_1_48' title="bbox 96 2544 829 2589; baseline 0.005 -13"><span class='ocrx_word' id='word_1_238' title='bbox 96 2545 234 2587; x_wconf 48' lang='lat' dir='ltr'>mentm</span> <span class='ocrx_word' id='word_1_239' title='bbox 290 2544 403 2588; x_wconf 90' lang='lat' dir='ltr'>plane</span> <span class='ocrx_word' id='word_1_240' title='bbox 452 2547 495 2578; x_wconf 88' lang='lat' dir='ltr'>ut</span> <span class='ocrx_word' id='word_1_241' title='bbox 542 2545 642 2589; x_wconf 88' lang='lat' dir='ltr'>apud</span> <span class='ocrx_word' id='word_1_242' title='bbox 691 2545 829 2580; x_wconf 80' lang='lat' dir='ltr'>Catull.</span> 
     </span>
     <span class='ocr_line' id='line_1_49' title="bbox 100 2591 829 2634; baseline 0.005 -12"><span class='ocrx_word' id='word_1_243' title='bbox 100 2591 165 2632; x_wconf 84' lang='grc'>13,</span> <span class='ocrx_word' id='word_1_244' title='bbox 188 2592 230 2624; x_wconf 85' lang='lat'>9:</span> <span class='ocrx_word' id='word_1_245' title='bbox 264 2592 336 2626; x_wconf 79' lang='lat' dir='ltr'>Sed</span> <span class='ocrx_word' id='word_1_246' title='bbox 367 2594 494 2625; x_wconf 77' lang='lat' dir='ltr'>comm</span> <span class='ocrx_word' id='word_1_247' title='bbox 523 2594 678 2634; x_wconf 69' lang='lat' dir='ltr'>accipies</span> <span class='ocrx_word' id='word_1_248' title='bbox 710 2601 829 2626; x_wconf 76' lang='lat' dir='ltr'>meros</span> 
     </span>
     <span class='ocr_line' id='line_1_50' title="bbox 99 2638 828 2683; baseline 0.007 -15"><span class='ocrx_word' id='word_1_249' title='bbox 99 2643 249 2671; x_wconf 67' lang='lat' dir='ltr'>amores.</span> <span class='ocrx_word' id='word_1_250' title='bbox 298 2638 374 2672; x_wconf 67' lang='lat' dir='ltr'>Cir.</span> <span class='ocrx_word' id='word_1_251' title='bbox 411 2638 505 2683; x_wconf 86' lang='lat' dir='ltr'>Epp.</span> <span class='ocrx_word' id='word_1_252' title='bbox 544 2642 584 2681; x_wconf 90' lang='lat'>1,</span> <span class='ocrx_word' id='word_1_253' title='bbox 622 2641 662 2681; x_wconf 80' lang='grc'>’1,</span> <span class='ocrx_word' id='word_1_254' title='bbox 700 2641 757 2673; x_wconf 78' lang='grc'><strong>84.</strong></span> <span class='ocrx_word' id='word_1_255' title='bbox 784 2659 828 2663; x_wconf 95' lang='grc'><strong>-</strong></span> 
     </span>
     <span class='ocr_line' id='line_1_51' title="bbox 101 2682 829 2727; baseline 0.007 -12"><span class='ocrx_word' id='word_1_256' title='bbox 101 2682 306 2727; x_wconf 61' lang='lat' dir='ltr'>Gracchus]</span> <span class='ocrx_word' id='word_1_257' title='bbox 344 2685 437 2719; x_wconf 84' lang='lat' dir='ltr'>Cum</span> <span class='ocrx_word' id='word_1_258' title='bbox 470 2684 605 2720; x_wconf 88' lang='lat' dir='ltr'>Cicero</span> <span class='ocrx_word' id='word_1_259' title='bbox 637 2686 744 2720; x_wconf 86' lang='lat' dir='ltr'>Brut.</span> <span class='ocrx_word' id='word_1_260' title='bbox 771 2688 829 2721; x_wconf 86' lang='lat'>33.</span> 
     </span>
     <span class='ocr_line' id='line_1_52' title="bbox 100 2727 828 2777; baseline 0.01 -16"><span class='ocrx_word' id='word_1_261' title='bbox 100 2727 233 2763; x_wconf 75' lang='lat' dir='ltr'>Gaium</span> <span class='ocrx_word' id='word_1_262' title='bbox 266 2735 451 2766; x_wconf 88' lang='lat' dir='ltr'>oratorem</span> <span class='ocrx_word' id='word_1_263' title='bbox 483 2732 601 2767; x_wconf 85' lang='lat' dir='ltr'>fuisse</span> <span class='ocrx_word' id='word_1_264' title='bbox 634 2736 828 2777; x_wconf 85' lang='lat' dir='ltr'>praestan-</span> 
     </span>
    </p>
   </div>
   <div class='ocr_carea' id='block_1_19' title="bbox 170 2799 662 2829">
    <p class='ocr_par' dir='ltr' id='par_1_19' title="bbox 170 2799 662 2829">
     <span class='ocr_line' id='line_1_53' title="bbox 170 2799 662 2829; baseline 0.008 -5"><span class='ocrx_word' id='word_1_265' title='bbox 170 2799 270 2825; x_wconf 71' lang='lat' dir='ltr'>Eorat.</span> <span class='ocrx_word' id='word_1_266' title='bbox 287 2801 352 2826; x_wconf 78' lang='lat' dir='ltr'>Vol.</span> <span class='ocrx_word' id='word_1_267' title='bbox 369 2801 410 2827; x_wconf 85' lang='lat'>11.</span> <span class='ocrx_word' id='word_1_268' title='bbox 445 2802 498 2827; x_wconf 76' lang='lat' dir='ltr'>Ed.</span> <span class='ocrx_word' id='word_1_269' title='bbox 515 2803 609 2828; x_wconf 84' lang='lat' dir='ltr'>minor</span> <span class='ocrx_word' id='word_1_270' title='bbox 627 2803 662 2829; x_wconf 76' lang='lat' dir='ltr'>V.</span> 
     </span>
    </p>
   </div>
   <div class='ocr_carea' id='block_1_20' title="bbox 874 945 1616 2781">
    <p class='ocr_par' dir='ltr' id='par_1_20' title="bbox 874 945 1616 2026">
     <span class='ocr_line' id='line_1_54' title="bbox 876 945 1613 991; baseline -0.004 -9"><span class='ocrx_word' id='word_1_271' title='bbox 876 947 1010 982; x_wconf 86' lang='lat' dir='ltr'>tiorem</span> <span class='ocrx_word' id='word_1_272' title='bbox 1058 950 1211 990; x_wconf 76' lang='lat' dir='ltr'>censeat</span> <span class='ocrx_word' id='word_1_273' title='bbox 1250 956 1364 991; x_wconf 84' lang='lat' dir='ltr'>quam</span> <span class='ocrx_word' id='word_1_274' title='bbox 1406 945 1613 988; x_wconf 69' lang='lat' dir='ltr'>Tiberium,</span> 
     </span>
     <span class='ocr_line' id='line_1_55' title="bbox 876 993 1613 1039; baseline -0.001 -11"><span class='ocrx_word' id='word_1_275' title='bbox 876 994 941 1028; x_wconf 90' lang='lat' dir='ltr'>ille</span> <span class='ocrx_word' id='word_1_276' title='bbox 966 996 1010 1028; x_wconf 87' lang='lat' dir='ltr'>ut</span> <span class='ocrx_word' id='word_1_277' title='bbox 1032 994 1158 1039; x_wconf 84' lang='lat' dir='ltr'>potius</span> <span class='ocrx_word' id='word_1_278' title='bbox 1190 993 1426 1039; x_wconf 78' lang='lat' dir='ltr'>intelligatur</span> <span class='ocrx_word' id='word_1_279' title='bbox 1453 1002 1613 1028; x_wconf 85' lang='lat' dir='ltr'>consen-</span> 
     </span>
     <span class='ocr_line' id='line_1_56' title="bbox 876 1039 1614 1084; baseline -0.003 -8"><span class='ocrx_word' id='word_1_280' title='bbox 876 1045 1029 1076; x_wconf 86' lang='lat' dir='ltr'>taneum</span> <span class='ocrx_word' id='word_1_281' title='bbox 1062 1044 1137 1084; x_wconf 78' lang='lat' dir='ltr'>est3</span> <span class='ocrx_word' id='word_1_282' title='bbox 1172 1041 1227 1076; x_wconf 89' lang='lat' dir='ltr'>sic</span> <span class='ocrx_word' id='word_1_283' title='bbox 1258 1041 1370 1075; x_wconf 84' lang='lat' dir='ltr'>etiam</span> <span class='ocrx_word' id='word_1_284' title='bbox 1395 1040 1440 1081; x_wconf 86' lang='lat' dir='ltr'>Q.</span> <span class='ocrx_word' id='word_1_285' title='bbox 1464 1039 1614 1075; x_wconf 68' lang='lat' dir='ltr'>Mucius</span> 
     </span>
     <span class='ocr_line' id='line_1_57' title="bbox 875 1087 1614 1133; baseline 0 -11"><span class='ocrx_word' id='word_1_286' title='bbox 875 1088 918 1123; x_wconf 88' lang='lat' dir='ltr'>P.</span> <span class='ocrx_word' id='word_1_287' title='bbox 942 1087 991 1122; x_wconf 77' lang='lat' dir='ltr'>M.</span> <span class='ocrx_word' id='word_1_288' title='bbox 1023 1089 1173 1123; x_wconf 74' lang='lat' dir='ltr'>videtur</span> <span class='ocrx_word' id='word_1_289' title='bbox 1207 1088 1303 1122; x_wconf 89' lang='lat' dir='ltr'>iuris</span> <span class='ocrx_word' id='word_1_290' title='bbox 1335 1087 1474 1133; x_wconf 87' lang='lat' dir='ltr'>peritia</span> <span class='ocrx_word' id='word_1_291' title='bbox 1506 1089 1614 1122; x_wconf 86' lang='lat' dir='ltr'>ante-</span> 
     </span>
     <span class='ocr_line' id='line_1_58' title="bbox 877 1134 1614 1175; baseline -0.004 -4"><span class='ocrx_word' id='word_1_292' title='bbox 877 1136 1038 1171; x_wconf 82' lang='lat' dir='ltr'>cessisse</span> <span class='ocrx_word' id='word_1_293' title='bbox 1071 1139 1108 1170; x_wconf 90' lang='lat' dir='ltr'>et</span> <span class='ocrx_word' id='word_1_294' title='bbox 1132 1135 1174 1169; x_wconf 91' lang='lat' dir='ltr'>P.</span> <span class='ocrx_word' id='word_1_295' title='bbox 1198 1134 1366 1170; x_wconf 75' lang='lat' dir='ltr'>Mucium</span> <span class='ocrx_word' id='word_1_296' title='bbox 1401 1137 1439 1169; x_wconf 90' lang='lat' dir='ltr'>et</span> <span class='ocrx_word' id='word_1_297' title='bbox 1462 1134 1505 1175; x_wconf 77' lang='lat' dir='ltr'>Q.</span> <span class='ocrx_word' id='word_1_298' title='bbox 1529 1134 1614 1169; x_wconf 76' lang='lat' dir='ltr'>Mu-</span> 
     </span>
     <span class='ocr_line' id='line_1_59' title="bbox 878 1181 1614 1229; baseline -0.001 -12"><span class='ocrx_word' id='word_1_299' title='bbox 878 1183 979 1217; x_wconf 89' lang='lat' dir='ltr'>cium</span> <span class='ocrx_word' id='word_1_300' title='bbox 997 1194 1180 1229; x_wconf 87' lang='lat' dir='ltr'>augurem</span> <span class='ocrx_word' id='word_1_301' title='bbox 1198 1182 1287 1225; x_wconf 78' lang='lat' dir='ltr'>(vid.</span> <span class='ocrx_word' id='word_1_302' title='bbox 1306 1181 1497 1217; x_wconf 80' lang='lat' dir='ltr'>Onomast.</span> <span class='ocrx_word' id='word_1_303' title='bbox 1511 1181 1614 1216; x_wconf 79' lang='lat' dir='ltr'>Tull.</span> 
     </span>
     <span class='ocr_line' id='line_1_60' title="bbox 878 1230 1613 1274; baseline 0 -11"><span class='ocrx_word' id='word_1_304' title='bbox 878 1241 908 1264; x_wconf 93' lang='lat' dir='ltr'>s.</span> <span class='ocrx_word' id='word_1_305' title='bbox 932 1230 970 1264; x_wconf 90' lang='lat' dir='ltr'>h.</span> <span class='ocrx_word' id='word_1_306' title='bbox 995 1231 1063 1273; x_wconf 82' lang='lat' dir='ltr'>v.:)</span> <span class='ocrx_word' id='word_1_307' title='bbox 1102 1230 1178 1264; x_wconf 88' lang='lat' dir='ltr'>nisi</span> <span class='ocrx_word' id='word_1_308' title='bbox 1211 1241 1300 1264; x_wconf 81' lang='lat' dir='ltr'>vero</span> <span class='ocrx_word' id='word_1_309' title='bbox 1326 1231 1495 1274; x_wconf 80' lang='lat' dir='ltr'>praestat</span> <span class='ocrx_word' id='word_1_310' title='bbox 1528 1240 1613 1263; x_wconf 85' lang='lat' dir='ltr'>enm</span> 
     </span>
     <span class='ocr_line' id='line_1_61' title="bbox 877 1277 1615 1323; baseline 0 -12"><span class='ocrx_word' id='word_1_311' title='bbox 877 1277 1173 1323; x_wconf 85' lang='lat' dir='ltr'>Dillenburgero</span> <span class='ocrx_word' id='word_1_312' title='bbox 1204 1279 1320 1311; x_wconf 86' lang='lat' dir='ltr'>totam</span> <span class='ocrx_word' id='word_1_313' title='bbox 1351 1277 1615 1321; x_wconf 87' lang='lat' dir='ltr'>quaestionem</span> 
     </span>
     <span class='ocr_line' id='line_1_62' title="bbox 879 1322 1616 1367; baseline -0.001 -9"><span class='ocrx_word' id='word_1_314' title='bbox 879 1325 1071 1367; x_wconf 86' lang='lat' dir='ltr'>omittere,</span> <span class='ocrx_word' id='word_1_315' title='bbox 1104 1325 1158 1358; x_wconf 84' lang='lat' dir='ltr'>ita</span> <span class='ocrx_word' id='word_1_316' title='bbox 1190 1327 1233 1357; x_wconf 88' lang='lat' dir='ltr'>ut</span> <span class='ocrx_word' id='word_1_317' title='bbox 1265 1323 1322 1357; x_wconf 76' lang='lat' dir='ltr'>Ti.</span> <span class='ocrx_word' id='word_1_318' title='bbox 1348 1324 1408 1358; x_wconf 81' lang='lat' dir='ltr'>vel</span> <span class='ocrx_word' id='word_1_319' title='bbox 1434 1322 1473 1357; x_wconf 82' lang='lat' dir='ltr'>C.</span> <span class='ocrx_word' id='word_1_320' title='bbox 1500 1322 1616 1358; x_wconf 77' lang='lat' dir='ltr'>Grac-</span> 
     </span>
     <span class='ocr_line' id='line_1_63' title="bbox 879 1370 1615 1416; baseline 0 -11"><span class='ocrx_word' id='word_1_321' title='bbox 879 1372 973 1405; x_wconf 86' lang='lat' dir='ltr'>chus</span> <span class='ocrx_word' id='word_1_322' title='bbox 998 1372 1158 1416; x_wconf 78' lang='grc' dir='ltr'>γενικῶς</span> <span class='ocrx_word' id='word_1_323' title='bbox 1180 1381 1249 1416; x_wconf 88' lang='lat' dir='ltr'>pro</span> <span class='ocrx_word' id='word_1_324' title='bbox 1281 1370 1424 1405; x_wconf 85' lang='lat' dir='ltr'>illustri</span> <span class='ocrx_word' id='word_1_325' title='bbox 1453 1373 1615 1414; x_wconf 83' lang='lat' dir='ltr'>oratore,</span> 
     </span>
     <span class='ocr_line' id='line_1_64' title="bbox 878 1417 1594 1464; baseline -0.001 -12"><span class='ocrx_word' id='word_1_326' title='bbox 878 1418 1027 1463; x_wconf 74' lang='lat' dir='ltr'>Mucius</span> <span class='ocrx_word' id='word_1_327' title='bbox 1059 1429 1128 1464; x_wconf 92' lang='lat' dir='ltr'>pro</span> <span class='ocrx_word' id='word_1_328' title='bbox 1163 1418 1392 1463; x_wconf 88' lang='lat' dir='ltr'>peritissimo</span> <span class='ocrx_word' id='word_1_329' title='bbox 1424 1417 1513 1452; x_wconf 69' lang='lat' dir='ltr'>Icto</span> <span class='ocrx_word' id='word_1_330' title='bbox 1545 1429 1594 1463; x_wconf 89' lang='lat' dir='ltr'>po</span> 
     </span>
     <span class='ocr_line' id='line_1_65' title="bbox 879 1464 1615 1508; baseline -0.001 -8"><span class='ocrx_word' id='word_1_331' title='bbox 879 1469 1002 1500; x_wconf 78' lang='lat' dir='ltr'>natur.</span> <span class='ocrx_word' id='word_1_332' title='bbox 1037 1484 1081 1490; x_wconf 90' lang='lat'>—</span> <span class='ocrx_word' id='word_1_333' title='bbox 1117 1465 1191 1508; x_wconf 72' lang='lat' dir='ltr'>Qui</span> <span class='ocrx_word' id='word_1_334' title='bbox 1228 1466 1371 1508; x_wconf 72' lang='lat' dir='ltr'>minus]</span> <span class='ocrx_word' id='word_1_335' title='bbox 1411 1464 1519 1508; x_wconf 80' lang='lat' dir='ltr'>„Qua</span> <span class='ocrx_word' id='word_1_336' title='bbox 1555 1475 1615 1499; x_wconf 54' lang='lat' dir='ltr'>ran</span> 
     </span>
     <span class='ocr_line' id='line_1_66' title="bbox 879 1511 1614 1557; baseline -0.001 -10"><span class='ocrx_word' id='word_1_337' title='bbox 879 1512 983 1547; x_wconf 83' lang='lat' dir='ltr'>tione</span> <span class='ocrx_word' id='word_1_338' title='bbox 1009 1524 1037 1547; x_wconf 90' lang='lat' dir='ltr'>s.</span> <span class='ocrx_word' id='word_1_339' title='bbox 1064 1513 1253 1557; x_wconf 84' lang='lat' dir='ltr'>quomodo</span> <span class='ocrx_word' id='word_1_340' title='bbox 1278 1512 1455 1547; x_wconf 54' lang='grc' dir='ltr'>ιιιὶιιιιεςὶἱ·ι</span> <span class='ocrx_word' id='word_1_341' title='bbox 1488 1511 1614 1546; x_wconf 84' lang='lat' dir='ltr'>Plaut.</span> 
     </span>
     <span class='ocr_line' id='line_1_67' title="bbox 876 1559 1614 1605; baseline -0.001 -12"><span class='ocrx_word' id='word_1_342' title='bbox 876 1559 1063 1605; x_wconf 77' lang='lat' dir='ltr'>Amphitr.</span> <span class='ocrx_word' id='word_1_343' title='bbox 1079 1560 1180 1594; x_wconf 90' lang='lat' dir='ltr'>Prol.</span> <span class='ocrx_word' id='word_1_344' title='bbox 1198 1562 1263 1594; x_wconf 82' lang='lat'>76:</span> <span class='ocrx_word' id='word_1_345' title='bbox 1298 1559 1372 1602; x_wconf 71' lang='lat' dir='ltr'>Qut*</span> <span class='ocrx_word' id='word_1_346' title='bbox 1394 1561 1515 1593; x_wconf 72' lang='lat' dir='ltr'>minus</span> <span class='ocrx_word' id='word_1_347' title='bbox 1538 1561 1614 1593; x_wconf 66' lang='lat' dir='ltr'>Ea-</span> 
     </span>
     <span class='ocr_line' id='line_1_68' title="bbox 877 1608 1614 1650; baseline 0 -10"><span class='ocrx_word' id='word_1_348' title='bbox 877 1608 959 1640; x_wconf 80' lang='lat' dir='ltr'>dem</span> <span class='ocrx_word' id='word_1_349' title='bbox 985 1609 1152 1641; x_wconf 68' lang='lat' dir='ltr'>histrioni</span> <span class='ocrx_word' id='word_1_350' title='bbox 1174 1609 1221 1640; x_wconf 69' lang='lat' dir='ltr'>sit</span> <span class='ocrx_word' id='word_1_351' title='bbox 1248 1608 1327 1650; x_wconf 75' lang='lat' dir='ltr'>lex,</span> <span class='ocrx_word' id='word_1_352' title='bbox 1353 1615 1449 1648; x_wconf 79' lang='lat' dir='ltr'>quae</span> <span class='ocrx_word' id='word_1_353' title='bbox 1472 1615 1614 1640; x_wconf 65' lang='lat' dir='ltr'>nmmo</span> 
     </span>
     <span class='ocr_line' id='line_1_69' title="bbox 876 1653 1615 1699; baseline 0.001 -13"><span class='ocrx_word' id='word_1_354' title='bbox 876 1655 985 1687; x_wconf 76' lang='lat' dir='ltr'>viro?</span> <span class='ocrx_word' id='word_1_355' title='bbox 1022 1654 1099 1688; x_wconf 88' lang='lat' dir='ltr'>Cic.</span> <span class='ocrx_word' id='word_1_356' title='bbox 1124 1665 1193 1699; x_wconf 91' lang='lat' dir='ltr'>pro</span> <span class='ocrx_word' id='word_1_357' title='bbox 1220 1653 1321 1688; x_wconf 86' lang='lat' dir='ltr'>Cael.</span> <span class='ocrx_word' id='word_1_358' title='bbox 1347 1655 1412 1696; x_wconf 82' lang='lat'>27,</span> <span class='ocrx_word' id='word_1_359' title='bbox 1439 1655 1503 1687; x_wconf 84' lang='lat'>63:</span> <span class='ocrx_word' id='word_1_360' title='bbox 1542 1654 1615 1696; x_wconf 73' lang='lat' dir='ltr'>Qui</span> 
     </span>
     <span class='ocr_line' id='line_1_70' title="bbox 877 1702 1615 1743; baseline 0.001 -10"><span class='ocrx_word' id='word_1_361' title='bbox 877 1702 997 1735; x_wconf 72' lang='lat' dir='ltr'>minus</span> <span class='ocrx_word' id='word_1_362' title='bbox 1035 1703 1130 1735; x_wconf 78' lang='lat' dir='ltr'>enim</span> <span class='ocrx_word' id='word_1_363' title='bbox 1163 1702 1324 1735; x_wconf 73' lang='lat' dir='ltr'>Licinius</span> <span class='ocrx_word' id='word_1_364' title='bbox 1361 1702 1615 1743; x_wconf 74' lang='lat' dir='ltr'>comprehendi</span> 
     </span>
     <span class='ocr_line' id='line_1_71' title="bbox 874 1748 1613 1791; baseline 0.001 -10"><span class='ocrx_word' id='word_1_365' title='bbox 874 1750 1068 1790; x_wconf 53' lang='lat' dir='ltr'>potuita?</span> <span class='ocrx_word' id='word_1_366' title='bbox 1117 1748 1193 1782; x_wconf 82' lang='lat' dir='ltr'>Cfr.</span> <span class='ocrx_word' id='word_1_367' title='bbox 1221 1748 1295 1783; x_wconf 86' lang='lat' dir='ltr'>Sat.</span> <span class='ocrx_word' id='word_1_368' title='bbox 1321 1750 1363 1791; x_wconf 81' lang='lat'>2,</span> <span class='ocrx_word' id='word_1_369' title='bbox 1396 1750 1438 1790; x_wconf 85' lang='lat'>3,</span> <span class='ocrx_word' id='word_1_370' title='bbox 1471 1750 1552 1782; x_wconf 85' lang='lat'>311.</span> <span class='ocrx_word' id='word_1_371' title='bbox 1578 1749 1613 1790; x_wconf 84' lang='lat'>2,</span> 
     </span>
     <span class='ocr_line' id='line_1_72' title="bbox 878 1795 1616 1839; baseline 0 -10"><span class='ocrx_word' id='word_1_372' title='bbox 878 1797 917 1837; x_wconf 86' lang='grc'>7,</span> <span class='ocrx_word' id='word_1_373' title='bbox 942 1797 999 1830; x_wconf 88' lang='grc'>96.</span> <span class='ocrx_word' id='word_1_374' title='bbox 1026 1815 1070 1820; x_wconf 89' lang='grc'><strong>-</strong></span> <span class='ocrx_word' id='word_1_375' title='bbox 1096 1796 1270 1839; x_wconf 70' lang='lat' dir='ltr'>arqulos]</span> <span class='ocrx_word' id='word_1_376' title='bbox 1309 1795 1534 1839; x_wconf 75' lang='lat' dir='ltr'>„canoros‚⁸</span> <span class='ocrx_word' id='word_1_377' title='bbox 1572 1798 1616 1830; x_wconf 82' lang='lat' dir='ltr'>ut</span> 
     </span>
     <span class='ocr_line' id='line_1_73' title="bbox 876 1840 1614 1889; baseline 0 -14"><span class='ocrx_word' id='word_1_378' title='bbox 876 1841 1007 1877; x_wconf 78' lang='lat' dir='ltr'>Musae</span> <span class='ocrx_word' id='word_1_379' title='bbox 1025 1843 1130 1887; x_wconf 88' lang='lat' dir='ltr'>ipsae</span> <span class='ocrx_word' id='word_1_380' title='bbox 1147 1842 1196 1876; x_wconf 84' lang='grc' dir='ltr'>δι’</span> <span class='ocrx_word' id='word_1_381' title='bbox 1212 1841 1314 1889; x_wconf 79' lang='grc' dir='ltr'><strong><em>ᾠδῆς</em></strong></span> <span class='ocrx_word' id='word_1_382' title='bbox 1337 1840 1439 1885; x_wconf 78' lang='grc' dir='ltr'><em>εἶδος</em></span> <span class='ocrx_word' id='word_1_383' title='bbox 1463 1841 1614 1887; x_wconf 75' lang='grc' dir='ltr'>λίγειαι.</span> 
     </span>
     <span class='ocr_line' id='line_1_74' title="bbox 875 1889 1614 1935; baseline 0 -12"><span class='ocrx_word' id='word_1_384' title='bbox 875 1889 972 1924; x_wconf 87' lang='lat' dir='ltr'>Plat.</span> <span class='ocrx_word' id='word_1_385' title='bbox 996 1890 1157 1925; x_wconf 85' lang='lat' dir='ltr'>Phaedr.</span> <span class='ocrx_word' id='word_1_386' title='bbox 1189 1902 1226 1935; x_wconf 90' lang='lat' dir='ltr'>p.</span> <span class='ocrx_word' id='word_1_387' title='bbox 1260 1892 1341 1924; x_wconf 82' lang='grc'><strong>237.</strong></span> <span class='ocrx_word' id='word_1_388' title='bbox 1365 1890 1409 1924; x_wconf 81' lang='lat' dir='ltr'>A..</span> <span class='ocrx_word' id='word_1_389' title='bbox 1437 1889 1513 1924; x_wconf 78' lang='lat' dir='ltr'>Ofr.</span> <span class='ocrx_word' id='word_1_390' title='bbox 1543 1889 1614 1924; x_wconf 85' lang='lat' dir='ltr'>Od.</span> 
     </span>
     <span class='ocr_line' id='line_1_75' title="bbox 876 1938 1614 1979; baseline 0.001 -9"><span class='ocrx_word' id='word_1_391' title='bbox 876 1939 919 1978; x_wconf 85' lang='lat'>4,</span> <span class='ocrx_word' id='word_1_392' title='bbox 953 1939 994 1979; x_wconf 84' lang='lat'>6,</span> <span class='ocrx_word' id='word_1_393' title='bbox 1028 1939 1094 1971; x_wconf 83' lang='lat'>25:</span> <span class='ocrx_word' id='word_1_394' title='bbox 1131 1939 1269 1971; x_wconf 79' lang='lat' dir='ltr'>Doclor</span> <span class='ocrx_word' id='word_1_395' title='bbox 1301 1941 1458 1979; x_wconf 66' lang='lat' dir='ltr'>araneae</span> <span class='ocrx_word' id='word_1_396' title='bbox 1482 1938 1614 1979; x_wconf 70' lang='lat' dir='ltr'>fidicen</span> 
     </span>
     <span class='ocr_line' id='line_1_76' title="bbox 877 1985 1220 2026; baseline 0.006 -10"><span class='ocrx_word' id='word_1_397' title='bbox 877 1985 1039 2026; x_wconf 71' lang='grc' dir='ltr'>Τὴαῑίαε,</span> <span class='ocrx_word' id='word_1_398' title='bbox 1064 1985 1220 2018; x_wconf 70' lang='lat' dir='ltr'>Phoebe.</span> 
     </span>
    </p>

    <p class='ocr_par' dir='ltr' id='par_1_21' title="bbox 876 2031 1615 2781">
     <span class='ocr_line' id='line_1_77' title="bbox 926 2031 1615 2075; baseline 0.004 -12"><span class='ocrx_word' id='word_1_399' title='bbox 926 2033 1079 2064; x_wconf 83' lang='lat'>91—94.</span> <span class='ocrx_word' id='word_1_400' title='bbox 1118 2033 1292 2065; x_wconf 73' lang='lat' dir='ltr'>Carmina</span> <span class='ocrx_word' id='word_1_401' title='bbox 1316 2032 1403 2074; x_wconf 89' lang='lat' dir='ltr'>cet.]</span> <span class='ocrx_word' id='word_1_402' title='bbox 1446 2031 1615 2075; x_wconf 47' lang='lat' dir='ltr'>„Statim</span> 
     </span>
     <span class='ocr_line' id='line_1_78' title="bbox 877 2076 1615 2122; baseline 0.005 -13"><span class='ocrx_word' id='word_1_403' title='bbox 877 2076 944 2109; x_wconf 87' lang='lat' dir='ltr'>ubi</span> <span class='ocrx_word' id='word_1_404' title='bbox 969 2087 1039 2110; x_wconf 87' lang='lat' dir='ltr'>nos</span> <span class='ocrx_word' id='word_1_405' title='bbox 1066 2077 1340 2122; x_wconf 86' lang='lat' dir='ltr'>conspicimus,</span> <span class='ocrx_word' id='word_1_406' title='bbox 1372 2078 1469 2112; x_wconf 75' lang='lat' dir='ltr'>alter</span> <span class='ocrx_word' id='word_1_407' title='bbox 1502 2079 1615 2113; x_wconf 84' lang='lat' dir='ltr'>alteri</span> 
     </span>
     <span class='ocr_line' id='line_1_79' title="bbox 878 2124 1614 2170; baseline 0.005 -14"><span class='ocrx_word' id='word_1_408' title='bbox 878 2124 1078 2157; x_wconf 85' lang='lat' dir='ltr'>acclamat:</span> <span class='ocrx_word' id='word_1_409' title='bbox 1106 2124 1282 2159; x_wconf 80' lang='lat' dir='ltr'>Carmina</span> <span class='ocrx_word' id='word_1_410' title='bbox 1306 2127 1372 2158; x_wconf 89' lang='lat' dir='ltr'>tua</span> <span class='ocrx_word' id='word_1_411' title='bbox 1395 2125 1531 2170; x_wconf 76' lang='lat' dir='ltr'>lyrica,</span> <span class='ocrx_word' id='word_1_412' title='bbox 1556 2127 1614 2160; x_wconf 91' lang='lat' dir='ltr'>tui</span> 
     </span>
     <span class='ocr_line' id='line_1_80' title="bbox 879 2170 1615 2217; baseline 0.007 -15"><span class='ocrx_word' id='word_1_413' title='bbox 879 2170 975 2215; x_wconf 90' lang='lat' dir='ltr'>elegi</span> <span class='ocrx_word' id='word_1_414' title='bbox 1023 2174 1113 2204; x_wconf 88' lang='lat' dir='ltr'>sunt</span> <span class='ocrx_word' id='word_1_415' title='bbox 1157 2181 1252 2215; x_wconf 90' lang='lat' dir='ltr'>opus</span> <span class='ocrx_word' id='word_1_416' title='bbox 1293 2182 1451 2216; x_wconf 89' lang='lat' dir='ltr'>prorsus</span> <span class='ocrx_word' id='word_1_417' title='bbox 1490 2173 1615 2217; x_wconf 80' lang='lat' dir='ltr'>perfe-</span> 
     </span>
     <span class='ocr_line' id='line_1_81' title="bbox 879 2217 1614 2263; baseline 0.005 -13"><span class='ocrx_word' id='word_1_418' title='bbox 879 2219 991 2259; x_wconf 74' lang='lat' dir='ltr'>ctum,</span> <span class='ocrx_word' id='word_1_419' title='bbox 1010 2218 1118 2262; x_wconf 82' lang='lat' dir='ltr'>quasi</span> <span class='ocrx_word' id='word_1_420' title='bbox 1136 2229 1159 2252; x_wconf 89' lang='lat' dir='ltr'>a</span> <span class='ocrx_word' id='word_1_421' title='bbox 1170 2217 1289 2252; x_wconf 78' lang='lat' dir='ltr'>Musis</span> <span class='ocrx_word' id='word_1_422' title='bbox 1306 2219 1400 2263; x_wconf 89' lang='lat' dir='ltr'>ipsis</span> <span class='ocrx_word' id='word_1_423' title='bbox 1416 2220 1614 2263; x_wconf 70' lang='lat' dir='ltr'>caelatum,</span> 
     </span>
     <span class='ocr_line' id='line_1_82' title="bbox 878 2263 1613 2310; baseline 0.005 -13"><span class='ocrx_word' id='word_1_424' title='bbox 878 2263 918 2297; x_wconf 85' lang='lat' dir='ltr'>id</span> <span class='ocrx_word' id='word_1_425' title='bbox 943 2267 1019 2306; x_wconf 89' lang='lat' dir='ltr'>est,</span> <span class='ocrx_word' id='word_1_426' title='bbox 1051 2275 1187 2310; x_wconf 86' lang='lat' dir='ltr'>magna</span> <span class='ocrx_word' id='word_1_427' title='bbox 1212 2275 1297 2299; x_wconf 87' lang='lat' dir='ltr'>cum</span> <span class='ocrx_word' id='word_1_428' title='bbox 1329 2268 1409 2300; x_wconf 85' lang='lat' dir='ltr'>arte</span> <span class='ocrx_word' id='word_1_429' title='bbox 1442 2266 1613 2302; x_wconf 85' lang='lat' dir='ltr'>elabora-</span> 
     </span>
     <span class='ocr_line' id='line_1_83' title="bbox 878 2312 1612 2357; baseline 0.007 -14"><span class='ocrx_word' id='word_1_430' title='bbox 878 2312 956 2343; x_wconf 81' lang='lat' dir='ltr'>tum</span> <span class='ocrx_word' id='word_1_431' title='bbox 981 2321 1025 2345; x_wconf 89' lang='lat' dir='ltr'>ac</span> <span class='ocrx_word' id='word_1_432' title='bbox 1049 2315 1251 2357; x_wconf 87' lang='lat' dir='ltr'>propterea</span> <span class='ocrx_word' id='word_1_433' title='bbox 1282 2323 1429 2348; x_wconf 87' lang='lat' dir='ltr'>summa</span> <span class='ocrx_word' id='word_1_434' title='bbox 1451 2314 1612 2349; x_wconf 81' lang='lat' dir='ltr'>admira-</span> 
     </span>
     <span class='ocr_line' id='line_1_84' title="bbox 876 2358 1612 2416; baseline 0.007 -25"><span class='ocrx_word' id='word_1_435' title='bbox 876 2358 979 2392; x_wconf 85' lang='lat' dir='ltr'>tione</span> <span class='ocrx_word' id='word_1_436' title='bbox 1020 2358 1173 2404; x_wconf 85' lang='lat' dir='ltr'>dignum</span> <span class='ocrx_word' id='word_1_437' title='bbox 1110 2370 1186 2393; x_wconf 88' lang='lat' dir='ltr'>um.</span> <span class='ocrx_word' id='word_1_438' title='bbox 1241 2359 1407 2403; x_wconf 85' lang='lat' dir='ltr'>(Eadem</span> <span class='ocrx_word' id='word_1_439' title='bbox 1446 2360 1612 2416; x_wconf 81' lang='lat' dir='ltr'>imagine</span> 
     </span>
     <span class='ocr_line' id='line_1_85' title="bbox 876 2404 1612 2442; baseline 0.006 -4"><span class='ocrx_word' id='word_1_440' title='bbox 876 2404 921 2438; x_wconf 80' lang='lat' dir='ltr'>A.</span> <span class='ocrx_word' id='word_1_441' title='bbox 945 2405 987 2438; x_wconf 92' lang='lat' dir='ltr'>P.</span> <span class='ocrx_word' id='word_1_442' title='bbox 1020 2408 1111 2440; x_wconf 80' lang='lat'>441:</span> <span class='ocrx_word' id='word_1_443' title='bbox 1148 2408 1195 2440; x_wconf 74' lang='lat' dir='ltr'>Et</span> <span class='ocrx_word' id='word_1_444' title='bbox 1226 2408 1324 2441; x_wconf 81' lang='lat' dir='ltr'>male</span> <span class='ocrx_word' id='word_1_445' title='bbox 1357 2410 1522 2442; x_wconf 73' lang='lat' dir='ltr'>tornatos</span> <span class='ocrx_word' id='word_1_446' title='bbox 1554 2411 1612 2442; x_wconf 80' lang='lat' dir='ltr'>in-</span> 
     </span>
     <span class='ocr_line' id='line_1_86' title="bbox 878 2453 1611 2500; baseline 0.007 -15"><span class='ocrx_word' id='word_1_447' title='bbox 878 2453 961 2486; x_wconf 74' lang='lat' dir='ltr'>cudi</span> <span class='ocrx_word' id='word_1_448' title='bbox 1000 2454 1152 2487; x_wconf 78' lang='lat' dir='ltr'>reddere</span> <span class='ocrx_word' id='word_1_449' title='bbox 1191 2463 1328 2488; x_wconf 76' lang='lat' dir='ltr'>versus.</span> <span class='ocrx_word' id='word_1_450' title='bbox 1383 2454 1611 2500; x_wconf 82' lang='lat' dir='ltr'>Crinagoras</span> 
     </span>
     <span class='ocr_line' id='line_1_87' title="bbox 876 2498 1612 2549; baseline 0.005 -17"><span class='ocrx_word' id='word_1_451' title='bbox 876 2498 989 2532; x_wconf 82' lang='lat' dir='ltr'>Anth.</span> <span class='ocrx_word' id='word_1_452' title='bbox 1022 2500 1103 2534; x_wconf 88' lang='lat' dir='ltr'>Pal.</span> <span class='ocrx_word' id='word_1_453' title='bbox 1139 2500 1188 2534; x_wconf 84' lang='grc' dir='ltr'><strong>Π.</strong></span> <span class='ocrx_word' id='word_1_454' title='bbox 1225 2512 1262 2546; x_wconf 89' lang='lat' dir='ltr'>p.</span> <span class='ocrx_word' id='word_1_455' title='bbox 1300 2503 1388 2535; x_wconf 88' lang='grc'><strong>193·</strong></span> <span class='ocrx_word' id='word_1_456' title='bbox 1431 2501 1612 2549; x_wconf 81' lang='grc' dir='ltr'><em>τοοευτὸν</em></span> 
     </span>
     <span class='ocr_line' id='line_1_88' title="bbox 876 2535 1611 2594; baseline 0.008 -16"><span class='ocrx_word' id='word_1_457' title='bbox 876 2541 995 2588; x_wconf 77' lang='grc' dir='ltr'><strong>ἔπος.)</strong></span> <span class='ocrx_word' id='word_1_458' title='bbox 1066 2547 1165 2590; x_wconf 83' lang='lat' dir='ltr'>Iam,</span> <span class='ocrx_word' id='word_1_459' title='bbox 1191 2558 1276 2582; x_wconf 86' lang='lat' dir='ltr'>cmn</span> <span class='ocrx_word' id='word_1_460' title='bbox 1300 2552 1452 2594; x_wconf 86' lang='lat' dir='ltr'>mutuas</span> <span class='ocrx_word' id='word_1_461' title='bbox 1477 2535 1611 2584; x_wconf 70' lang='lat' dir='ltr'>iaudes</span> 
     </span>
     <span class='ocr_line' id='line_1_89' title="bbox 878 2592 1612 2641; baseline 0.006 -15"><span class='ocrx_word' id='word_1_462' title='bbox 878 2592 933 2627; x_wconf 89' lang='lat' dir='ltr'>sic</span> <span class='ocrx_word' id='word_1_463' title='bbox 951 2594 1197 2638; x_wconf 87' lang='lat' dir='ltr'>cumulamus,</span> <span class='ocrx_word' id='word_1_464' title='bbox 1212 2595 1380 2630; x_wconf 75' lang='lat' dir='ltr'>vicissim</span> <span class='ocrx_word' id='word_1_465' title='bbox 1395 2607 1464 2630; x_wconf 90' lang='lat' dir='ltr'>nos</span> <span class='ocrx_word' id='word_1_466' title='bbox 1479 2607 1612 2641; x_wconf 89' lang='lat' dir='ltr'>super-</span> 
     </span>
     <span class='ocr_line' id='line_1_90' title="bbox 876 2639 1610 2688; baseline 0.004 -14"><span class='ocrx_word' id='word_1_467' title='bbox 876 2639 940 2674; x_wconf 87' lang='lat' dir='ltr'>bia</span> <span class='ocrx_word' id='word_1_468' title='bbox 964 2641 1172 2676; x_wconf 58' lang='lat' dir='ltr'>inflamus!⁴</span> <span class='ocrx_word' id='word_1_469' title='bbox 1204 2641 1366 2688; x_wconf 81' lang='lat' dir='ltr'>Egregia</span> <span class='ocrx_word' id='word_1_470' title='bbox 1384 2653 1468 2676; x_wconf 83' lang='lat' dir='ltr'>cum</span> <span class='ocrx_word' id='word_1_471' title='bbox 1486 2644 1610 2678; x_wconf 88' lang='lat' dir='ltr'>ironia</span> 
     </span>
     <span class='ocr_line' id='line_1_91' title="bbox 878 2687 1611 2734; baseline 0.005 -13"><span class='ocrx_word' id='word_1_472' title='bbox 878 2697 918 2721; x_wconf 88' lang='lat' dir='ltr'>se</span> <span class='ocrx_word' id='word_1_473' title='bbox 943 2687 1025 2732; x_wconf 88' lang='lat' dir='ltr'>ipse</span> <span class='ocrx_word' id='word_1_474' title='bbox 1049 2689 1273 2733; x_wconf 85' lang='lat' dir='ltr'>aequiparat</span> <span class='ocrx_word' id='word_1_475' title='bbox 1289 2693 1401 2734; x_wconf 86' lang='lat' dir='ltr'>atque</span> <span class='ocrx_word' id='word_1_476' title='bbox 1425 2690 1611 2725; x_wconf 89' lang='lat' dir='ltr'>immiscet</span> 
     </span>
     <span class='ocr_line' id='line_1_92' title="bbox 877 2736 1610 2781; baseline 0.004 -12"><span class='ocrx_word' id='word_1_477' title='bbox 877 2736 1072 2778; x_wconf 87' lang='lat' dir='ltr'>poetarum</span> <span class='ocrx_word' id='word_1_478' title='bbox 1104 2736 1162 2769; x_wconf 92' lang='lat' dir='ltr'>illi</span> <span class='ocrx_word' id='word_1_479' title='bbox 1189 2739 1375 2779; x_wconf 86' lang='lat' dir='ltr'>catervae,</span> <span class='ocrx_word' id='word_1_480' title='bbox 1411 2749 1519 2781; x_wconf 81' lang='lat' dir='ltr'>quam</span> <span class='ocrx_word' id='word_1_481' title='bbox 1547 2738 1610 2772; x_wconf 90' lang='lat' dir='ltr'>de-</span> 
     </span>
    </p>
   </div>
   <div class='ocr_carea' id='block_1_21' title="bbox 1325 2807 1360 2831">
    <p class='ocr_par' dir='ltr' id='par_1_22' title="bbox 1325 2807 1360 2831">
     <span class='ocr_line' id='line_1_93' title="bbox 1325 2807 1360 2831; baseline 0 0"><span class='ocrx_word' id='word_1_482' title='bbox 1325 2807 1360 2831; x_wconf 80' lang='lat'>29</span> 
     </span>
    </p>
   </div>
  </div>
 </body>
</html>
