1786 2912
138 133 221 175 138

255 233 341 276 Sed
371 237 516 276 tamen
547 238 595 275 ut
626 235 813 276 monitus
847 247 1019 288 caveas,
1051 248 1107 276 ne
1139 234 1249 277 forte
1279 235 1428 291 negoti

637 132 844 168 HORATII
869 132 1155 168 SATIRARUM

1599 237 1657 279 80

253 304 437 346 Incutiat
467 305 546 347 tibi
579 305 681 360 quid
714 308 956 346 sanctarum
987 305 1159 348 inscitia
1187 306 1360 362 legum:

255 375 300 416 Si
331 376 446 418 mala
476 375 712 417 condiderit
742 376 787 416 in
819 389 946 431 quem
979 376 1074 431 quis
1106 378 1313 430 carmina,
1346 377 1414 419 ius
1446 380 1512 420 est

252 446 559 502 Iudiciumque.
606 445 736 499 Esto,
771 447 806 487 si
839 447 933 502 quis
965 446 1101 500 mala3
1135 447 1212 490 sed
1240 448 1356 490 bona
1385 448 1422 490 si
1454 448 1549 504 quis

251 517 395 560 Iudice
427 517 663 559 condiderit
693 517 890 559 laudatus
923 516 1142 560 Caesare?
1173 518 1210 560 si
1241 519 1335 574 quis

254 587 507 644 Opprobriis
541 588 717 644 dignum
747 589 988 641 latraverit,
1020 588 1188 644 integer
1217 589 1345 645 ipse?

1600 590 1657 632 85

253 658 483 701 Solventur
513 660 603 700 risu
632 659 823 713 tabulae,
855 663 903 700 tu
933 659 1090 700 missus
1124 659 1276 701 abibis.

230 790 286 822 84.
331 790 505 822 laudatur
530 788 762 833 bScp,LCtF.
803 788 1021 833 (Cruquius
1056 792 1180 823 tamen
1215 790 1399 834 praetulit
1426 791 1611 833 laudatus,

182 836 283 879 quod
310 846 356 870 ex
380 836 496 870 huius
523 837 763 881 aliorumque
791 836 906 870 Codd.
933 837 1078 880 recepit
1102 836 1299 871 Bentleius
1325 839 1363 871 et
1385 836 1471 870 MJ:
1496 839 1611 882 atque

182 883 236 916 sic
261 882 435 917 Pottierii
467 884 629 926 novem.)
662 903 704 907 -—
736 885 792 917 85.
835 885 1051 918 laceraverit
1077 894 1097 918 e
1125 883 1241 918 Codd.
1267 885 1412 929 aliquot
1435 882 1612 919 Lambini

182 929 391 973 Bentleius,
416 931 601 975 probante
627 931 936 965 Mitscherlichio.

132 1046 329 1082 Bentleius
349 1048 438 1082 satis
454 1048 735 1089 demonstravit,
754 1048 870 1093 signi-

131 1093 307 1129 ficatione
332 1096 416 1138 illa,
453 1107 528 1140 qua
562 1096 767 1129 utebantur
792 1095 871 1129 ICti

132 1144 170 1176 et
206 1145 377 1186 praetor,
428 1143 542 1177 verbo
581 1145 771 1185 diffindere
808 1143 871 1176 hic

131 1189 256 1223 locum
282 1200 358 1224 non
384 1201 486 1233 esse3
512 1190 714 1224 dicendum
733 1190 870 1224 fuisse:

133 1236 347 1281 „Equidem
390 1237 488 1271 diem
527 1237 726 1271 diffindere
769 1238 870 1279 (rem

132 1284 485 1328 comperendinare)
512 1295 588 1319 non
610 1285 806 1329 possum;“
835 1288 872 1318 et

130 1341 179 1365 ne
205 1332 276 1365 hoc
302 1331 455 1376 quidem
487 1335 616 1376 aptum
649 1343 751 1374 esse,
785 1342 870 1365 cum

131 1378 333 1413 Trebatius
366 1380 430 1413 hic
462 1390 539 1413 non
565 1379 769 1423 praetoris,
805 1379 871 1413 sed

130 1425 394 1469 iureconsulti,
420 1426 601 1461 Horatius
627 1427 870 1469 consultoris,

129 1483 205 1507 non
231 1473 404 1518 petitoris
431 1485 502 1508 nec
527 1476 596 1516 re‘i,
622 1477 747 1518 partes
773 1477 870 1519 agat.

128 1520 367 1565 Responsum
410 1521 527 1566 igitur
568 1521 769 1566 prudentis
809 1521 869 1554 hic

129 1568 387 1612 exspectabat,
427 1579 503 1602 non
538 1568 676 1602 iudicis
717 1571 868 1602 senten-

128 1614 229 1649 tiam.
281 1615 549 1650 Verumtamen
589 1618 737 1649 servata
770 1615 868 1648 diffi-

129 1663 259 1696 ciliore
286 1663 461 1705 lectione,
489 1674 536 1696 ex
563 1674 637 1707 qua
663 1673 738 1696 non
751 1663 868 1705 ‚intel-

128 1709 227 1743 lecta
265 1713 411 1744 ceterae
450 1721 580 1744 omnes
619 1713 724 1744 ortae
767 1714 867 1753 sunt,

127 1756 290 1791 inclinat
314 1758 462 1792 animus
489 1758 535 1792 ad
559 1758 656 1791 Feae
683 1757 869 1801 interpre-

128 1805 329 1847 tationem,
370 1816 466 1849 quae
507 1805 648 1838 clarius
691 1815 869 1848 expressa

127 1852 348 1899 huc-redit:
394 1877 410 1894 „
428 1852 551 1886 Senex
577 1852 727 1896 lepidus
754 1855 791 1884 et
816 1851 868 1885 fa-

129 1901 235 1932 cetus
270 1898 391 1932 utitur
426 1900 578 1944 quidem
605 1899 720 1933 verbo
756 1909 868 1942 saepe

127 1956 150 1979 a
167 1957 207 1980 se
225 1946 354 1982 audito
373 1949 410 1980 et
433 1949 615 1990 usurpato
642 1947 681 1979 in
708 1947 791 1979 iure
819 1946 869 1979 ci-

127 1993 213 2035 vili,
240 1993 306 2027 sed
333 2005 447 2028 sensu
472 1993 651 2038 proprio:
692 1993 869 2036 „abscin-

127 2040 230 2082 dere,
255 2052 449 2075 removere
476 2052 518 2075 ac
544 2041 736 2075 reiicere.“
787 2040 868 2074 Hoc

127 2088 244 2133 igitur
262 2088 372 2122 dicit:
401 2088 576 2131 „omnino
595 2091 698 2122 tuam
717 2091 868 2122 senten-

128 2136 217 2169 tiam
243 2136 397 2179 probo.“

176 2185 295 2216 80-83.
321 2185 391 2217 Sed
417 2186 540 2216 lamen
566 2183 650 2225 cet]
681 2182 782 2223 ,Etsi
809 2193 869 2216 ae·

128 2241 204 2274 qua
229 2234 266 2263 et
290 2241 381 2264 vera
407 2233 515 2271 sunt,
542 2241 639 2274 quae
666 2230 781 2272 dicis,
816 2232 869 2263 ta-

126 2288 224 2319 men,
251 2288 298 2310 ne
324 2280 479 2321 propter
497 2279 600 2310 mala
618 2279 787 2310 carmina
814 2276 868 2320 (id

127 2327 195 2365 est,
220 2324 382 2359 famosos
400 2325 566 2366 libellos)
593 2324 689 2358 actio
708 2324 867 2358 iniuria·

127 2382 210 2406 rum
229 2371 432 2415 aliquando
457 2373 525 2406 tibi
551 2373 772 2413 intentetur,
798 2382 866 2416 pro

126 2418 292 2453 amicitia
326 2422 456 2453 nostra
490 2419 747 2452 necessarium
774 2421 866 2463 puto

126 2469 163 2500 te
201 2467 385 2499 mone1·e“
425 2468 495 2500 cet.
546 2466 636 2499 Post
660 2477 717 2499 vv,
745 2465 868 2510 quoti-

127 2513 229 2548 diani
257 2513 442 2547 sermonis
468 2514 537 2546 Sed
563 2515 868 2554 iamen--lequm

126 2561 355 2606 cogitatione
395 2560 587 2604 supplebis
628 2560 775 2602 „scito‚
814 2560 868 2594 sic

124 2608 318 2642 habeto:“
346 2609 388 2641 ut
413 2618 536 2652 saepe.
570 2607 664 2651 Epp.
693 2610 724 2647 1,
755 2610 784 2649 1,
813 2609 867 2640 13.

130 2658 165 2698 1,
195 2657 250 2697 18,
277 2657 335 2689 58.
365 2658 401 2696 1,
429 2657 485 2697 19,
512 2657 567 2688 26.
596 2656 628 2696 2,
657 2657 688 2696 1,
715 2656 795 2688 208.
824 2673 866 2678 —

125 2705 339 2736 sanctarum
356 2722 370 2727 -
390 2701 524 2744 lequm]
565 2712 689 2745 „quae
725 2712 868 2735 summa

920 1049 1134 1083 reverentia
1170 1049 1307 1094 dignae
1351 1051 1557 1095 sancteque
1595 1049 1661 1084 ob-

921 1096 1127 1130 servandae
1162 1098 1292 1130 sunt.“
1321 1116 1364 1120 —
1395 1097 1556 1140 inscitia]
1589 1107 1659 1141 pro

919 1145 1128 1186 inscientia,
1156 1144 1256 1188 quod
1283 1155 1316 1177 ν.
1342 1147 1460 1178 metro
1486 1144 1660 1178 adversa-

920 1190 1042 1224 batur.
1069 1210 1112 1214 —
1138 1193 1176 1225 Si
1209 1192 1312 1224 mala
1346 1191 1440 1234 cetu]
1481 1191 1566 1224 Vid.
1609 1191 1657 1225 ad

919 1237 1012 1282 Epp.
1031 1239 1063 1280 2,
1085 1241 1115 1280 1,
1135 1240 1222 1272 152:
1249 1239 1338 1279 quin
1361 1239 1472 1272 etiam
1497 1240 1557 1272 lea:
1572 1240 1660 1271 Poe-

920 1294 1041 1325 naque
1070 1286 1165 1327 laia,
1193 1287 1294 1319 malo
1319 1294 1413 1326 quae
1438 1287 1551 1319 nollet
1577 1293 1660 1319 car-

920 1333 1016 1365 mine
1049 1341 1268 1374 quemquam
1300 1334 1476 1367 Describi.
1504 1351 1547 1356 —
1574 1341 1658 1366 con-

919 1379 1068 1422 diderit]
1102 1380 1157 1413 De
1182 1382 1373 1424 postrema
1388 1379 1546 1425 syllaba
1570 1390 1658 1424 pro-

920 1426 1035 1460 ducta
1071 1427 1169 1460 conf.
1197 1426 1271 1461 Sat.
1298 1429 1339 1469 2,
1365 1429 1406 1470 2,
1431 1429 1488 1461 47.
1523 1446 1566 1450 —
1601 1428 1659 1460 ius

921 1477 971 1507 est
998 1474 1274 1517 Iudiciumque]
1314 1475 1404 1518 „lex
1436 1474 1658 1517 (Cornelia)

920 1522 995 1555 lata
1037 1523 1095 1555 est
1136 1524 1189 1555 et.
1213 1521 1310 1556 actio
1349 1521 1577 1556 iniuriarum
1617 1522 1658 1555 in

920 1579 1004 1602 eum
1035 1568 1180 1602 datur.“

968 1617 1088 1649 83-85.
1109 1616 1224 1659 mala]
1242 1616 1423 1649 Horatius
1440 1615 1573 1649 festive
1598 1625 1659 1650 ac-

919 1662 1012 1707 cipit
1039 1662 1085 1696 de
1111 1662 1257 1696 vitiosis
1289 1665 1401 1706 atque
1435 1662 1586 1707 ineptis.
1613 1681 1657 1686 —

919 1711 1043 1743 Iudice
1079 1718 1106 1742 c.
1134 1710 1307 1743 laudatus
1333 1711 1505 1753 Caesare]
1531 1709 1660 1744 Verba

919 1757 973 1790 sic
1008 1759 1206 1790 construo:
1244 1758 1282 1791 Si
1316 1758 1395 1797 quis
1426 1758 1545 1791 iudice
1572 1758 1660 1791 Cae-

917 1813 1002 1837 sare
1029 1805 1125 1836 bona
1159 1804 1327 1839 carmina
1358 1806 1576 1847 condiderit,
1611 1804 1659 1839 ab

919 1862 963 1885 eo
993 1852 1179 1884 laudatus.
1211 1851 1390 1896 Plerique
1417 1852 1502 1885 coll.
1529 1850 1597 1885 Od.
1625 1853 1659 1895 1,

919 1902 951 1940 6,
978 1900 1010 1931 2.
1037 1899 1202 1942 iungunt
1229 1900 1402 1933 laudatus
1429 1900 1593 1932 Caesare.
1613 1918 1656 1922 —

921 1946 1130 1987 latraverit]
1158 1957 1226 1989 pro
1248 1945 1532 1987 „allatraveritff‘
1561 1945 1656 1988 (Liv.

919 1995 983 2035 38,
1022 1995 1090 2026 54:
1132 1993 1220 2026 Caio
1254 1994 1447 2026 dilatravit
1479 1994 1658 2034 Scipionis

918 2040 1234 2082 maqnicudinem.)
1263 2040 1371 2074 Conf.
1395 2039 1513 2084 Epod.
1540 2042 1584 2082 5„
1599 2041 1657 2073 58.

917 2087 1010 2132 Epp.
1041 2090 1071 2130 1,
1097 2088 1131 2128 2,
1158 2089 1213 2120 66.
1249 2087 1311 2129 „si
1337 2088 1377 2120 in
1403 2088 1515 2121 talem
1540 2087 1659 2121 homi-

918 2145 1004 2168 nem
1030 2135 1202 2168 invectus
1224 2135 1329 2176 erit“,
1355 2134 1392 2168 id
1419 2134 1519 2179 quod
1546 2135 1658 2168 etiam

918 2182 1001 2215 iure
1026 2182 1108 2216 fieri
1140 2184 1276 2225 potest.
1317 2181 1444 2216 Minus
1471 2181 1658 2215 concinna

919 2231 975 2263 est
1001 2230 1120 2263 altera
1146 2229 1259 2263 lectio
1289 2230 1526 2271 laceraverit,
1553 2227 1656 2273 quod

919 2287 1067 2320 semper
1091 2280 1149 2311 est
1174 2276 1337 2310 hominis
1363 2275 1487 2320 iniqui
1513 2286 1558 2310 ac
1579 2286 1656 2309 ma-

917 2323 1055 2366 litiosi,
1092 2335 1215 2368 neque
1249 2324 1286 2356 h.
1311 2324 1337 2356 l.
1362 2322 1466 2356 aliud
1499 2324 1557 2356 est
1581 2321 1656 2356 nisi

917 2372 1103 2415 glossema
1127 2371 1172 2404 ad
1199 2382 1232 2404 v,
1261 2371 1463 2403 latraverit.
1506 2370 1657 2403 Acron:

919 2442 935 2459 „
952 2416 1163 2459 latraverit,
1215 2417 1464 2459 allatraverit,
1514 2418 1656 2451 lacera-

918 2466 1048 2499 verit.“

966 2514 1022 2546 86.
1059 2513 1253 2546 solventur
1277 2513 1357 2544 risu
1382 2511 1546 2553 tabulae]
1581 2509 1654 2543 Lo—

919 2569 1002 2593 cum
1037 2559 1230 2593 difficilem
1267 2558 1406 2602 optime
1439 2558 1530 2591 mihi
1555 2557 1656 2591 vide-

918 2609 979 2640 tur
1006 2606 1274 2650 interpretatus
1300 2616 1382 2639 esse
1403 2605 1580 2639 Matthiae
1607 2603 1654 2638 ad

918 2653 995 2687 Cic.
1031 2665 1099 2698 pro
1132 2653 1245 2697 Rosc.
1270 2653 1352 2686 Am.
1378 2652 1410 2695 ξ.
1437 2653 1494 2685 82.
1545 2650 1654 2694 „Cim

917 2701 962 2734 de
1002 2700 1143 2743 Or.·2,
1183 2701 1248 2741 58,
1288 2701 1380 2733 236:
1419 2700 1563 2732 odiosas
1595 2707 1654 2731 res
