1774 2930
133 153 219 195 524

249 254 416 297 Fabula
446 254 605 296 nullius
637 254 827 307 venetie,
860 254 953 296 sine
983 253 1172 311 pondere
1203 258 1247 299 et
1277 259 1390 310 arte,
1446 298 1451 300 .

790 152 1000 188 HORATII

249 325 429 368 Valdius
463 325 648 368 oblectat
677 325 884 381 populum
915 325 1155 382 meliusque
1185 330 1375 369 moratur

251 396 391 445 Quam
421 410 570 439 versus
602 396 753 452 inopes
785 409 928 439 rerum
958 410 1185 453 nugaeque
1215 411 1410 441 canorae.

251 467 377 510 Grais
409 467 651 522 ingenium,
685 466 811 509 Grais
844 466 964 509 dedit
995 481 1068 510 ore
1098 467 1282 511 rotundo

249 538 375 581 Musa
403 538 540 595 loqui,
573 542 744 595 praeter
774 537 946 580 laudem
975 538 1135 580 nullius
1167 539 1322 582 avaris.

250 609 435 652 Romani
465 610 589 666 pueri
620 609 760 665 longis
791 609 1028 652 rationibus
1060 623 1202 653 assem

1570 611 1656 653 325

248 680 434 723 Discunt
465 681 511 722 in
542 684 687 737 partes
721 683 893 723 centum
926 679 1142 724 diducere.
1189 681 1316 724 Dicat

228 830 308 863 326.
333 830 444 863 Dicas
470 829 668 863 Bentleius
694 828 794 863 coni.

132 951 324 986 muntur.“
375 952 500 986 ACRO.
527 971 571 976 -—
596 953 736 985 nultius
764 961 869 986 vene-

130 999 198 1042 ris]
227 1002 418 1042 „ceterum
444 999 624 1034 destituta
648 1000 777 1044 lepore
803 1000 868 1034 illo

131 1046 364 1080 Menandreo
390 1058 516 1092 neque
542 1046 650 1081 valde
676 1048 867 1081 venusta.“

132 1113 179 1118 -
203 1095 281 1127 sine
303 1094 490 1137 pondere]
525 1095 630 1136 „sine
656 1094 871 1139 argumenti

134 1143 173 1175 et
196 1141 349 1186 generis
375 1141 529 1176 dicendi
546 1141 765 1187 gravitate.“
793 1141 870 1176 Cic.

131 1188 181 1223 de
208 1188 311 1223 Orat.
338 1191 379 1231 2,
407 1192 470 1231 17,
508 1191 573 1223 73:
609 1190 770 1222 omnium
792 1198 871 1222 sen-

133 1237 333 1269 tentiarum
367 1238 568 1279 qravitate,
601 1237 764 1270 omnium
792 1245 873 1270 ver-

133 1285 263 1317 borum
285 1285 510 1325 ponderibus
541 1286 591 1317 est
615 1285 801 1318 utendum.
828 1303 873 1307 —

133 1331 239 1374 arte]
266 1331 431 1365 refertur
457 1332 614 1365 maxime
640 1331 687 1364 ad
713 1331 873 1365 actionis

133 1378 431 1423 implicationem
473 1381 511 1412 et
549 1379 788 1413 solutionem.
829 1398 871 1402 -

133 1426 305 1469 oblectat]
326 1427 528 1460 oblectatio
553 1437 700 1470 semper
719 1429 874 1460 actuosa

135 1475 209 1515 est,
236 1484 281 1507 ea
306 1473 605 1518 significatione,
640 1484 715 1518 qua
740 1473 872 1507 Cicero

134 1520 180 1554 N.
206 1520 251 1553 D.
281 1523 318 1562 1,
345 1523 410 1563 40,
439 1523 517 1554 110.
548 1523 724 1554 virtutem
748 1523 874 1554 actuo-

132 1576 217 1601 sam
257 1568 368 1611 dixit3
418 1569 611 1602 delectatio
659 1568 727 1611 iis,
776 1579 873 1612 quae

134 1618 243 1660 grata
260 1615 483 1658 offeruntur,
510 1616 591 1650 sine
609 1616 767 1660 propria
783 1615 874 1649 acti·

136 1673 208 1697 one
242 1663 396 1696 fruitur.
430 1662 507 1697 cfr.
542 1674 630 1697 mox
662 1674 695 1696 V.
723 1664 802 1697 333.
829 1682 872 1686 —

134 1710 327 1753 moratur]
377 1712 595 1753 „sesselt3
645 1710 791 1744 detinet
832 1720 875 1743 ac

134 1757 245 1799 facit,
279 1760 321 1791 ut
355 1768 477 1802 usque
504 1757 550 1792 ad
584 1757 697 1791 finem
732 1760 877 1801 specte-

137 1805 233 1838 tur.“
275 1804 350 1838 cfr.
377 1816 410 1838 v.
438 1807 517 1839 223.
543 1804 637 1848 Epp.
667 1808 703 1847 1,
732 1807 793 1846 13,
821 1807 875 1838 17.

138 1870 185 1875 -
211 1861 403 1893 nuqaeque
430 1852 610 1894 canorae]
646 1861 798 1893 „versus
823 1852 876 1884 le-

136 1909 222 1941 ves,
258 1899 359 1943 quod
385 1898 432 1932 ad
459 1900 666 1933 sententias
698 1898 875 1942 pertinet,

134 1946 382 1990 quantumvis
416 1946 609 1980 numerosi
640 1955 684 1979 ac
710 1945 874 1980 sonori.“

139 1993 215 2027 Cfr.
240 1993 335 2038 Epp.
362 1995 395 2036 2,
422 1995 454 2034 2,
482 1995 544 2027 76:
572 1995 594 2026 1
617 2002 713 2026 nunc
738 1995 771 2026 et
795 2002 876 2026 ver-

139 2050 201 2074 sus
227 2043 345 2074 tecum
368 2042 547 2074 med-itare
573 2048 737 2073 canoros.

187 2113 268 2146 323.
305 2113 385 2145 324.
421 2112 528 2145 Grais
555 2111 639 2153 cet]
677 2110 875 2154 „Verum,“

139 2160 276 2203 inquit,
304 2160 484 2202 „maximo
512 2159 780 2203 impedimento
807 2158 877 2192 La-

140 2207 242 2240 tinae
275 2207 381 2251 poesi
415 2209 472 2240 est
504 2207 587 2251 ipsa
620 2206 877 2240 Romanorum

140 2253 328 2288 educatio.
380 2253 478 2287 Sane
513 2253 648 2287 Graeci
686 2253 743 2286 illi
781 2253 877 2287 anti-

138 2301 208 2345 qui
235 2301 280 2335 ab
307 2301 471 2335 Homero
503 2311 625 2345 usque
652 2300 698 2334 ad
722 2299 876 2334 Menan-

138 2348 251 2382 drum
269 2349 307 2381 in
328 2348 503 2382 omnibus
522 2348 582 2387 iis,
608 2358 706 2392 quae
724 2347 770 2381 ad
788 2349 877 2392 poe-

138 2395 199 2430 sin
219 2398 401 2439 spectant,
428 2396 538 2440 longe
557 2395 667 2429 nobis
685 2395 875 2428 feliciores

139 2443 316 2485 fuerunt,
365 2443 505 2487 quippe
555 2442 692 2486 quibus
740 2444 876 2476 natura

139 2490 224 2534 ipsa
256 2490 452 2534 ingenium
490 2500 577 2523 vere
616 2490 804 2533 poeticum
839 2492 875 2523 et

139 2537 359 2572 facilitatem
379 2537 489 2570 etiam
515 2537 733 2570 reconditos
760 2537 874 2570 animi

142 2595 277 2618 sensus
296 2584 389 2618 scite
408 2584 642 2628 exprimendi
661 2584 796 2628 largita
813 2584 873 2617 sit.

140 2631 272 2676 Neque
307 2642 396 2666 vero
430 2631 516 2665 illos
551 2631 667 2665 ullius
693 2631 792 2665 alius
818 2631 874 2664 rei

139 2690 253 2723 quam
279 2689 391 2713 verae
407 2679 551 2723 gloriae
571 2678 728 2723 cupidos
754 2678 873 2712 fuisse

140 2726 330 2760 videmus:
357 2729 487 2761 nostra
503 2736 683 2770 perversa
700 2725 873 2759 educatio

922 955 1102 997 quaestus
1129 955 1217 987 ante
1242 953 1371 988 omnia
1395 956 1434 988 et
1450 954 1551 988 lueri
1577 956 1657 989 stu-

919 999 1024 1033 dium
1050 1000 1186 1034 animis
1210 1001 1414 1044 instillans,
1439 1001 1514 1035 vim
1539 1001 1658 1046 poeti-

920 1057 1001 1081 cam
1027 1047 1201 1081 debilitat
1225 1050 1339 1092 atque
1364 1047 1551 1094 infringit.
1556 1049 1573 1067 ‘⁶
1601 1048 1658 1083 Si-

920 1095 1020 1128 milis
1047 1098 1104 1128 est
1128 1095 1235 1129 locus
1260 1095 1355 1140 Epp.
1381 1097 1416 1138 2,
1445 1098 1476 1138 1,
1502 1098 1547 1131 93
1573 1107 1657 1141 sqq

919 1142 1125 1176 Menander
1143 1153 1189 1187 ap
1192 1142 1243 1176 ud
1269 1141 1393 1177 Schol.
1407 1120 1571 1177 Ar’istid.
1597 1143 1657 1178 ed.

919 1189 1107 1223 Frommel
1123 1201 1179 1244 p.
1214 1191 1302 1223 316:
1338 1185 1524 1234 ’Ἕλληνές
1561 1191 1657 1224 εἰσιν

921 1232 1055 1283 ἄνδρες
1087 1234 1158 1270 οὐκ
1182 1234 1421 1291 ἀγνώμονες
1453 1237 1529 1270 Καὶ
1560 1235 1658 1280 μετὰ

922 1283 1115 1328 λογισμοῦ
1137 1280 1262 1317 πάντα
1285 1280 1519 1340 πράττουσίν
1543 1295 1658 1327 τινος.

921 1350 968 1355 —-
993 1340 1057 1365 ore
1089 1331 1320 1374 rotund01„
1335 1329 1388 1365 Τὸ
1421 1328 1658 1379 στρογγύλον

922 1379 1091 1413 rhetores
1127 1378 1261 1413 Graeci
1299 1379 1339 1412 in
1378 1390 1515 1424 genere
1553 1379 1656 1413 dixe-

922 1428 1022 1468 runt,
1049 1426 1235 1480 quidquid
1252 1426 1376 1460 verbis
1395 1430 1432 1460 et
1456 1426 1657 1461 sententiis

922 1473 975 1507 ita
1001 1473 1239 1507 enuntiatum
1257 1476 1367 1515 esset,
1393 1477 1436 1508 ut
1459 1473 1500 1507 in
1526 1484 1657 1508 eorum

921 1521 1042 1555 forma
1083 1521 1339 1563 concinnitas,
1388 1520 1578 1567 elegantia
1619 1524 1658 1555 et

922 1568 1122 1602 artificium
1160 1570 1371 1612 appareret.
1419 1568 1531 1613 Apud
1567 1568 1658 1602 Dio-

923 1626 1004 1660 nys.
1041 1615 1126 1649 Hal.
1160 1615 1206 1650 de
1240 1616 1276 1649 vi
1309 1615 1501 1650 Demosth.
1535 1626 1567 1652 c
1601 1617 1656 1650 19.

923 1661 970 1696 τὰ
1019 1659 1236 1710 στρογγύλα
1284 1665 1529 1708 opponuntur
1578 1666 1659 1704 τοῖς

926 1709 1107 1743 πλατέσιπ
1148 1712 1186 1744 et
1225 1714 1400 1756 μακροῖς.
1406 1710 1423 1728 “
1473 1710 1655 1743 ERNESTI.

924 1757 1002 1791 Nee
1036 1768 1122 1791 raro
1160 1757 1214 1791 ita
1245 1757 1392 1799 Latini,
1428 1756 1546 1790 veluti
1579 1756 1656 1791 Cic.

925 1804 1029 1838 Brut.
1056 1806 1113 1846 78,
1139 1805 1219 1838 272.
1245 1804 1292 1837 de
1318 1803 1358 1837 C.
1383 1803 1542 1838 Pisone:
1576 1806 1656 1838 erat

923 1853 1118 1884 verborum
1135 1853 1169 1884 et
1183 1851 1341 1884 delectus
1356 1850 1502 1892 elevans
1516 1853 1548 1884 et
1567 1853 1657 1892 apta

926 1900 958 1930 et
999 1899 1106 1939 quasi
1145 1899 1305 1931 rotunda
1347 1899 1578 1932 constructio.
1611 1917 1657 1923 —

921 1948 1074 1986 praeter
1101 1946 1247 1979 laudem
1271 1954 1307 1978 π.
1333 1945 1482 1988 avaris]
1518 1945 1656 1987 „unius

926 1992 1048 2027 laudis
1074 1992 1381 2037 appetentibus;“
1407 1992 1541 2026 adiect.
1566 2001 1657 2026 ava-

925 2041 977 2073 ris
1003 2051 1090 2086 ergo
1117 2041 1153 2073 h.
1179 2040 1204 2073 l.
1230 2040 1398 2083 laudem,
1426 2050 1504 2074 non
1529 2050 1657 2084 repre-

925 2087 1148 2122 hensionem
1173 2087 1352 2121 continet.
1392 2086 1457 2129 „In
1482 2087 1552 2120 hac
1577 2087 1658 2122 sola

927 2135 1137 2179 cupiditate
1161 2134 1474 2178 promerebantur
1495 2133 1657 2175 laudem,

926 2185 1114 2226 tamquam
1163 2181 1394 2226 Protogenes
1448 2181 1534 2223 ille,
1592 2182 1657 2226 qui

925 2229 1090 2274 Ialysum
1122 2228 1231 2262 finxit
1267 2229 1395 2262 decem
1429 2229 1560 2271 annis,
1596 2228 1659 2263 vel

924 2276 1091 2321 Apelles,
1117 2276 1183 2320 qui
1209 2276 1364 2310 totidem
1393 2276 1517 2321 pinxit
1545 2275 1656 2310 annis

924 2323 1231 2369 Anadyomenen.
1281 2323 1364 2357 Non
1397 2323 1497 2358 enim
1529 2326 1572 2356 ut
1595 2333 1656 2357 ac-

926 2371 1099 2415 ciperent
1130 2370 1375 2413 festinabant,
1410 2370 1476 2404 sed
1509 2373 1552 2404 ut
1575 2370 1656 2414 pla-

925 2421 1053 2452 cerent
1077 2418 1354 2452 morabantur.“
1392 2417 1542 2451 PORPH.

973 2490 1171 2522 325—332.
1211 2489 1326 2530 longis
1357 2487 1585 2530 rationibus]
1618 2488 1658 2520 in

926 2538 1084 2577 lauqer
1107 2536 1561 2576 Eoeempelrechnuna.
1585 2533 1655 2567 Ar·

923 2583 1027 2617 nold.
1086 2602 1128 2607 —-
1188 2582 1339 2626 partes]
1407 2606 1423 2623 „
1440 2581 1655 2623 fractiones,

923 2631 1130 2665 Bruche.“
1183 2629 1358 2663 Ceterum
1391 2630 1535 2662 centum
1566 2628 1604 2661 h.
1629 2627 1654 2661 l.

923 2689 969 2711 ex
993 2676 1223 2711 duodenaria
1255 2676 1332 2710 sive
1359 2675 1530 2710 unciaria
1555 2674 1655 2719 apud

921 2725 1111 2759 Romanos
1138 2723 1379 2768 computandi
1396 2723 1543 2757 ratione
1569 2732 1655 2767 pro-

1568 257 1655 298 320
1704 287 1710 291 -
