1774 2930
663 172 758 208 ΔΒΕ
781 172 1006 208 ΡΟΕΤΙΟΑ.

1508 173 1590 215 501

195 275 287 319 Aut
317 275 457 332 agitur
484 289 555 317 res
586 274 632 316 in
662 274 801 316 scenis
833 277 907 316 aut
937 277 1032 316 acta
1061 272 1258 317 refertur.

198 345 383 402 Segnius
414 346 583 388 irritant
614 345 777 387 animos
809 343 997 387 demissa
1025 358 1104 401 per
1133 358 1302 394 aurem,

1513 345 1596 387 180

197 415 341 466 Quam
371 430 480 473 quae
511 419 611 458 sunt
642 415 774 458 oculis
806 415 998 458 subiecta
1027 415 1224 458 fidelibus
1256 418 1300 458 et
1331 429 1440 471 quae

195 487 296 543 Ipse
327 487 409 529 sibi
438 486 568 529 tradit
597 489 832 542 spectator:

864 500 950 528 non
979 491 1125 529 tamen
1156 486 1272 528 intus

196 557 342 614 Digna
371 558 463 614 geri
493 571 663 614 promes
694 557 739 598 in
770 571 941 599 scenam
971 557 1194 613 multaque
1224 557 1349 600 tolles

194 627 268 670 Ex
298 628 446 682 eculin,
478 642 586 684 quae
617 641 718 669 mox
748 631 894 669 narret
925 626 1124 669 facundia
1154 641 1372 683 praesens.

196 698 263 741 Ne
293 713 449 755 pueros
482 712 624 741 coram
654 698 811 754 populo
842 696 996 740 Medea
1025 697 1228 752 trucidet,

1514 699 1596 740 185

198 769 288 811 Aut
316 769 504 811 humana
533 769 676 825 palam
707 772 862 825 coquat
893 772 993 811 exta
1024 767 1214 811 nefarius
1245 767 1419 823 Atreus,

198 839 288 882 Aut
317 840 363 882 in
394 854 517 882 avem
547 839 715 882 Procne
742 842 945 892 vertatur,
979 838 1165 882 Cadmus
1198 839 1244 880 in
1276 853 1472 896 anguem.

177 969 256 1002 180.
281 978 391 1002 aures
414 968 528 1002 Codd.
546 969 635 1013 aliq.
661 968 753 1011 (uon
779 968 930 1010 nostri.)
946 986 989 991 -—
1007 969 1085 1002 185.
1110 969 1186 1002 Nec
1209 967 1244 1010 d,
1269 967 1359 1002 Lot.
1386 968 1551 1012 (Habent

128 1017 183 1050 Ne
199 1015 339 1050 BbSTc
363 1018 401 1050 et
423 1015 588 1050 Bentleii
615 1018 786 1060 „praeter
813 1015 906 1049 duos
932 1025 979 1049 ex
1003 1015 1274 1049 recentissimis
1301 1016 1483 1058 omnes-⁴⁶)
1504 1035 1546 1039 -—

130 1064 208 1096 187.
232 1064 373 1104 Procne
396 1062 433 1105 d,
456 1062 522 1096 FJ.

73 1177 317 1212 offendantur
350 1179 450 1213 oculi
485 1179 718 1213 facinoribus
756 1179 812 1212 ni-

76 1225 149 1259 mis
166 1225 370 1267 atrocibus,
395 1237 488 1260 neve
506 1226 688 1260 miraculo
706 1237 812 1270 pror-

81 1281 147 1305 sus
194 1271 411 1306 incredibili
451 1273 570 1307 oculis
618 1273 812 1317 proposito

79 1317 373 1360 θαυματοποιὸν
426 1322 464 1353 et
516 1316 638 1363 γόητα
685 1320 812 1364 potius

82 1375 195 1410 quam
219 1368 366 1410 poetam
390 1366 518 1400 videre
543 1369 654 1410 atque
680 1367 812 1400 audire

80 1412 190 1446 nobis
211 1412 421 1456 videamur3
446 1423 521 1447 neu
545 1413 704 1446 nimium
729 1414 812 1447 bre·-

79 1459 137 1492 vis
163 1461 229 1492 aut
252 1459 366 1505 longa
390 1460 440 1494 sit
462 1458 712 1504 fabula’ipsa,
739 1471 812 1494 neu

27 1536 30 1538 Α
80 1505 174 1540 deus
198 1517 245 1540 ex
267 1507 442 1541 machina
474 1507 555 1541 sine
588 1508 811 1541 necessitate

79 1552 294 1597 inducatur,
319 1564 414 1588 neve
431 1554 631 1588 inutilibus
657 1557 812 1598 quartae

80 1599 242 1635 alicuius
267 1611 452 1645 personae
477 1601 712 1635 sermonibus
731 1613 814 1646 spe·

81 1649 265 1681 ctatorum
305 1649 452 1682 animus
498 1648 728 1682 distrahatur
769 1660 812 1683 ac

79 1693 334 1739 refrigescat.“

130 1742 341 1775 179-184,
367 1745 432 1775 aut
457 1744 542 1775 acta
564 1743 740 1785 retertur]
767 1743 811 1776 In

79 1787 281 1832 tragoediis
331 1788 505 1831 Graecis,
563 1799 660 1834 quae
708 1791 814 1824 extra

79 1844 231 1874 scenam
271 1838 472 1880 geruntur,
520 1838 563 1870 ut
601 1836 811 1881 Antigonae

79 1880 356 1927 Haemonisque
379 1886 535 1917 mortem
552 1883 653 1927 apud
672 1883 813 1928 Sopho-

73 1928 188 1969 ·clem,
213 1939 361 1973 pugnae
387 1930 528 1963 exitum
553 1931 593 1963 in
617 1930 811 1974 Euripidis

83 1973 344 2017 Supplicibus,
376 1972 554 2019 ἄγγελος,
592 1987 689 2020 quae
714 1988 812 2021 pone

82 2030 234 2054 scenam
257 2021 298 2053 in
322 2022 426 2066 regia
443 2023 629 2063 accidunt,
655 2026 698 2056 ut
714 2035 812 2057 mor-

70 2068 138 2100 ·tes
162 2066 382 2112 Eurydices,
405 2067 584 2110 locastae,
611 2069 811 2104 Deianirae

80 2110 283 2157 ἑξάγγελος
312 2114 472 2149 facunde
509 2118 648 2149 narrat.
675 2135 718 2139 —
751 2118 812 2150 Se-

82 2161 188 2202 nnius
212 2161 297 2204 cet]
331 2161 399 2194 Est
427 2162 544 2196 veluti
574 2163 813 2207 proverbium

80 2207 160 2241 iam·
191 2208 291 2252 apud
323 2208 553 2242 Herodotum
588 2211 625 2252 1,
652 2211 695 2243 8:
733 2209 813 2243 ὦτα

80 2251 154 2301 γὰρ
194 2251 371 2298 τυγχάνει
417 2251 655 2303 ἀνθρώποισι
699 2254 813 2290 ἐόντα

81 2298 314 2349 ἀπιστότερα
353 2300 587 2345 ὀφθαλμῶν,
630 2303 719 2338 alibi
758 2305 812 2338 sic

82 2347 296 2382 inversum:
335 2351 538 2396 πιστοτέρα
569 2346 666 2392 ὄψις
695 2346 812 2384 ὤτων.

83 2413 126 2417 -
145 2396 298 2428 demissa
321 2405 388 2436 per
413 2397 554 2440 aurem]
588 2397 693 2443 Virg.
718 2398 811 2432 Aen.

82 2443 124 2483 4,
149 2443 240 2475 428:
278 2444 349 2476 Cur
380 2452 462 2476 mea
494 2445 590 2477 dicta
614 2447 723 2486 necat
746 2446 812 2479 da-

79 2495 144 2521 ras
169 2490 352 2522 demittere
375 2491 414 2522 in
439 2499 558 2524 aures.
574 2511 617 2514 —
634 2492 810 2535 fidelibus]

80 2535 243 2616 ἰὲἕὲἲῬ
269 2536 430 2617 {¹2³5}ae
441 2548 554 2628 51:³35
558 2539 677 2618 ⁸2³1?
701 2538 811 2619 61ῗέ

194 2607 203 2615 .
265 2610 269 2614 .
500 2596 512 2618 1
551 2610 558 2618 .
614 2611 622 2627 ‚
687 2596 696 2618 z

75 2629 193 2662 mines
217 2631 374 2671 amplius
396 2633 510 2665 oculis
533 2641 643 2673 quam
659 2634 810 2666 auribus

75 2676 243 2710 credam.
269 2695 312 2700 —
337 2679 435 2711 intus
460 2680 582 2720 Diana
606 2679 697 2722 qen]
723 2690 809 2723 par-

76 2719 149 2752 ›tim
171 2721 281 2758 foeda
304 2727 341 2758 et
371 2726 530 2767 atrocia,
564 2737 659 2770 quae
693 2727 807 2761 nimio

859 1180 1018 1212 horrore
1064 1189 1106 1213 ac
1157 1183 1300 1214 terrore
1349 1182 1597 1224 spectatorem

861 1226 1075 1268 afficerent,
1108 1227 1246 1270 partim
1271 1227 1531 1270 incredibilia,
1557 1231 1599 1262 ut

860 1273 1207 1307 transformationes
1240 1274 1328 1308 illae
1359 1274 1526 1309 Procnes
1561 1277 1599 1309 et

862 1319 990 1353 Cadmi
1008 1331 1030 1353 a
1048 1320 1270 1366 mythologie
1292 1321 1462 1364 traditae,
1488 1333 1597 1366 quae,

862 1367 894 1400 si
921 1377 1046 1401 coram
1069 1368 1210 1412 populo
1243 1367 1396 1410 fierent,
1435 1370 1598 1413 speciem

860 1414 1087 1458 praeberent
1134 1425 1252 1458 prope
1301 1415 1511 1450 ridiculam.
1554 1436 1596 1440 ——

860 1462 1038 1501 facundia
1059 1462 1257 1504 praesens]
1298 1463 1505 1505 „nuntius,
1532 1464 1597 1508 qui

860 1508 1056 1542 horribilis
1092 1511 1157 1542 aut
1188 1508 1398 1554 prodigiosi
1431 1510 1597 1545 alicuius

861 1554 949 1588 facti
990 1555 1097 1589 testis
1138 1555 1212 1589 fuit
1247 1557 1419 1590 oculatus
1456 1567 1499 1591 ac
1536 1558 1598 1592 vel

860 1604 1060 1645 propterea
1084 1602 1246 1636 facunde
1271 1603 1367 1637 illud
1392 1604 1595 1647 narrabit,“

860 1650 1020 1682 welche
1046 1650 1177 1683 dabei
1199 1659 1306 1692 war,
1331 1649 1440 1684 Voss.
1469 1650 1596 1696 Atque

860 1706 902 1729 re
920 1706 1018 1737 vera,
1037 1695 1126 1729 dum
1140 1700 1263 1731 cessat
1275 1697 1384 1740 actio,
1403 1708 1447 1732 eo
1464 1698 1597 1732 facun-

860 1742 984 1776 diores
1017 1742 1156 1777 debent
1188 1754 1272 1778 esse
1303 1747 1466 1789 suntque
1496 1746 1597 1791 apud

862 1789 1025 1823 Graecos
1048 1790 1265 1825 huiusmodi
1282 1793 1531 1835 narrationes,
1555 1796 1598 1827 ut

860 1836 1072 1870 auditorum
1090 1840 1232 1872 mentes
1246 1838 1449 1873 detineant.
1472 1840 1595 1874 Schol.
1644 1867 1652 1875 .

860 1882 956 1917 Ven.
981 1883 1030 1917 ad
1052 1883 1159 1918 Iliad.
1184 1887 1213 1926 ζ,
1239 1887 1308 1919 58:
1334 1885 1375 1918 ἐν
1400 1890 1483 1928 ταῖς
1507 1898 1597 1935 τρα-

860 1930 1014 1975 γῳδίαις
1053 1928 1264 1978 κρύπτουσι
1301 1930 1390 1975 τούς
1429 1933 1598 1980 δρῶντας

860 1976 906 2009 τὰ
938 1978 1096 2010 τοιαῦτα
1129 1977 1297 2022 (μισητὰ
1318 1982 1385 2013 καὶ
1410 1978 1520 2023 ὠμά)
1555 1982 1596 2015 ἐν

861 2028 943 2064 ταῖς
968 2029 1145 2067 σκηναῖς,
1183 2028 1250 2059 καὶ
1274 2022 1300 2069 ἢ
1325 2031 1474 2069 φωναῖς
1498 2030 1597 2061 τισὶν

861 2069 1160 2113 ἐξακουομένως
1196 2069 1222 2115 ἢ
1258 2072 1305 2105 δι’
1342 2071 1512 2117 ἀγγέλων
1554 2071 1596 2107 {5-

861 2127 996 2163 στερον
1029 2119 1264 2160 σημαίνουσι
1295 2117 1341 2152 τὰ
1366 2122 1596 2167 πραχθέντα,

861 2161 971 2197 οὐδὲν
996 2160 1089 2198 ἄλλο
1115 2162 1140 2208 ἢ
1166 2164 1409 2209 φοβούμενοι
1437 2166 1493 2212 μὴ
1524 2167 1596 2202 αῦ-

862 2212 921 2244 τοὶ
952 2212 1230 2255 συμμισηθῶσι
1268 2217 1346 2255 τοῖς
1376 2213 1595 2260 δρωμένοις.

910 2259 1121 2292 185—188.
1146 2260 1215 2303 Ne]
1241 2260 1348 2295 Hanc
1372 2263 1594 2306 particulam

859 2304 1055 2340 Bentleius
1081 2309 1183 2340 recte
1208 2308 1385 2351 restituit,
1411 2309 1451 2342 in
1470 2320 1514 2344 eo
1539 2313 1593 2345 ta-

859 2362 944 2386 men
980 2351 1117 2393 falsus,
1156 2355 1256 2398 quod
1292 2355 1385 2389 haec
1411 2357 1537 2391 omnia
1572 2369 1594 2392 a

859 2409 914 2432 vv.
938 2400 1249 2444 praecedentibus
1273 2402 1439 2446 pendere
1466 2405 1594 2448 opina-

859 2448 920 2480 tus
957 2449 1024 2481 est.
1073 2447 1266 2492 Incipiunt
1302 2450 1390 2484 hinc
1424 2453 1594 2496 exempla

860 2493 1004 2538 aliquot
1044 2505 1192 2537 eorum,
1242 2507 1339 2540 quae
1386 2508 1431 2531 ex
1472 2499 1592 2533 oculis

860 2540 1026 2574 tollenda
1063 2542 1157 2583 sint,
1195 2545 1231 2576 et
1267 2554 1335 2587 per
1372 2555 1411 2578 se
1442 2545 1592 2588 quidem

857 2587 991 2630 posita.
1006 2607 1049 2611 —
1061 2589 1209 2631 pueros]
1234 2601 1417 2634 „quorum
1440 2593 1593 2626 nomina

856 2633 986 2669 Medus
1018 2638 1055 2669 et
1083 2635 1331 2670 Mermerus.“
1368 2637 1518 2672 ACROR.
1547 2659 1589 2663 —-

856 2681 987 2715 Medea
1023 2682 1203 2725 trucidet]
1256 2683 1332 2716 Cfr.
1369 2695 1401 2717 V.
1442 2687 1519 2718 122.
1548 2706 1589 2710 —

859 2728 1023 2771 Procne]
1074 2728 1193 2768 Quam
1235 2729 1400 2764 fabulam
1442 2733 1590 2775 sapien-
