1774 2930
638 151 733 186 Lm.
757 151 805 186 Π.
853 149 1006 185 ΕΡΙΒΤ.
1029 150 1061 184 I.

207 252 374 295 Ennius
405 256 449 295 et
479 252 651 308 sapiens
683 255 727 294 et
756 251 879 294 fortis
912 254 955 293 et
987 250 1095 293 alter
1124 249 1361 302 Homerus,

1519 150 1605 191 409

1550 249 1607 291 50

211 323 266 366 Ut
297 323 432 365 critici
463 322 629 376 dicunt,
660 322 814 365 leviter
844 335 993 364 curare
1022 320 1206 374 videtur,

210 393 304 442 Quo
335 394 546 450 promissa
576 393 729 435 cadant
762 396 804 435 et
835 391 1001 434 somnia
1030 390 1318 447 Pythagorea.

207 463 395 507 Naevius
426 464 472 506 in
501 464 699 506 manibus
731 477 816 505 non
848 466 913 504 est
945 465 988 504 et
1018 461 1234 504 mentibus
1266 460 1416 503 haeret

209 534 354 577 Paene
373 548 523 577 recens
538 535 558 575 Ρ
589 533 711 576 Adeo
734 537 927 576 sanctum
949 535 1014 575 est
1036 536 1160 574 vetus
1184 546 1309 574 omne
1330 534 1498 587 poema.

187 665 243 697 53.
268 671 342 696 mm
358 666 420 705 est,
445 665 484 697 at
500 664 676 696 mentibus
695 664 821 696 haeret
846 662 928 696 sine
946 661 1127 707 interrog.
1154 660 1263 706 signo
1283 671 1369 695 cum
1386 660 1561 695 Dacierio

138 710 317 756 Doering.
343 711 392 753 (et
415 712 592 744 mentibus
617 711 742 743 haeret
768 711 838 743 cet.
865 709 947 743 sine
973 709 1153 753 interrog.
1179 708 1288 753 signo
1315 707 1421 750 LCt.)
1448 726 1491 732 -—

93 806 197 838 terea
211 805 332 838 redire
350 804 601 849 ad-volgatius
628 806 684 837 est
700 813 823 847 neque

92 850 204 885 facile
245 851 444 895 quisquam
484 852 523 884 in
566 850 822 895 excogitasset.

96 899 220 932 raetos
244 900 368 932 autem
393 897 487 931 dicit
510 907 658 931 omnem
686 900 827 941 tempo-

93 956 178 978 rum
203 945 536 989 computationem3
561 944 617 978 sic
642 944 682 977 in
705 943 826 978 Fastis

95 991 357 1026 consularibus
381 991 535 1036 proprie
552 990 676 1033 dictis,
701 990 733 1024 si
759 991 827 1024 ali-

94 1037 196 1072 unde
222 1040 417 1080 noverant,
442 1037 580 1082 quibus
606 1037 825 1072 consulibus

94 1085 256 1130 scriptor
278 1085 416 1129 aliquis
446 1085 642 1126 floruerat,
674 1084 826 1118 illorum

93 1132 245 1166 nomina
265 1131 481 1176 quaerendo
507 1131 701 1176 scriptoris
727 1134 827 1166 aeta-

93 1180 169 1212 tem
192 1179 419 1224 investigare
443 1181 628 1223 poterant.
647 1197 691 1202 —
711 1180 827 1212 virtu-

93 1225 179 1268 tem]
195 1227 410 1269 „poetarum
422 1225 617 1271 ingenium
627 1227 665 1259 et
673 1225 825 1259 artem.“

94 1290 141 1296 —
164 1272 344 1315 Libitina]
383 1273 558 1314 „mors;“
604 1297 620 1315 „
635 1273 743 1316 quasi
781 1272 826 1306 ab

95 1318 178 1363 ipso
202 1319 341 1353 feretro
365 1321 646 1353 venerationem
674 1329 827 1363 accepe-

95 1365 147 1399 rit
162 1367 274 1410 poeta
290 1365 522 1399 defunctus.“
548 1366 698 1409 ΡΟΒΡΗ.
722 1365 827 1400 Conf.

98 1411 167 1446 od.
191 1414 224 1454 3,
250 1414 307 1452 30,
332 1414 366 1446 7.
400 1412 473 1447 Sat.
499 1415 531 1455 2,
558 1416 590 1454 6,
619 1414 674 1446 19.

145 1483 265 1516 50-52.
289 1482 445 1525 Ennius]
472 1482 548 1516 err.
572 1481 640 1516 on.
665 1484 700 1524 4,
722 1484 754 1524 s,
772 1484 828 1516 20.

97 1528 190 1573 Epp.
229 1530 269 1571 1,
308 1531 371 1571 19,
409 1531 429 1563 7
469 1540 550 1574 sqq.
588 1548 631 1553 —-
668 1529 829 1572 sapiens]

98 1574 215 1609 Suum
262 1575 457 1621 ingenium
506 1577 587 1620 ipse
632 1576 831 1620 descripsit

98 1620 156 1665 (A,
184 1621 329 1657 Gellius
356 1625 417 1665 12,
443 1625 477 1656 4.
501 1623 647 1668 Fragm.
671 1623 770 1656 Anu.
796 1625 830 1665 7,

99 1670 194 1702 104-
210 1669 323 1711 111.),
348 1670 414 1704 ubi
438 1670 537 1704 inter
562 1671 637 1704 alia
660 1671 752 1703 haec
779 1671 830 1704 le-

94 1718 254 1761 guntur:
295 1717 434 1759 docta',
473 1718 587 1759 tidelis
608 1735 623 1741 -
645 1735 659 1741 -
680 1717 830 1750 verbam

96 1763 273 1806 Paucum,
298 1764 415 1797 multa
439 1766 562 1797 tenens
584 1765 750 1805 antiqua,
775 1773 830 1797 se-

93 1810 209 1852 putea,
233 1812 375 1844 vetusta
388 1829 403 1836 -
415 1828 430 1835 -
443 1812 648 1845 Multarum
663 1813 830 1844 veterum

99 1857 218 1898 tecum
250 1858 419 1898 diemque
450 1859 704 1898 hominumque
738 1860 830 1891 Pru-

96 1904 250 1937 dentem.
273 1921 322 1928 -—-
345 1904 472 1947 sortis]
509 1905 627 1950 magis
666 1904 830 1939 refertur

98 1948 146 1983 ad
170 1950 252 1984 eius
278 1960 396 1994 genus
427 1951 577 1985 dicendi
609 1951 751 1996 grande
776 1955 830 1985 at-

98 2006 172 2040 que
196 1997 390 2030 robustum
415 1997 647 2042 spiritusque
676 1998 830 2032 bellico-

98 2052 180 2084 sos,
213 2053 309 2086 quos
333 2044 495 2077 Annales
529 2047 566 2078 et
589 2046 707 2085 scipio
741 2055 831 2088 prae

76 2096 140 2122 'se
173 2088 365 2131 ferebant,
403 2101 516 2133 quam
548 2091 595 2124 ad
631 2091 693 2132 id,
732 2092 831 2135 quod

100 2134 288 2179 Scipionis
321 2135 491 2170 Africani
524 2137 677 2171 maioris
709 2137 833 2171 fuerat

101 2191 242 2216 comes:
262 2193 487 2227 quamquam
504 2186 546 2216 ut
561 2184 697 2217 fortem
715 2183 831 2218 bella-

100 2230 220 2262 torem
235 2228 400 2263 Ennium
416 2230 608 2273 praedicat
626 2229 742 2264 Silius
759 2231 832 2265 Ita-

99 2275 197 2309 licus
223 2277 277 2318 12,
296 2277 364 2310 393
382 2287 462 2320 sqq.
475 2294 523 2301 —·
537 2279 569 2310 et
586 2278 681 2310 alter
698 2279 832 2311 Home-

99 2321 178 2364 rus]
198 2322 530 2366 „quemadmodum
548 2324 693 2358 scilicet
710 2324 832 2358 critici

101 2369 218 2403 nostri
243 2368 387 2412 Latini,
413 2370 603 2415 elegantes
627 2371 685 2404 illi
710 2371 834 2415 profe-

101 2417 160 2449 cto
186 2426 229 2449 ac
253 2417 386 2460 periti,
420 2418 670 2459 contendunt,
703 2419 832 2462 aequi-

100 2462 291 2506 parandus
308 2463 517 2507 Homero;“
544 2465 584 2498 in
612 2465 750 2509 quibus
776 2475 833 2499 vv.

101 2509 191 2542 satis
217 2510 335 2552 inest,
368 2513 410 2544 ut
434 2511 580 2555 opinor,
605 2512 762 2546 ironiae.
789 2531 832 2535 —

103 2555 233 2597 „Adeo
266 2560 460 2600 praestans
493 2568 584 2603 ergo
618 2562 674 2592 est
712 2560 834 2602 poeta,

102 2604 146 2635 ut
171 2603 296 2636 leviter
320 2612 464 2647 curare,
497 2615 653 2649 prorsus
679 2616 834 2640 securus

104 2657 187 2682 esse
217 2651 337 2693 possit
370 2651 414 2685 de
447 2662 601 2686 suorum
633 2653 834 2696 promisso-

104 2704 188 2728 rum
228 2699 383 2740 eventu,
426 2709 520 2742 quae
562 2710 664 2734 nunc
704 2699 834 2745 magis,

874 812 984 846 quam
1017 802 1176 836 fortasse
1207 802 1289 846 ipse
1322 804 1510 846 sperarat,
1543 801 1611 835 im·

873 849 976 892 pleta
1001 850 1123 883 sunt.“
1142 868 1185 872 —
1199 850 1342 882 somnia
1366 848 1610 892 Pythaoorea]

874 896 1210 930 Pseudocornutus
1247 896 1294 929 ad
1327 896 1501 930 Persium
1536 895 1611 930 Sat.

875 945 908 984 6,
936 944 998 977 10:
1037 944 1106 976 Cor
1138 944 1235 976 iubet
1269 944 1333 976 hoc
1364 944 1481 985 Enni,
1514 946 1612 984 post-

875 998 985 1030 quam
1034 991 1220 1023 destertuit
1268 999 1342 1023 esse
1387 991 1612 1033 Maeonides,

877 1038 1031 1078 Quintus
1088 1045 1232 1078 pavone
1282 1046 1328 1070 ex
1374 1038 1612 1079 Pythoum-eo.

877 1083 973 1125 „Sic
1007 1083 1106 1117 enim
1141 1084 1194 1118 ait
1225 1083 1373 1118 Ennius
1412 1084 1453 1117 in
1485 1084 1613 1118 Anna-

875 1130 969 1164 lium
996 1141 1150 1164 suorum
1175 1131 1375 1175 principio,
1400 1130 1466 1164 ubi
1491 1141 1531 1165 se
1557 1131 1613 1165 di-

876 1178 927 1210 cit
963 1177 1101 1212 vidisse
1140 1179 1179 1211 in
1218 1178 1373 1212 somniis
1406 1178 1613 1212 Homerum

875 1225 1081 1266 dicentem,
1114 1225 1233 1258 fuisse
1267 1236 1306 1259 se
1333 1224 1524 1270 quondam
1549 1236 1613 1269 pa-

876 1282 1009 1305 vonem
1043 1274 1080 1305 et
1113 1283 1159 1305 ex
1191 1282 1234 1305 eo
1273 1273 1490 1306 translatam
1529 1283 1612 1307 esse

876 1319 1037 1352 animam
1063 1318 1103 1352 in
1130 1329 1169 1352 se
1195 1319 1403 1353 secundum
1428 1319 1613 1364 Pythago-

877 1376 942 1399 rae
960 1365 1230 1406 definitionem,
1257 1367 1322 1410 qui
1341 1366 1444 1407 dicit,
1469 1366 1613 1401 animas

878 1413 1059 1446 humanas
1099 1423 1167 1456 per
1206 1412 1497 1457 παλιγγενεσίαν
1530 1424 1615 1448 exe·

878 1459 990 1493 untes
1016 1459 1062 1493 de
1089 1459 1309 1504 corporibus
1335 1461 1376 1493 in
1403 1460 1477 1494 alia
1501 1470 1612 1504 posse

878 1506 1075 1540 transire.“
1109 1506 1164 1540 Ex
1182 1517 1226 1541 eo
1244 1507 1390 1541 somnio
1408 1510 1615 1552 supersunt

877 1553 948 1587 hae
974 1553 1177 1597 reliquiae:
1204 1555 1426 1588 Transnavit
1451 1556 1523 1587 cita
1545 1563 1613 1596 per

879 1602 1021 1633 teneras
1047 1601 1214 1642 catiqinis
1240 1609 1354 1634 auras
1380 1600 1522 1643 (anima
1536 1601 1614 1635 Ho-

878 1647 1009 1689 meri).
1043 1666 1088 1671 —
1116 1649 1217 1680 Visus
1257 1649 1442 1681 Homerus
1489 1649 1614 1682 adesse

875 1696 998 1735 poeta.
1018 1713 1061 1718 —-
1080 1695 1170 1727 Tum
1193 1696 1342 1728 memini
1364 1696 1446 1737 steri
1468 1703 1524 1728 me
1548 1704 1616 1736 pa-

876 1750 971 1774 vum.
997 1741 1131 1775 Facete
1146 1741 1262 1786 igitur
1277 1741 1615 1776 Grammaticorum

877 1787 1131 1822 Romanorum
1163 1788 1346 1835 iudicium
1371 1789 1483 1822 nimis
1509 1789 1615 1823 beni-

877 1845 993 1879 gnum
1020 1835 1066 1869 de
1091 1835 1214 1869 Ennio
1241 1836 1348 1870 affert
1375 1835 1492 1880 idque
1520 1836 1615 1870 clam

879 1882 1038 1916 deridet.

928 1954 982 1986 53.
1009 1955 1066 1986 54.
1099 1954 1260 1986 Naevius
1287 1954 1380 1996 cet.]
1410 1953 1523 1998 „Ipse
1550 1954 1615 1988 ille

878 1998 1060 2041 Naevius,
1096 2000 1167 2033 etsi
1192 2000 1316 2034 Ennio
1350 2011 1439 2034 sane
1465 2004 1617 2045 postpo-

880 2045 1049 2087 nendus,
1086 2057 1213 2080 nonne
1246 2048 1455 2090 permultos
1490 2049 1617 2081 etiam-

880 2102 983 2125 nunc
1017 2093 1176 2127 lectores
1208 2093 1322 2127 habet
1353 2097 1467 2138 atque
1500 2094 1618 2128 admi-

880 2139 1081 2172 ratores?“
1121 2139 1187 2173 Cn.
1213 2139 1375 2174 Naevius
1402 2140 1616 2185 Campanus

882 2195 914 2218 a.
940 2196 976 2218 u.
1002 2195 1034 2219 c.
1060 2187 1140 2219 519.
1165 2186 1324 2230 primam
1354 2187 1519 2222 fabulam
1553 2188 1618 2222 do-

882 2231 978 2274 cuit,
1012 2235 1184 2270 mortuus
1218 2244 1251 2266 a.
1277 2245 1314 2267 u.
1340 2245 1370 2268 c.
1404 2236 1486 2268 550.
1537 2235 1617 2269 Uti-

882 2288 968 2321 cae,
1008 2278 1049 2312 in
1087 2280 1231 2314 exsilio.
1280 2280 1436 2315 Praeter
1472 2285 1619 2328 tragoe-

882 2325 962 2360 dias
988 2328 1026 2359 et
1050 2327 1264 2361 comoedias
1290 2328 1507 2363 celebratur
1534 2330 1618 2364 eius

881 2372 1028 2406 Bellum
1053 2373 1240 2408 Punicum
1270 2375 1453 2419 primum,
1488 2376 1618 2410 Satur-

882 2419 957 2453 niis
976 2421 1149 2454 versibus
1175 2422 1442 2466 conscriptum,
1468 2423 1514 2457 de
1541 2434 1617 2467 quo

882 2465 954 2499 vid.
980 2465 1056 2501 Cic.
1074 2467 1180 2502 Brut.
1206 2470 1260 2510 19,
1278 2471 1322 2503 ⁷5
1349 2480 1406 2514 sq.
1448 2469 1536 2504 Sine
1562 2470 1619 2503 in-

882 2514 1135 2558 terrogatione
1160 2518 1301 2558 autem,
1334 2527 1447 2560 quam
1471 2517 1618 2561 primus

882 2561 1056 2604 apposuit
1080 2561 1286 2605 Bentleius,
1315 2566 1417 2597 totus
1443 2563 1549 2597 locus
1578 2563 1619 2596 fit

883 2607 1068 2642 absurdus
1100 2619 1224 2653 neque
1258 2610 1336 2643 ullo
1363 2609 1473 2643 modo
1500 2610 1618 2654 expli-

883 2654 962 2687 cari
1008 2657 1140 2698 potest.
1167 2675 1213 2680 --
1236 2657 1276 2689 in
1321 2658 1490 2689 manibus
1515 2676 1530 2683 -
1555 2657 1618 2700 est]

885 2701 1144 2743 „lectitatur.“
1197 2703 1350 2737 Sueton.
1390 2702 1507 2749 Calig.
1547 2706 1619 2738 16:
