1786 2912
567 168 570 171 ’
630 156 725 191 LIB.
749 156 778 190 1.
828 155 930 190 ΕΔΤ.
953 153 1002 189 Χ.
1053 151 1058 165 ἶ
1181 150 1183 155 ’
1489 153 1573 194 125

59 271 105 295 ex
129 260 462 296 Grammaticorum
494 258 711 293 narratione
744 258 892 291 servata
923 255 1032 289 nobis
1066 265 1088 288 a
1113 254 1293 288 Suetonio
1329 252 1490 287 Gramm.
1525 254 1571 286 2:

61 310 184 343 cram
207 309 380 344 nancte·
393 325 408 333 -
421 307 580 339 -mmris
605 304 768 346 exemplo
793 305 864 345 tait
888 304 937 336 aa
960 303 1188 335 imaum.
1238 302 1425 334 Hactenus
1450 303 1574 333 lamen

59 357 211 397 imitati,
235 357 278 388 ut
296 354 467 388 >earmina
488 360 626 396 param
649 353 768 385 adhuc
791 351 982 392 divolqala
1003 350 1064 383 vel
1088 350 1345 390 detunctorum
1370 349 1572 381 amicorum

58 403 118 436 vel
139 403 173 435 si
194 410 353 443 qaorum
376 402 536 434 aliorum
556 400 782 441 probassent,
807 398 1016 439 dinamius
1037 397 1290 436 retractarent,
1303 413 1319 420 -
1332 397 1401 428 -ut
1426 395 1572 428 Laelius

58 450 260 483 Archelaus
288 449 495 489 Vestamque
527 447 752 481 philocomus
784 445 916 478 Lucilii
946 445 1101 485 satiras,
1135 443 1333 485 familiaris
1364 443 1442 475 mi.-
1478 449 1571 482 quas

62 497 186 538 leoioee
209 505 247 530 se
271 496 373 538 apud
394 495 615 528 Archelaum
639 494 831 534 Pmnpeius
855 492 1035 533 Lenaeus,
1069 492 1171 532 apua
1195 490 1440 524 Philocomum
1470 489 1573 522 Vale-

59 544 141 576 rius
165 544 251 576 Cato
274 543 476 584 praedicat.
526 539 706 574 Confudit
737 539 853 584 igitur
876 538 1078 572 memoriae
1109 538 1199 571 vitio
1225 536 1425 578 Catonem,
1458 535 1572 570 huius

59 591 116 624 rei
140 593 284 632 testem,
309 599 394 624 cnm
416 589 484 631 iis,
517 589 583 633 qui
610 598 651 620 re
674 597 763 621 vera
787 586 926 619 Lucilii
956 584 1229 618 διασκευασταὶ
1254 584 1422 625 fuerant,
1456 582 1570 628 paulo

58 640 144 681 post
165 638 299 681 poetae
323 638 493 678 mortem,
517 638 560 669 ut
584 635 728 679 opinor.
755 632 961 676 (Memento
987 633 1098 666 etiam
1125 631 1266 666 Satiras
1291 641 1314 665 a
1340 630 1440 664 Iulio
1459 630 1571 664 Floro

59 684 197 718 electas
223 694 268 718 ex
291 683 434 725 Ennio,
458 682 626 724 Lucilio,
659 681 850 722 Varrone,
884 677 979 714 teste
1004 679 1263 724 Porphyrione
1287 678 1334 712 ad
1358 677 1451 722 Epp.
1481 681 1512 719 1,
1538 678 1571 711 3.

59 731 194 773 initio.)
222 750 264 755 —
292 732 356 764 hoc
383 731 497 764 tertius
520 730 584 762 ille
609 728 693 771 cet]
719 727 913 762 Sententia
936 726 1136 760 admodum
1161 726 1291 770 inepta
1315 724 1467 760 Catonis
1492 735 1573 758 mo-

58 788 120 811 res
143 778 283 822 probos
306 777 423 812 refert
446 777 493 811 ad
520 777 789 810 correctionem
812 784 987 807 versuum
1004 773 1300 815 Lucilianorum‚
1324 773 1363 806 in
1390 782 1466 816 qua
1490 772 1572 815 ipsa

60 834 152 859 cura
173 835 242 869 pro
268 825 422 859 leuitate
448 824 628 861 severitas
653 822 776 867 potius
801 821 1079 865 requirebatur.
1127 819 1273 854 Deinde
1299 819 1391 854 Cato
1415 822 1573 863 propter

58 872 201 916 ingenii
225 872 470 906 subtilitatem
494 870 741 915 praeponitur
765 869 883 914 equiti
900 868 1069 902 Romano
1095 867 1290 911 eidemque
1315 867 1571 911 grammatico.

60 918 152 957 Quis
177 922 301 954 autem
317 919 379 953 hic
394 918 520 960 fuerit,
547 918 680 951 horum
697 916 970 959 versiculorum
988 915 1209 959 scriptorem
1227 925 1304 948 non
1322 914 1439 959 magis
1457 923 1571 958 quam

58 975 129 999 nos
152 967 268 1000 scisse
300 965 472 1000 arbitror.
520 964 668 998 Etenim
700 963 747 998 de
770 962 986 996 Maecenate
1017 963 1183 1007 cogitare
1215 961 1327 1006 plane
1364 960 1571 995 absurdum

59 1022 142 1047 esse
167 1013 253 1057 quis
277 1012 453 1058 negabit?
500 1011 579 1045 Nec
610 1011 726 1056 magis
760 1009 962 1055 significari
995 1012 1117 1054 potest
1150 1010 1201 1051 is,
1234 1018 1347 1053 quem
1381 1018 1570 1041 nonnemo

59 1070 106 1093 ex
137 1060 258 1104 ipsius
281 1059 427 1094 Satirae
450 1070 484 1092 v.
521 1061 554 1092 6.
589 1061 729 1092 temere
762 1058 942 1101 arripuit,
974 1057 1019 1090 D.
1056 1056 1258 1098 Laberius,
1291 1055 1570 1100 mimographus

58 1106 230 1149 illustris,
254 1116 331 1141 non
357 1106 633 1152 grammaticus,
657 1105 722 1150 qui
747 1104 875 1138 decem
901 1104 1095 1138 mensibus
1117 1106 1204 1147 post
1220 1102 1393 1137 Caesaris
1420 1102 1571 1136 eaedem

60 1154 113 1195 (a.
138 1164 176 1188 u.
202 1164 234 1187 o.
259 1155 339 1188 711.
364 1154 541 1195 ineunte)
568 1151 815 1197 sexagenario
839 1151 959 1185 maior
986 1154 1155 1185 mortuus
1180 1153 1247 1184 est.
1298 1149 1571 1194 (Hieronymus

59 1200 98 1233 in
125 1200 263 1235 chron.
288 1201 426 1235 Euseb.
458 1200 506 1235 ad
540 1199 686 1245 Olymp.
722 1201 809 1241 184,
835 1199 884 1241 2.)
936 1198 995 1241 „Is
1027 1198 1323 1243 igitur“‚·quem
1358 1197 1429 1231 sibi
1464 1196 1573 1230 finxit

57 1248 429 1293 prooemiographus,
456 1257 500 1289 „a
523 1247 787 1292 grammatico,
812 1246 1068 1290 antiquiorum
1094 1245 1211 1278 veluti
1239 1248 1361 1278 sectae
1387 1244 1570 1288 principe,

56 1295 186 1329 multis
210 1295 345 1341 plagis,
369 1305 440 1328 nec
464 1294 587 1328 ferula
612 1294 743 1335 solum,
769 1291 835 1326 sed
860 1293 954 1326 loris
980 1296 1018 1326 et
1033 1292 1199 1333 funibus,
1224 1302 1300 1335 quo
1323 1291 1443 1336 magis
1468 1291 1572 1324 dole-

58 1344 144 1374 rent
167 1342 342 1385 verbera‚
366 1341 584 1375 madefactis
609 1341 654 1373 in*
676 1341 803 1374 schola
828 1341 1064 1373 exhortatur*
1094 1340 1164 1381 (al.
1191 1341 1383 1379 exoratus,
1419 1349 1465 1371 ex
1489 1348 1572 1371 cor-

58 1388 239 1430 rectione,
264 1399 339 1433 quo
361 1391 598 1422 'amoveretur
625 1385 668 1420 τὸ
693 1386 987 1428 σολοικοφανὲς,
1014 1388 1214 1420 exornatus
1241 1386 1321 1419 sine
1346 1385 1572 1418 auctoritate

60 1433 300 1478 Glareanus.)
325 1435 527 1477 „formatus
552 1438 665 1478 atque
691 1433 875 1468 educatus
901 1436 969 1473 est,
992 1436 1035 1466 ut
1058 1432 1230 1477 prodiret
1254 1431 1479 1476 aliquando,
1505 1432 1570 1476 qui

58 1481 235 1526 antiquos
250 1484 379 1526 poetas
397 1481 607 1515 vindicaret
624 1493 646 1515 a
662 1480 1034 1525 reprehensionibus.
1062 1480 1199 1524 quibus
1215 1479 1471 1513 recentiorum
1488 1479 1570 1512 fau-

58 1531 162 1563 tores
177 1529 265 1563 illos
277 1530 457 1564 insectari
476 1528 680 1563 solebant.“
700 1547 743 1551 —
765 1530 807 1560 m
822 1529 973 1561 redeam
988 1527 1094 1569 illuc]
1112 1527 1197 1566 Quo
1214 1526 1377 1568 tandem,
1401 1526 1571 1571 quaeso?

59 1574 133 1614 Qui
157 1575 366 1610 defendunt
388 1576 458 1610 hos
480 1575 687 1610 versiculos
713 1578 827 1620 atque
843 1574 1001 1608 Horatio
1026 1574 1312 1618 ipsitribuunt,
1338 1577 1381 1607 ut
1404 1574 1463 1607 vel
1488 1573 1571 1617 ipse

56 1622 235 1666 Vossius,
258 1623 461 1658 novissime
485 1622 651 1664 Franke‚
676 1621 907 1666 respondere
932 1622 1072 1655 solent:
1124 1621 1286 1665 „Nempe
1310 1621 1358 1655 ad
1385 1631 1447 1663 ea,
1474 1631 1571 1664 quae

58 1669 135 1703 dixi
159 1669 202 1703 in
227 1669 349 1704 Satira
373 1670 539 1714 quarta.“
589 1669 730 1703 Verum
762 1669 834 1702 hoc
859 1669 982 1713 ipsmn
1015 1668 1190 1713 frigidius
1221 1668 1482 1712 insulsiusque
1509 1678 1572 1702 ex-

57 1716 166 1760 primi
193 1717 256 1751 vix
278 1717 411 1762 potuit.
446 1717 538 1751 Nam
563 1727 632 1761 pro
658 1719 759 1750 certo
784 1717 875 1750 haec
900 1715 1137 1759 potissimum
1161 1716 1277 1750 verba
1301 1715 1572 1757 demonstrant,

59 1774 139 1797 non
165 1774 248 1798 esse
272 1764 478 1799 versiculos
504 1764 596 1798 istos
621 1763 837 1807 desumptos
864 1773 910 1796 ex
931 1763 1101 1807 longiore
1126 1763 1243 1796 satira
1267 1763 1313 1796 ab
1330 1762 1478 1796 Horatii
1503 1762 1572 1796 ali-

61 1821 138 1854 quo
163 1811 350 1846 imitatore
376 1811 596 1855 composita,
621 1810 687 1844 sed
713 1810 934 1854 scriptorem
959 1810 1213 1844 tantummodo
1237 1809 1573 1843 haecHoratianis

61 1867 217 1892 assuere
243 1858 333 1893 satis
357 1858 551 1900 habuisse,
576 1858 726 1902 sibique
751 1858 875 1902 ipsum
900 1858 1126 1902 gratulatum
1151 1867 1253 1899 esse,
1279 1868 1363 1890 cum
1390 1860 1474 1890 octo
1500 1857 1572 1890 sal-

60 1906 136 1938 tem
161 1906 366 1939 versiculos
390 1905 638 1940 Horatianum
665 1905 826 1939 colorem
852 1905 1092 1948 aliquatenus
1117 1905 1293 1938 mentitos
1318 1904 1490 1948 improbo
1516 1905 1571 1937 la·
1590 1909 1599 1920 ·

58 1950 149 1985 bore
174 1952 391 1987 extudisset.
439 1953 627 1995 Fuerunt,
653 1955 694 1986 ut
718 1952 791 1986 hoo
815 1962 967 1996 quoque
991 1951 1143 1994 addam,
1177 1952 1243 1996 qui
1268 1952 1341 1985 tria
1365 1951 1432 1985 illa
1456 1951 1571 1985 verba

58 2002 290 2043 resecarent;
314 1999 482 2042 fuerunt,
508 2000 574 2043 qui
599 2002 719 2033 totum
743 2000 868 2033 locum
894 1999 940 2032 ab
958 1999 1114 2032 Horatio
1140 1998 1334 2042 scriptum,
1361 1998 1426 2032 sed
1452 1999 1492 2031 in
1518 1999 1570 2031 al·

58 2047 138 2078 tera
162 2046 325 2081 editione
350 2046 532 2081 reiectum
557 2046 846 2080 arbitrarentur.
873 2065 916 2069 —-
941 2045 998 2079 De
1023 2049 1101 2079 tota
1125 2056 1166 2079 re
1192 2046 1341 2090 egregie
1367 2045 1571 2089 disputavit

57 2090 190 2126 Iacobs
213 2092 254 2126 in
277 2092 397 2127 Lectt.
420 2093 562 2127 Venus.
588 2092 652 2126 XI.
678 2094 736 2137 (p.
762 2093 862 2134 225.)
890 2092 966 2126 Cfr.
1000 2093 1112 2126 etiam
1136 2093 1323 2126 Iahnium.
1372 2092 1573 2136 (Singula-

8 2138 11 2140 ’
58 2149 137 2172 rem
162 2149 250 2173 vero
276 2139 323 2173 de
346 2139 451 2173 hisce
474 2140 671 2173 versiculis
698 2150 770 2173 van
795 2139 954 2173 Heusdii
980 2139 1143 2173 iunioris
1177 2140 1393 2183 opinionem
1417 2139 1503 2172 vide
1528 2139 1570 2171 in

59 2186 142 2220 eius
165 2186 315 2220 Lucilio
338 2197 374 2230 p.
403 2189 481 2220 121.
506 2189 544 2220 et
567 2197 604 2230 p.
631 2186 726 2228 139.)

143 2261 358 2298 ,Novissime
383 2261 418 2296 J.
445 2261 638 2295 Beckerus
663 2261 704 2294 in
730 2261 915 2306 Philologi
941 2261 1214 2296 Schneidewin.
1239 2261 1325 2296 Vol.
1349 2261 1415 2295 IV.
1432 2273 1468 2306 p.
1486 2263 1572 2296 490.

60 2319 140 2354 sqq.
164 2310 235 2344 hoc
260 2309 494 2359 proopmium
518 2308 674 2343 Horatio
700 2308 892 2343 vindicare
918 2309 1081 2351 studuit,
1113 2309 1446 2343 Grammaticorum
1470 2311 1571 2350 equi-

60 2359 135 2388 lum
159 2357 405 2390 doctissimum
430 2356 484 2399 (v.
512 2356 567 2398 8.)
593 2355 639 2390 de
663 2355 761 2389 Iulio
786 2356 898 2390 Floro
925 2356 1039 2400 (Epp.
1067 2358 1106 2399 1,
1131 2358 1164 2390 3.
1190 2358 1230 2399 2,
1256 2357 1310 2398 2.)
1345 2356 1569 2401 interpreta-

60 2405 132 2436 tus.
167 2402 442 2448 Disputationis
468 2414 611 2437 summa
635 2403 726 2436 haec
752 2405 831 2436 est:

153 2481 279 2513 Horaz
302 2481 343 2512 in
366 2482 542 2521 μετοίκιον
566 2481 845 2520 misssaeimmunq
870 2481 959 2513 iiber
985 2481 1052 2513 den
1077 2481 1286 2521 aeschmack
1309 2481 1424 2513 semes
1446 2481 1570 2521 publi-

62 2527 174 2567 kum,
198 2528 348 2560 welches
372 2528 430 2560 die
454 2529 599 2568 [ciuem
624 2528 847 2567 erzeuqnisse
872 2528 968 2559 m'cht
992 2535 1037 2559 zu
1059 2528 1248 2568 wardiam:
1274 2529 1464 2567 ver-stand,
1491 2529 1570 2559 und

61 2574 224 2606 ere-'uere
248 2575 338 2607 iiber
361 2583 401 2606 so
424 2576 576 2607 manche
602 2575 882 2615 lte-sireburnam,
914 2575 981 2606 wie
1006 2575 1064 2607 die
1088 2575 1150 2607 des
1175 2575 1295 2606 Iulius
1320 2575 1451 2606 Florus
1477 2573 1493 2615 (
1498 2582 1568 2606 von

60 2620 141 2652 dem
165 2629 206 2653 er
227 2622 302 2653 sich
327 2622 489 2661 camlich
514 2622 726 2662 abqewamu
751 2629 795 2653 zu
820 2622 937 2654 haben
959 2621 1135 2664 schem),
1169 2622 1240 2654 den
1273 2622 1373 2654 allen
1405 2622 1570 2653 dicmern

60 2667 98 2698 in
122 2675 236 2700 πονου·
261 2669 510 2708 qemessbarer
534 2669 666 2709 vestale
691 2676 763 2700 von
778 2676 908 2702 neuem
925 2669 1083 2709 cinnano
1099 2669 1176 2701 und
1190 2669 1393 2708 zuneiqunq
1419 2677 1461 2699 zu
1486 2675 1568 2700 ver-

59 2714 235 2757 schaffen,
267 2716 487 2748 namenllich
517 2724 593 2748 was
617 2716 674 2748 die
708 2723 779 2747 von
801 2715 874 2747 ihm
906 2716 1130 2756 verworfene
1162 2716 1329 2755 ricmunq
1365 2715 1430 2747 der
1453 2715 1569 2746 satire
