1786 2912
172 143 228 184 32

669 140 879 175 nomm
903 131 1190 175 amamini

290 242 406 285 Huic
435 256 565 299 parco
596 242 743 298 paucis
777 245 995 295 contento,
1029 242 1218 298 quinque
1248 242 1400 286 diebus

288 313 362 355 Nil
394 317 486 356 erat
517 314 561 354 in
592 313 758 355 loculis.
803 312 961 354 Noctes
991 313 1200 368 vigilabat
1230 313 1286 355 ad
1313 314 1456 370 ipsum

289 383 436 438 Mane,
470 383 585 426 diem
616 387 755 426 totum
786 383 1016 438 stertebat3
1049 383 1111 425 nil
1142 383 1224 426 fuit
1254 399 1443 440 unquam

291 454 364 496 Sic
394 455 533 510 impar
565 454 661 496 sibi.
686 478 740 483 ——
762 453 887 495 Nunc
918 454 1072 510 aliquis
1104 454 1218 496 dicat
1247 455 1377 497 mihi:
1410 454 1525 504 Quid
1553 456 1632 498 tu?

288 524 473 567 Nullane
504 525 638 567 habes
671 524 808 566 vitia?
837 524 971 566 Immo
1003 525 1089 567 alia
1121 529 1165 567 et
1191 525 1373 569 fortasse
1393 527 1572 569 minora.

1634 528 1691 568 20

289 595 483 638 Maenius
516 596 738 638 absentem
768 594 955 637 Novium
986 610 1083 637 cum
1116 601 1329 652 carperet,
1359 596 1483 640 Heus
1513 601 1581 650 tu,

290 665 475 714 Quidam
506 666 583 719 ait,
615 666 790 722 ignoras
820 667 896 708 te?
927 680 982 708 an
1014 671 1060 708 ut
1090 667 1290 723 ignotum.
1316 667 1418 710 dare
1447 668 1573 710 nobis

287 736 434 779 Verba
463 737 623 793 putas?
652 736 838 792 Egomet
868 737 928 778 mi
958 737 1155 793 ignosco,
1187 737 1383 780 Maenius
1413 739 1565 795 inquit.
1623 756 1627 760 ·

290 807 455 849 Stultus
486 812 529 850 et
559 808 780 863 improbus
812 808 883 849 hio
914 822 1032 850 amor
1064 813 1130 851 est
1161 808 1401 865 dignusque
1431 810 1586 852 notari.

290 878 399 920 Cum
429 882 504 920 tua
534 879 761 934 pervideas
793 879 926 920 oculis
957 879 1071 921 mala
1099 880 1243 936 lippus
1274 881 1482 933 inunctis,

1633 881 1689 922 25

265 979 321 1011 20.
348 969 381 1011 el
407 980 562 1020 sortasse
588 977 735 1023 bScdp,
760 978 935 1012 Pottierii
961 989 1110 1019 omnes,
1136 978 1186 1022 L,
1210 979 1336 1014 Bentl.
1362 981 1401 1013 et
1424 979 1519 1022 Fea,
1551 980 1642 1014 item

216 1024 258 1058 J:
285 1027 385 1058 haud
409 1027 564 1067 sortasse
589 1026 687 1060 Feae
713 1037 834 1067 unus,
862 1024 955 1060 ctM.
1007 1026 1180 1068 (Excidit
1205 1037 1224 1061 e
1252 1026 1342 1061 Cod.
1366 1027 1409 1060 B.
1435 1038 1469 1061 v.
1496 1028 1570 1070 20.)
1597 1046 1642 1052 —-

217 1074 274 1106 25.
301 1074 388 1106 Cum
414 1076 480 1106 tua
506 1076 546 1106 cu
569 1075 695 1107 videas
719 1074 883 1108 malebat
907 1073 1122 1116 Bentleius,
1148 1074 1267 1108 edidit
1293 1075 1382 1107 Cum
1405 1076 1478 1120 tua⁸
1493 1075 1642 1116 praevi-

169 1151 297 1184 95000.
331 1150 466 1183 Franc.
494 1148 590 1182 Gall.
618 1147 786 1192 200000.)
837 1148 905 1183 Est

168 1197 276 1242 quasi
309 1197 571 1241 proverbium,
606 1200 648 1230 ut
679 1196 790 1230 nobis
825 1198 904 1230 eine

166 1246 327 1279 Million.
340 1263 380 1267 —
393 1245 583 1284 quinquies
596 1244 736 1286 diebus]
751 1244 903 1288 paucis3

167 1294 211 1325 ut
235 1302 304 1325 nos
330 1291 489 1324 dicimus
517 1294 613 1325 octo.
631 1310 677 1315 —
699 1293 758 1325 Sic
782 1293 904 1333 impar

165 1338 250 1381 sibi]
269 1338 413 1372 Seneca
430 1338 497 1383 Ep.
528 1340 613 1372 120:
640 1339 787 1379 qualem
809 1340 904 1372 hunc

166 1387 337 1419 describit
363 1386 563 1427 Horatius,
597 1394 790 1426 nunquam
816 1395 903 1419 eun-

165 1434 257 1474 dem,
284 1442 329 1466 ne
353 1434 510 1466 similem
527 1434 672 1474 quidem
695 1434 785 1473 sibi‚·
811 1434 902 1467 adeo

166 1481 206 1513 in
232 1481 378 1513 diversa
404 1482 568 1513 aberrat.

215 1529 336 1561 20-24.
363 1527 494 1570 Immo]
521 1528 558 1560 h.
579 1527 605 1561 l.
632 1530 690 1560 est
713 1527 809 1568 eius,
836 1527 902 1572 qui

166 1574 326 1608 miratur
340 1574 499 1608 alterum
515 1574 560 1608 de
575 1585 616 1608 re
627 1584 722 1618 quae
737 1577 841 1608 certa
855 1575 903 1608 sit

168 1632 362 1665 quaerere.
397 1641 439 1645 —
473 1624 506 1654 el
539 1624 698 1663 sortasse
730 1621 901 1664 minora]

168 1668 361 1711 „Primus,
388 1669 535 1713 opinor,
561 1668 682 1702 Aldus
706 1668 902 1702 Manutius

167 1715 359 1749 sincerum
384 1727 448 1750 vas
480 1717 695 1750 incrustare
720 1716 841 1749 voluit
865 1717 903 1749 et

166 1764 338 1806 reposuit
357 1765 456 1797 haud
474 1766 638 1806 minora;
666 1774 779 1807 quem
797 1763 902 1796 dein-

166 1819 255 1853 ceps
282 1810 456 1854 plerique
491 1821 618 1844 omnes
651 1811 810 1844 nimium
836 1821 901 1854 pa-

164 1856 305 1890 tienter
340 1858 459 1890 secuti
491 1860 589 1891 sunt.
642 1857 743 1897 Quid
774 1857 902 1891 enim?

164 1913 215 1937 an
242 1903 426 1937 credibile
461 1907 518 1938 est
542 1905 614 1938 hoc
648 1905 791 1939 fassum
818 1913 900 1939 esse

164 1949 392 1983 Horatium?
427 1962 495 1984 sua
527 1952 619 1986 vitia
651 1963 727 1985 non
754 1951 902 1986 minora

165 2007 251 2031 esse
285 1997 384 2039 illis,
424 2009 519 2041 quae
553 1999 593 2032 in
629 1999 792 2044 Tigellio
826 2001 900 2033 tam'

163 2044 301 2078 acerbe
351 2047 562 2079 notaverat!
580 2063 595 2069 -
613 2066 627 2071 -
643 2046 761 2080 Immo
811 2057 900 2080 vero

165 2091 239 2125 sibi
275 2092 475 2125 mediocria
512 2094 658 2126 tantum
692 2094 785 2127 vitia
818 2104 901 2127 esse

164 2138 256 2172 alibi
282 2138 479 2182 gloriatur,
505 2150 581 2172 non
602 2140 825 2185 Tigellianis
850 2141 902 2174 si-

164 2185 281 2228 milia,
308 2184 382 2218 Sat.
403 2188 435 2227 1,
453 2188 486 2228 4,
515 2189 594 2220 130.
621 2189 653 2229 6,
680 2186 901 2221 65.--Sum-

163 2242 225 2266 ma
263 2232 458 2266 urbanitas
495 2235 552 2266 est
584 2233 622 2266 in
658 2245 689 2267 v.
724 2238 900 2278 sorta-5803

165 2279 276 2324 quasi
319 2290 395 2312 non
433 2283 671 2324 pugnaturus
708 2283 826 2324 foret,
868 2282 900 2316 si

165 2326 252 2371 quis
287 2326 348 2359 vel
384 2327 562 2371 aequalia
601 2338 683 2361 esse
722 2329 898 2363 dicerem

163 2372 330 2415 Bam„
375 2375 501 2414 „Und
537 2376 648 2407 doch
688 2377 899 2417 nossent-

167 2421 261 2453 lich
284 2421 403 2453 wohl
428 2421 676 2454 klcinere.“
720 2422 900 2468 Exiguam

163 2467 225 2502 'vel
257 2467 384 2511 potius
417 2467 561 2500 nullam
593 2470 853 2504 auctoritatem
879 2482 901 2505 a

166 2513 282 2548 Godd.
309 2514 429 2556 (velut
453 2525 529 2547 uno
549 2514 638 2548 Cod.
656 2515 752 2549 Feae
778 2528 800 2550 a
826 2528 899 2551 sec.

165 2561 304 2602 manu)
342 2561 456 2594 habet
492 2561 611 2595 altera
647 2562 760 2595 lectio
800 2565 900 2598 haud

164 2609 496 2650 sortassaminora,
522 2608 561 2641 in
588 2619 664 2652 qua
682 2612 718 2642 et
744 2610 901 2655 languet

164 2656 322 2696 sortasse
354 2658 393 2689 et
426 2655 580 2689 omnino
606 2655 786 2689 Horatius
812 2668 900 2691 reus

164 2701 208 2735 fit
215 2701 332 2736 falsae
346 2702 544 2737 cuiusdam
553 2701 771 2736 modestiae.
789 2703 900 2738 Hand

953 1149 1064 1184 Turs.
1090 1150 1155 1184 111.
1180 1162 1217 1195 p.
1243 1152 1308 1184 35:
1336 1150 1433 1193 „Qui
1460 1153 1559 1186 haud
1582 1162 1691 1196 prae-

951 1197 1092 1239 ferunt,
1118 1209 1195 1232 non
1221 1198 1534 1233 animadvertisse
1559 1199 1690 1233 viden-

952 1247 1034 1286 tur,
1070 1247 1170 1278 haud
1202 1256 1279 1279 non
1305 1249 1408 1279 recte
1434 1247 1524 1290 poni
1556 1247 1598 1280 in
1632 1257 1689 1289 ec,

952 1302 1064 1336 quem
1084 1293 1240 1334 obtinet,
1265 1290 1361 1333 loco,
1378 1304 1503 1337 neque
1520 1305 1690 1338 unquam

953 1339 1134 1384 coniungi
1172 1350 1285 1384 posse
1322 1350 1406 1374 cum
1443 1352 1477 1374 v.
1514 1342 1686 1382 sortasse.

953 1385 1046 1420 Cum
1066 1388 1165 1420 haud
1182 1387 1373 1429 scribitur,
1391 1387 1523 1422 deesse
1541 1387 1689 1432 aliquid

951 1433 1112 1467 videtur.
1161 1434 1266 1467 Nihil
1302 1434 1429 1476 deest,
1470 1445 1542 1469 nec
1578 1434 1688 1479 quid-

952 1491 1065 1524 quam
1081 1481 1287 1525 improbari
1305 1484 1430 1525 potest
1447 1482 1487 1515 in
1505 1483 1575 1516 hac
1602 1482 1686 1526 qui-

952 1528 1036 1562 dem
1062 1528 1270 1562 sententia:
1305 1529 1410 1568 Quae
1444 1539 1512 1574 ego
1538 1540 1597 1563 me
1622 1529 1689 1562 ha-

951 1575 1040 1609 bere
1068 1575 1293 1617 concedam,
1319 1575 1418 1610 alius
1444 1578 1533 1609 sunt
1556 1576 1688 1620 potius

950 1622 1122 1666 generis,
1149 1625 1204 1664 et,
1229 1625 1272 1655 ut
1297 1623 1452 1667 opinor,
1482 1623 1596 1657 etiam
1620 1623 1689 1656 mi-

950 1679 1056 1703 nora.
1098 1671 1215 1702 Immo
1241 1671 1322 1703 alia
1347 1669 1448 1704 enim
1473 1669 1685 1715 significat:

950 1716 1063 1750 immo
1101 1716 1222 1750 habeo
1259 1717 1369 1759 vitia,
1412 1717 1478 1751 sed
1515 1717 1602 1751 alia.
1642 1736 1686 1742 —-

949 1763 1135 1806 Maenius]
1156 1762 1229 1797 Sat.
1250 1766 1282 1806 1,
1302 1767 1334 1806 1,
1354 1765 1433 1798 101.
1452 1784 1495 1788 —
1513 1763 1688 1807 Novium]

950 1810 1139 1844 hominem
1158 1811 1342 1855 ignotum.
1363 1810 1523 1845 Novium
1539 1811 1688 1846 fenera·-

950 1860 1069 1891 torem
1106 1858 1228 1902 tangit
1267 1857 1342 1892 Sat.
1382 1860 1419 1900 1,
1454 1861 1493 1900 6,
1528 1861 1608 1893 121.
1642 1877 1685 1882 ——

951 1903 1167 1939 Sententiae
1183 1906 1238 1939 sic
1256 1906 1460 1940 cohaerent
1474 1915 1558 1939 cum
1575 1916 1685 1950 prae-

950 1951 1076 1986 ccdd.:
1105 1951 1252 1996 „Atque
1275 1953 1347 1987 hoc
1371 1964 1440 1996 pro
1466 1956 1568 1987 certo
1587 1952 1688 1987 affir-

948 2010 1052 2033 mare
1085 2010 1240 2043 possum
1266 2011 1325 2033 me
1360 2003 1434 2034 tam
1466 2000 1623 2033 stultum
1649 2002 1688 2034 et

947 2046 1160 2090 improbum
1193 2057 1270 2080 non
1305 2057 1407 2089 esse,
1441 2057 1554 2091 quam
1586 2046 1687 2080 Mae-

949 2094 1055 2127 nium
1088 2093 1198 2126 illum
1231 2094 1426 2134 novimus,
1458 2096 1501 2127 ut
1534 2103 1687 2137 carpam

949 2140 1125 2174 absentes
1162 2141 1324 2183 amicos,
1358 2140 1452 2175 mihi
1489 2140 1686 2185 ignoscam

949 2189 1042 2221 cet.“
1063 2206 1107 2211 -——
1125 2188 1278 2229 ianoras
1295 2187 1344 2231 le]
1365 2188 1525 2230 „nescis,
1543 2188 1681 2232 quibus

948 2234 1051 2268 vitiis
1078 2237 1119 2268 tu
1145 2235 1313 2277 labores,
1346 2245 1459 2280 quam
1483 2235 1687 2279 reprehen-

949 2281 1095 2316 sionem
1120 2282 1336 2316 mereare?“
1365 2301 1408 2305 —
1435 2280 1683 2324 dare-Verba]

948 2340 1016 2373 pro
1043 2329 1171 2371 rebus,
1195 2329 1235 2362 id
1260 2331 1329 2371 est,
1355 2328 1574 2371 „decipere,
1608 2328 1683 2362 cir-

950 2377 1201 2410 cumvenire.“
1214 2395 1257 2399 -
1271 2375 1433 2418 ianosco]
1447 2375 1545 2409 Nota
1557 2375 1685 2409 lusum

947 2426 1082 2468 poetae
1107 2423 1148 2456 in
1173 2423 1299 2457 verbis
1324 2422 1496 2468 cognatis
1519 2424 1684 2465 ianoras,

948 2473 1124 2513 iunctum,
1149 2472 1295 2511 ionosco
1320 2469 1542 2504 brevissimo
1566 2470 1684 2503 inter-

949 2518 1047 2552 vallo
1063 2528 1102 2552 se
1117 2517 1406 2562 excipientibus.
1422 2535 1465 2540 —
1483 2514 1685 2559 improbus]

950 2566 1131 2608 „nimius,
1163 2564 1316 2598 modum
1347 2565 1458 2609 longe
1484 2563 1684 2606 excedens,

948 2612 1111 2657 ideoque
1136 2612 1374 2656 perversus.“
1424 2610 1511 2644 vid.
1534 2609 1584 2645 ad
1609 2609 1680 2643 Od.

949 2661 982 2701 3,
1009 2662 1065 2701 24,
1092 2661 1149 2693 62.

997 2707 1118 2739 25-28.
1141 2705 1349 2748 nemaeus]
1373 2705 1571 2739 Pes-videre
1593 2711 1682 2737 sam
