1774 2930
156 154 241 195 346

275 254 448 309 Credis,
480 269 660 298 amoena
689 259 832 308 vocat,
863 269 1032 297 mecum
1064 256 1135 311 qui
1168 256 1322 309 sentit,
1354 261 1404 298 et'
1428 256 1535 309 odit,

632 153 841 188 HORATH
864 153 1214 188 EPISTOLARUM

275 325 395 374 Quae
426 331 474 367 tu
503 326 683 382 pulchra
713 329 854 382 putas.
898 325 1060 368 Fornix
1090 326 1169 368 tibi
1201 329 1245 369 et
1273 329 1404 369 uncta
1432 327 1592 383 popina

274 397 491 439 Incutiunt
520 396 639 438 urbis
672 396 951 450 desiderium,
983 396 1127 450 video,
1160 401 1203 439 et
1234 397 1349 454 quod

275 468 473 524 Angulus
503 468 587 510 iste
618 468 728 511 feret
758 468 882 524 piper
913 472 956 510 et
985 467 1084 509 thus
1117 468 1234 510 ocius
1265 482 1369 521 uva,

275 538 366 581 Nec
395 539 537 581 vicina
568 539 716 581 subest
746 539 894 581 vinum
924 539 1131 595 praebere
1161 539 1341 581 taberna

279 609 399 658 Quae
431 610 568 666 possit
600 610 700 660 tibi,
731 624 812 652 nec
843 610 1049 653 meretrix
1080 610 1275 664 tibicina,
1308 610 1428 652 cuius

1622 609 1679 650 25

275 680 345 723 Ad
375 681 600 737 strepitum
632 682 759 723 salias
790 685 931 723 terrae
961 681 1128 737 gravis:
1162 685 1205 724 et
1234 685 1378 724 tamen
1409 694 1538 737 urges

158 817 294 852 litariis
320 818 413 851 meis
436 818 550 851 tescis
568 817 801 858 lamentaris,
827 828 895 862 ego

159 875 227 909 per
265 864 394 899 eadem
432 865 546 898 hilari
589 865 714 898 animo
756 875 896 909 vagans

158 912 355 957 imagines,
380 913 497 955 iocos,
516 912 735 953 sententias,
756 912 896 955 quibus

117 989 120 991 Α
157 962 287 1004 postea
312 959 352 993 in
378 960 560 1004 poematis
588 963 685 1001 utar,
717 959 895 1004 colligere

159 1006 296 1041 soleo.“
326 1026 367 1030 ——
395 1015 535 1040 mecum
561 1008 624 1048 qui
648 1006 769 1049 sentit]
807 1006 894 1050 „qui

159 1054 289 1087 eodem
323 1055 435 1099 atque
463 1065 531 1099 ego
560 1065 676 1088 sensu
706 1054 895 1088 animatus

160 1102 265 1144 est;“
301 1112 398 1136 non:
435 1101 533 1146 „qui
559 1101 649 1135 mihi
676 1101 769 1135 haec
795 1100 895 1135 affir-

158 1149 275 1183 manti
300 1149 543 1183 assentitur.“

207 1222 329 1254 21-26.
363 1219 527 1262 Fornioe]
556 1219 674 1261 „cella
699 1219 895 1261 fornicata,

159 1268 199 1300 in
227 1278 302 1311 qua
326 1267 546 1301 meretrices
572 1267 809 1309 habitabant,
840 1266 898 1299 lu-

159 1315 313 1358 panar.“
343 1314 487 1348 Senon.
513 1334 558 1338 —
584 1314 709 1356 uncta]
739 1314 896 1356 „nidore

130 1389 132 1391 .
159 1362 336 1396 redolens
363 1365 401 1396 et
426 1361 578 1406 optimis
612 1361 707 1395 cibis
738 1362 894 1405 plena;“

159 1410 214 1444 sic
241 1420 325 1443 cum
344 1409 483 1443 Comm.
499 1410 613 1453 Cruq.
632 1409 896 1453 explicandum

159 1457 309 1490 videtur
327 1457 388 1491 vel
404 1459 560 1501 propter
581 1456 895 1490 consuetudinem

157 1504 415 1538 Horatianam.
465 1504 559 1549 Epp.
588 1506 625 1546 1,
654 1506 715 1546 17,
744 1505 806 1537 12:
837 1512 897 1536 ac-

159 1554 259 1586 cedes
293 1553 407 1585 siccus
442 1553 491 1585 ad
523 1554 684 1585 unctum.
735 1550 828 1595 Epp.
866 1553 897 1593 1,

163 1601 226 1642 15,
252 1602 317 1632 44:
351 1601 415 1632 ubi
440 1600 527 1640 quid
558 1600 687 1632 melius
722 1599 896 1639 continuit

159 1649 192 1680 et
217 1647 373 1680 unctius.
422 1646 583 1680 Martial.
611 1648 650 1688 5,
676 1648 743 1688 44,
769 1648 788 1679 ’ἲ
801 1657 809 1679 :
837 1654 897 1679 ca-

154 1697 241 1737 ptus
284 1703 320 1727 es
361 1696 525 1727 unctiore
567 1702 666 1727 cena.
717 1693 793 1726 Alii
835 1703 898 1726 ex-

157 1744 307 1786 ponunt
341 1741 598 1784 „immunda;“
640 1743 683 1774 ut
716 1743 773 1774 est
807 1751 896 1774 sane

158 1788 262 1834 Virg.
291 1788 407 1823 Catal.
434 1791 468 1831 5,
495 1790 558 1822 27:
593 1789 719 1829 Neque
743 1789 784 1820 in
808 1788 896 1820 culi-

159 1844 248 1869 nam
273 1839 305 1869 et
330 1838 441 1869 uncta
460 1836 677 1876 Compitalia
702 1837 897 1875 Dapesque

159 1885 267 1917 duces
308 1884 487 1916 sordidas.
523 1902 565 1906 -—
601 1881 812 1924 Incutiunl]
855 1884 898 1914 ut

160 1930 250 1964 alibi
271 1930 404 1964 dicunt
427 1932 590 1963 incutere
607 1932 754 1971 melum,
780 1931 896 1961 terro-

157 1986 249 2017 rem,
274 1978 517 2019 formidinem,
553 1977 607 2010 sic
633 1977 668 2010 h.
696 1977 720 2009 l.
747 1975 794 2009 de
819 1976 896 2009 acri

161 2024 364 2067 desiderio,
390 2027 434 2058 ut
453 2024 604 2058 Lucret.
625 2026 656 2066 1,
686 2026 746 2057 19:
774 2024 898 2056 Omni-

161 2074 225 2106 lrus
250 2074 431 2106 incutiens
457 2073 632 2105 blandum
654 2080 724 2112 per
747 2074 899 2112 pectora

160 2128 333 2153 amorem.
360 2139 400 2143 -
427 2119 606 2161 Anqulus]
635 2117 899 2163 „quemadmo-

159 2167 250 2202 dum
275 2170 316 2201 tu
343 2167 584 2211 contemptim
617 2166 758 2200 vocitas
791 2175 899 2209 prae-

161 2215 265 2249 dium
291 2215 450 2249 meum.“
479 2213 540 2248 Sic
567 2213 746 2247 Sidonius
772 2212 896 2256 Apoll.

161 2261 253 2307 Epp.
269 2263 301 2303 7,
322 2265 376 2304 17,
402 2264 466 2295 21:
492 2262 658 2302 Anqulus
683 2262 751 2294 iste
774 2261 898 2302 placet

158 2310 574 2351 paupertinusque
615 2316 788 2341 recessus.
837 2307 897 2341 Io-

163 2367 247 2391 cose
275 2360 397 2391 autem
425 2356 536 2390 dicit:
571 2355 774 2397 „Sabinum
800 2355 898 2388 latu-

162 2415 246 2438 rum
281 2414 363 2438 esse
397 2403 546 2437 facilius
582 2403 692 2436 etiam
727 2402 836 2446 piper
862 2404 899 2435 et

162 2451 249 2485 thus
277 2460 388 2495 quam
415 2451 583 2493 vinum;“
612 2450 650 2484 id
677 2453 744 2492 est,
770 2450 898 2483 vinum

162 2509 319 2544 prorsus
354 2501 529 2542 negatum
555 2508 638 2531 esse
665 2497 822 2538 Sabino,
857 2499 900 2529 ut

161 2547 271 2591 piper
306 2548 343 2579 ct
372 2546 460 2579 thus
493 2545 561 2578 toti
595 2544 746 2587 Italiam
785 2543 898 2577 nimis

164 2593 263 2629 enim
301 2592 479 2638 frigidum
518 2594 598 2625 erat
634 2592 738 2625 illius
776 2591 899 2625 solum

164 2644 202 2676 et
234 2650 409 2685 opacum,
447 2650 559 2683 quam
590 2642 632 2672 ut
657 2639 787 2673 vitium
819 2639 898 2672 cul·

165 2691 250 2722 tura
274 2687 326 2722 ibi
353 2688 479 2722 locum
497 2686 663 2720 haberet.
695 2686 787 2729 (Cfr.
803 2684 899 2729 Epp.

167 2739 207 2775 1,
234 2737 288 2769 16.
313 2735 413 2777 init.)
462 2733 562 2767 Vino
595 2733 712 2777 igitur
743 2733 783 2766 in
817 2732 899 2766 heri

946 816 1065 850 fundo
1092 819 1179 852 nato
1205 817 1259 851 uti
1286 827 1363 851 non
1380 818 1528 861 poterat
1543 815 1679 849 vilicus

947 875 1018 898 nec
1053 875 1171 908 prope
1206 866 1288 898 erat
1321 864 1486 898 taberna.
1514 882 1557 887 —--
1584 862 1680 906 thus]

947 912 1137 956 scriptura
1155 914 1212 945 est
1229 911 1395 954 sincera;
1414 914 1515 945 certe
1532 911 1572 944 in
1591 910 1681 944 dua-

945 959 1016 993 bus
1043 960 1261 1004 Augusteae
1296 959 1429 993 aetatis
1463 957 1680 1002 inscriptio-

946 1006 1058 1040 nibus
1100 1006 1198 1050 apud
1241 1006 1334 1040 Iahn
1382 1005 1603 1050 (Specimen
1644 1015 1680 1049 p.

946 1054 1018 1096 28.)
1054 1053 1126 1087 duo
1162 1056 1251 1087 sunt
1283 1052 1534 1086 THVRARII.
1585 1051 1682 1086 Con-

945 1104 1004 1134 tra
1044 1101 1082 1134 in
1125 1100 1229 1134 Actis
1270 1100 1444 1133 Fratrum
1485 1100 1680 1133 Arvalium

947 1159 1093 1192 semper
1132 1150 1189 1181 est
1223 1150 1289 1180 tus.
1343 1146 1419 1180 Cfr.
1458 1147 1505 1181 ad
1543 1145 1612 1180 Od.
1648 1148 1680 1188 1,

948 1198 1002 1237 19,
1031 1198 1084 1229 14.
1100 1215 1141 1218 -—
1162 1196 1235 1228 Nec
1251 1195 1375 1227 vicina
1393 1193 1478 1236 cet]
1506 1193 1682 1228 Taberna

945 1243 1053 1276 nulla
1078 1246 1158 1276 erat
1182 1242 1221 1275 in
1247 1241 1456 1284 vicinitate,
1481 1240 1572 1286 quia
1595 1240 1681 1274 fun-

946 1290 1016 1324 dus
1043 1292 1124 1324 erat
1148 1289 1361 1332 solitarius;
1388 1290 1520 1322 contra
1543 1289 1576 1321 si
1593 1296 1682 1329 aaer

945 1339 1143 1371 secundum
1166 1338 1265 1370 viam
1291 1338 1324 1369 et
1349 1337 1578 1378 opportunus
1601 1335 1682 1368 via-

946 1386 1085 1418 toribus
1125 1385 1239 1425 locus,
1277 1383 1528 1425 aedificandae
1561 1383 1681 1416 taber-

947 1441 1017 1466 nae
1043 1432 1293 1474 deversoriae,
1327 1439 1422 1472 quae
1446 1431 1679 1472 sunt--fru-

946 1482 1104 1513 ctuosae.
1146 1478 1268 1512 Varro
1293 1477 1338 1511 R.
1363 1477 1408 1511 R.
1436 1479 1468 1519 1,
1494 1478 1527 1519 2,
1553 1478 1610 1510 23.
1635 1495 1682 1501 —

947 1526 1118 1569 tibicina]
1157 1528 1199 1559 ut
1230 1525 1298 1559 illa
1323 1526 1419 1566 δορα
1442 1525 1588 1566 Surisca
1619 1532 1680 1557 ca-

943 1578 1010 1616 put
1037 1575 1153 1607 Graia
1177 1573 1350 1606 redimita
1374 1573 1526 1606 mitella.
1554 1591 1597 1595 -—
1622 1571 1681 1604 Aa

946 1620 1161 1664 strepitum]
1189 1619 1258 1662 „ad
1283 1618 1398 1654 tibiae
1425 1621 1575 1653 cantum
1601 1628 1681 1652 cre-

946 1668 1127 1713 pitantem
1170 1670 1283 1712 atque
1325 1666 1546 1700 absonum.“
1605 1665 1680 1699 Ofr.

947 1715 1015 1749 Od.
1042 1718 1075 1758 4,
1102 1718 1134 1757 3,
1163 1717 1217 1748 18.
1244 1733 1287 1738 —
1312 1714 1428 1747 salias
1458 1713 1582 1754 aravis
1608 1715 1680 1745 ter-

945 1762 1034 1805 rae]
1074 1763 1209 1805 „saltes
1243 1763 1424 1806 agrestem
1456 1760 1497 1793 in
1530 1759 1681 1793 modum

947 1812 1085 1843 terram
1119 1808 1280 1853 pedibus
1314 1807 1492 1852 pulsans,
1529 1808 1681 1841 schwer-

946 1857 1075 1898 sa'lliq,
1110 1857 1251 1897 plump.
1301 1855 1342 1888 A.
1369 1854 1411 1888 P.
1437 1857 1525 1888 430:
1562 1855 1681 1896 saliet,

947 1905 1072 1937 tundet
1095 1905 1185 1945 pede
1211 1905 1363 1936 terram.
1413 1901 1588 1935 Ceterum
1613 1902 1682 1934 hu-

946 1950 1111 1985 iusmodi
1155 1949 1314 1984 deliciae
1356 1959 1378 1982 a
1415 1948 1515 1983 vilici
1558 1947 1680 1982 officio

949 2009 1058 2043 quam
1085 1998 1242 2031 maxime
1268 1996 1534 2031 abhorrebant.
1570 1994 1681 2029 Colu-

947 2047 1059 2080 mella
1086 2048 1141 2087 11,
1169 2048 1200 2087 1,
1228 2046 1291 2078 13:
1328 2044 1453 2078 Somni
1478 2046 1511 2077 el
1534 2043 1612 2077 vini
1634 2043 1681 2076 sit

948 2093 1273 2127 abstinentissimus
1317 2090 1510 2134 (vilicus).
1527 2094 1545 2116 -‘
1560 2109 1576 2116 -
1592 2091 1682 2123 Tum

949 2141 1060 2174 etiam
1084 2141 1131 2173 sit
1149 2149 1172 2173 a
1189 2140 1352 2173 venereis
1373 2139 1559 2172 amoribus
1577 2145 1682 2170 aver·

947 2197 1028 2228 sus;
1054 2206 1097 2213 --
1113 2188 1254 2229 primus
1279 2187 1440 2220 omnium
1472 2185 1617 2227 viailet5
1633 2202 1648 2208 -
1666 2202 1681 2208 -

945 2237 992 2268 sit
1015 2235 1246 2277 sruqalitalis
1272 2234 1490 2275 eze-emplum.

995 2307 1114 2340 26-30.
1142 2308 1175 2339 et
1201 2307 1323 2338 lamen
1336 2303 1422 2346 cet.]
1450 2302 1520 2346 „Et
1544 2304 1681 2343 tamen,

947 2364 1031 2388 cum
1058 2352 1207 2386 deliciis
1233 2351 1310 2385 illis
1337 2351 1516 2385 tabernae
1534 2349 1602 2383 tibi
1622 2359 1682 2383 ca—

947 2400 1106 2434 rendum
1132 2399 1191 2441 sit,
1216 2398 1463 2432 nihilominus
1491 2397 1549 2440 (ut
1565 2399 1606 2430 tu
1623 2396 1681 2430 in·

947 2446 1214 2492 dignabundus
1231 2446 1340 2490 queri
1354 2445 1468 2487 soles)
1483 2454 1616 2489 graves
1630 2443 1682 2476 la-

947 2495 1057 2529 bores
1077 2494 1270 2538 suscipere
1283 2492 1410 2534 debes,
1429 2495 1471 2525 ut
1486 2490 1679 2536 ligonibus

947 2553 1037 2576 arva
1074 2541 1139 2575 diu
1181 2540 1353 2585 neglecta
1389 2538 1570 2573 versare“
1610 2539 1679 2571 cet.

946 2589 1029 2623 Non
1071 2589 1154 2622 eine
1196 2591 1299 2621 certa
1336 2585 1498 2631 quadam
1538 2583 1682 2618 malitia

948 2638 1145 2671 enumerat
1193 2635 1319 2668 omnia
1363 2643 1478 2677 opera
1526 2632 1680 2673 rustica,

949 2683 1088 2729 quibus
1122 2683 1231 2717 homo
1265 2681 1336 2715 iste
1364 2679 1512 2714 Stichus
1546 2688 1681 2713 vacare

949 2731 1121 2766 debebat.
1139 2748 1183 2754 -
1209 2728 1329 2771 uraes]
1356 2726 1495 2761 Tibull.
1523 2729 1554 2768 1,
1580 2728 1613 2767 9,
1639 2726 1678 2758 8:

1622 232 1756 296 20³
