1786 2912
147 128 204 170 78

648 126 857 161 HORATII
883 126 1166 161 SATIRARUM

265 228 463 270 Deiicere
495 242 519 270 e
551 242 656 270 saxo
690 228 805 270 cives
838 231 911 269 aut
941 227 1108 272 tradere
1141 228 1333 271 Cadmo?

264 298 324 341 At
352 298 516 341 Novius
549 299 713 355 collega
744 298 879 354 gradu
911 302 1010 354 post
1039 313 1108 341 me
1141 299 1262 342 sedet
1291 314 1400 354 uno;

1608 302 1665 342 40

264 370 460 426 Namque
484 374 548 412 est
579 370 672 423 ille,
705 373 829 425 pater
850 369 965 425 quod
986 374 1078 412 erat
1097 384 1232 413 meus.
1263 370 1360 413 Hoc
1390 371 1470 413 tibi
1489 371 1667 414 Paullus

263 440 323 482 Et
353 441 555 483 Messalla
586 441 777 483 videris?
807 440 866 482 'At
897 440 986 494 hic,
1020 442 1056 482 si
1088 442 1252 497 plostra
1282 442 1465 485 ducenta

266 511 615 567 Concurrantque
648 511 739 553 foro
770 512 853 553 tria
883 511 1035 554 funera
1063 527 1237 568 magna,
1270 513 1440 556 sonabit

267 583 438 625 Cornua
468 583 581 638 quod
612 583 839 639 vincatque
871 583 1021 636 tubas3
1056 584 1206 626 saltem
1239 588 1357 627 tenet
1388 584 1469 627 hoc
1500 599 1591 627 nos.

242 703 298 735 39.
324 703 474 734 Deicere
500 703 543 735 de
570 711 614 745 cp
643 703 680 735 et
703 712 760 745 pr.
787 700 811 734 d
838 701 1003 743 (Deicere
1031 710 1048 734 e
1076 712 1174 736 corr.
1203 701 1254 743 d.)

147 817 194 840 ex
227 807 378 851 populo.
428 810 539 849 Syrus
571 810 714 849 autem,
751 809 884 849 Dama,

146 856 353 898 Dionysius,
380 855 491 889 solita
509 865 701 889 servorum
719 855 884 888 nomina.

147 921 193 926 —-
210 903 375 936 Deiicere
394 903 424 945 e]
443 902 582 936 Eadem
601 903 883 936 constructione

147 948 228 983 Liv.
255 951 293 992 7,
327 952 389 984 10:
424 959 519 990 quae
545 950 705 993 (familia
728 949 884 991 Manlia)

148 997 343 1030 Gallorum
370 1006 502 1039 agmen
534 1007 580 1031 ea:
609 1006 701 1039 rupe
726 998 886 1039 Tarpeia

146 1045 286 1077 deiecit.
314 1064 356 1068 —-
383 1045 498 1088 saxo]
533 1045 713 1089 Tarpeio,
750 1045 810 1078 vel
844 1047 886 1078 ut

147 1092 321 1125 triumvir
356 1092 548 1137 capitalis,
585 1092 645 1126 vel
683 1093 808 1137 potius
843 1094 886 1125 ut

146 1142 300 1183 praetor
334 1141 411 1173 sive
446 1139 637 1184 quaesitor
670 1150 799 1173 rerum
826 1149 885 1173 ca-

147 1186 334 1230 pitalium.
377 1187 612 1232 Supplicium
637 1189 762 1221 autem
788 1186 884 1220 illud

147 1244 225 1267 non
259 1245 416 1278 prorsus
450 1235 644 1269 insolitum
679 1235 884 1268 etiamtunc

147 1281 278 1324 fuisse,
304 1285 490 1316 monstrat
514 1282 726 1326 exemplum
751 1282 793 1315 P.
810 1281 886 1315 Do-

148 1328 309 1363 labellae
336 1330 518 1372 consulis,
545 1330 612 1374 qui
638 1340 671 1363 a.
690 1341 726 1362 u.
745 1339 777 1362 c.
805 1330 884 1362 710.

147 1376 319 1411 homines
367 1377 537 1422 perditos
583 1388 626 1411 ac
676 1377 886 1419 seditiosos,

147 1423 289 1458 liberos
332 1423 377 1458 de
421 1435 509 1460 saxo
553 1424 716 1469 Tarpeio
760 1423 886 1466 defici,

147 1481 277 1505 servos
302 1472 343 1505 in
369 1482 520 1506 crucem
545 1472 606 1516 agi
632 1471 755 1505 iussit.
808 1471 885 1505 Cic.

146 1517 193 1551 ad
219 1518 294 1552 Att.
324 1521 378 1561 14,
407 1521 461 1560 15,
489 1521 520 1552 2.
549 1538 592 1542 —
619 1520 768 1552 tradere
796 1521 885 1552 Cad-

145 1565 226 1608 mo]
261 1565 322 1600 Sic
347 1566 524 1611 Diphilus
549 1565 731 1600 Meinekii
756 1565 821 1599 IV.
847 1577 883 1609 p.

146 1615 234 1646 389:
268 1613 320 1659 τῷ
353 1613 477 1659 δημίῳ
504 1612 726 1661 παρέδωκαν
752 1610 883 1646 αὐτόν.

148 1660 334 1702 „Cadmus
351 1661 491 1695 dicitur
509 1672 553 1695 eo
570 1663 739 1705 tempore
765 1660 883 1694 fuisse

147 1708 317 1742 carnifex
329 1711 442 1743 notae
453 1708 724 1742 crudelitatis.“
740 1708 883 1741 Senon.

148 1774 191 1778 ——
219 1758 265 1788 At
290 1758 429 1790 Novius
461 1757 554 1799 cet]
591 1755 732 1789 Novius
769 1755 884 1800 Niger

148 1806 326 1846 quaestor
341 1804 492 1837 circiter
510 1815 543 1837 a.
558 1814 595 1836 u.
610 1813 640 1836 c.
660 1805 752 1845 691„
771 1813 884 1847 quem

148 1851 327 1884 nonnulli
346 1852 422 1884 huc
440 1851 608 1893 trahunt,
635 1861 725 1884 sane
743 1850 790 1884 ab
807 1850 883 1884 Ho-

148 1898 295 1931 ratiano
328 1898 500 1932 diversus
526 1901 593 1932 est.
643 1898 724 1932 Hoc
758 1900 884 1932 autem

147 1944 242 1977 dicit
266 1948 395 1988 poeta:
423 1946 494 1988 „At
511 1956 577 1990 ego
605 1945 736 1979 saltem
759 1946 898 1979 minus.

149 1991 308 2026 obscuro
336 1993 418 2027 loco
446 1996 549 2027 ortus
575 2003 659 2027 sum
682 2003 795 2037 quam
811 1992 885 2026 No-

148 2038 251 2082 vius,
290 2040 437 2085 collega.
468 2051 574 2074 meus
600 2041 641 2073 in
667 2040 884 2082 tribunatu;

148 2096 217 2131 ego
243 2086 445 2121 libertinus
472 2099 565 2129 sum,
594 2088 660 2122 ille
689 2087 882 2121 libertus.“

148 2152 194 2157 —
219 2136 339 2175 arada
360 2138 441 2176 post
467 2144 522 2169 me
546 2137 643 2169 sedet
668 2134 756 2177 uno]
785 2145 883 2177 „uno

147 2181 269 2225 gradu
294 2181 494 2216 deterioris
526 2185 582 2216 est
613 2182 884 2225 condicionis“,

148 2229 393 2263 translatione
413 2232 562 2274 sumpta
578 2240 600 2263 a
614 2230 766 2263 sedibus
780 2230 884 2263 thea-

148 2275 210 2308 tri.
229 2295 272 2298 —
291 2275 486 2311 Eiusmodi
505 2280 630 2310 autem
655 2280 778 2311 terrae
803 2276 884 2319 filii,

149 2322 320 2357 homines
357 2324 531 2368 prorupti
564 2327 677 2368 atque
711 2324 884 2366 audaces,

150 2367 351 2413 Sasernae,
376 2371 555 2404 Decidius
576 2371 687 2413 Saxa,
713 2371 886 2411 Volusie-

149 2427 240 2459 nus,
278 2417 436 2452 Licinus
472 2421 622 2462 tonsor,
659 2430 727 2463 per
755 2419 886 2453 Gaesa-

149 2474 230 2498 rem
279 2465 327 2498 ad
382 2466 606 2499 senatoriam
665 2466 885 2511 dignitatem

149 2514 412 2555 pervenerant,
439 2523 509 2556 qua
530 2513 575 2546 de
601 2524 642 2546 re
669 2524 780 2558 saepe
799 2524 886 2547 con-

150 2559 324 2603 queritur
342 2559 475 2593 Oicero
494 2560 534 2592 in
552 2559 786 2605 Philippicis.
816 2560 886 2594 His

150 2606 324 2641 sordibus
359 2605 533 2649 (Orcinos
559 2607 690 2652 volgus
716 2608 885 2651 vocabat)

149 2657 280 2697 postea
297 2653 525 2688 Octavianus
543 2653 713 2688 ordinem
736 2655 887 2700 amplis-

150 2700 286 2734 simum
311 2702 500 2747 purgavit.
552 2701 706 2735 Sueton.
758 2701 885 2737 Octav.

935 809 991 841 35.
1019 827 1062 831 —
1089 810 1169 842 Hoc
1194 809 1260 842 tibi
1284 808 1376 851 cet.]
1415 809 1585 843 Tribuno
1611 820 1669 843 re-

935 855 1095 899 spondet
1134 855 1315 890 Horatius
1359 857 1490 901 populi
1533 856 1668 899 verbis,

935 903 997 935 cui
1029 903 1101 937 hoc
1135 913 1167 936 v.
1201 906 1238 937 et
1269 914 1303 936 v.
1329 905 1386 937 44.
1421 914 1502 938 sese
1537 914 1668 949 aggre-

934 952 1015 994 gat:
1058 950 1223 992 „Verum
1249 952 1314 984 hoc
1339 951 1501 994 („ideo“)
1528 952 1606 986 noli
1632 954 1668 985 te

934 998 1181 1042 aequiparare
1207 998 1378 1032 Aemiliis
1407 998 1569 1041 Paullis,
1595 998 1669 1033 Va-

934 1045 1038 1078 leriis
1055 1044 1252 1088 Messallis,
1277 1045 1370 1079 viris
1387 1046 1666 1080 nobilissimis.“

981 1094 1037 1125 43.
1052 1095 1110 1126 44.
1129 1093 1669 1136 concurrantque--cincatque1

933 1139 998 1173 Bis
1041 1139 1221 1184 deinceps
1262 1140 1419 1174 verbum
1459 1142 1499 1174 in
1540 1141 1668 1185 priore

934 1187 1100 1220 membro
1119 1188 1299 1221 omissum
1317 1199 1363 1222 ex
1384 1188 1594 1232 posteriore
1612 1188 1669 1221 in-

934 1234 1182 1279 telligendum
1200 1237 1275 1268 est:
1299 1237 1332 1268 si
1352 1236 1497 1277 plostra
1513 1237 1670 1269 ducenta

935 1284 1165 1323 concurrant
1176 1282 1259 1316 foro
1270 1284 1570 1324 concurrantque
1586 1284 1668 1324 soro

934 1330 1007 1362 tria
1032 1330 1165 1371 funera
1191 1332 1227 1363 ct
1253 1331 1399 1364 Cornua
1422 1323 1520 1371 qu'od
1543 1331 1670 1364 vincat

933 1378 1125 1418 vincatque
1151 1378 1268 1410 tubas.
1285 1396 1332 1401 —-
1348 1377 1446 1420 foro]
1465 1377 1533 1411 ubi
1557 1377 1669 1411 habe-

935 1423 1074 1457 bantur
1099 1424 1335 1458 laudationes
1359 1424 1559 1468 funebres3
1588 1435 1670 1458 cre-

935 1471 1134 1505 mabantur
1175 1472 1313 1506 mortui
1362 1472 1588 1517 plerumque
1628 1473 1669 1505 in

935 1518 1073 1563 Campo
1107 1518 1254 1553 Martio.
1282 1538 1325 1542 ——
1351 1521 1488 1561 funera
1519 1519 1668 1562 maana]

935 1566 995 1599 Sic
1022 1566 1267 1611 iungendum,
1297 1577 1374 1600 11011
1399 1575 1536 1607 maana
1560 1575 1669 1600 sona-

934 1614 1003 1656 0113
1054 1624 1178 1658 neque
1222 1613 1321 1647 enim
1371 1615 1468 1654 quod
1495 1623 1593 1647 -cum
1635 1624 1668 1647 v.

932 1669 1069 1701 maana
1093 1661 1183 1694 satis
1209 1662 1293 1704 apte
1320 1661 1512 1703 cohaeret,
1544 1672 1669 1705 neque

932 1708 972 1740 in
999 1707 1083 1741 aliis
1108 1708 1183 1741 nisi
1200 1709 1343 1749 maqnis
1368 1707 1569 1742 funeribus
1587 1719 1670 1742 cor-

934 1766 1010 1788 nua
1044 1757 1081 1788 et
1114 1755 1225 1789 tubae
1263 1755 1552 1790 adhibebantur.
1602 1755 1671 1790 Ce-

933 1804 1055 1835 terum
1079 1811 1219 1844 maana
1248 1811 1383 1836 sonare
1414 1814 1483 1847 per
1509 1814 1549 1836 se
1574 1803 1671 1837 nihil

932 1849 1047 1883 habet
1071 1849 1303 1884 offensionis.
1342 1849 1450 1884 Conf.
1477 1849 1551 1884 sat.
1579 1853 1611 1892 1,
1636 1853 1670 1893 4,

933 1898 997 1930 43:
1024 1906 1062 1930 os
1087 1899 1229 1939 Maqna
1253 1899 1482 1931 sonaturum.
1500 1917 1545 1922 --
1562 1906 1670 1932 sona-

933 1945 1114 1986 bit-quod
1139 1945 1276 1988 vincat]
1295 1943 1371 1979 Sat.
1398 1947 1430 1987 1,
1457 1947 1489 1987 9,
1516 1947 1580 1979 25:
1606 1947 1670 1978 In-

932 1993 1053 2025 videat
1096 1993 1192 2032 quod
1229 1994 1262 2026 et
1296 1993 1560 2034 Hermoqcnes,
1604 2001 1669 2034 eqo

934 2042 1052 2072 canto.
1080 2058 1123 2063 —
1151 2039 1493 2082 Cornua--tubas1
1526 2038 1670 2073 Seneca

934 2086 981 2120 de
1011 2085 1132 2120 Morte
1158 2086 1308 2120 Claudii
1343 2097 1381 2130 p.
1414 2088 1494 2120 681.
1533 2086 1670 2121 Gron.:

933 2136 981 2167 Et
1031 2137 1110 2168 erat
1159 2135 1322 2167 omnium
1372 2135 1671 2175 famosissimum

935 2181 1100 2224 (Claudii
1135 2181 1267 2223 funus)
1307 2183 1341 2215 et
1377 2182 1542 2223 impensa
1579 2190 1671 2215 cura

930 2230 1094 2272 plenum,
1119 2231 1160 2261 ut
1183 2231 1295 2262 scires
1320 2230 1426 2261 deum
1452 2229 1593 2270 effen-23
1625 2229 1670 2261 ti-

934 2277 1102 2318 bicinum,
1121 2277 1345 2309 cornicinum
1361 2277 1547 2316 omnisque
1564 2284 1670 2317 aene-

933 2325 986 2356 ris
1004 2325 1243 2357 aeneatorum
1268 2325 1374 2356 tanta
1399 2324 1519 2365 turba,
1545 2324 1669 2356 tantus

934 2374 1136 2412 conventus,
1162 2373 1203 2404 ut
1222 2371 1332 2403 etiam
1350 2370 1522 2404 claudius
1540 2371 1670 2403 audire

931 2422 1062 2459 posset.
1101 2436 1145 2442 —
1182 2419 1311 2450 saltem
1351 2419 1446 2450 tenet
1485 2418 1550 2450 hoc
1590 2416 1669 2459 nos]

937 2465 1099 2507 „Novius
1117 2465 1248 2499 saltem
1265 2466 1419 2508 propter
1437 2463 1671 2498 vociferandi

933 2513 1151 2547 facultatem
1185 2513 1285 2545 nobis
1322 2511 1480 2555 placet.“
1530 2511 1671 2555 Loqui-

935 2563 997 2594 tur
1023 2571 1070 2594 ex
1094 2559 1233 2604 popelli
1258 2568 1432 2603 persona,
1457 2569 1568 2603 quem
1586 2569 1670 2591 rur-

936 2618 999 2641 sus
1025 2607 1122 2641 salse
1147 2605 1312 2648 deridet,
1347 2605 1447 2650 quod
1478 2605 1668 2638 interdum

935 2657 1082 2688 tantum
1129 2655 1285 2699 propter
1333 2652 1567 2687 Stentoream
1608 2662 1671 2686 vo-

936 2713 1017 2736 cem
1054 2702 1155 2735 hunc
1193 2701 1346 2734 illumve
1384 2700 1572 2734 hominem
1605 2709 1671 2734 ne-
