1774 2930
130 131 220 174 540

792 133 1002 168 ΗΟΒΑΤΠ

252 233 464 276 Traverso
496 234 658 276 calamo
690 234 880 290 signum,
912 234 1141 277 ambitiosa
1171 234 1333 279 recidet

253 303 535 358 Ornamenta,
567 318 720 360 parum
751 305 877 347 claris
907 305 1050 348 lucem
1079 305 1181 348 dare
1214 311 1356 362 coget,

250 375 418 431 Arguet
449 375 649 430 ambigue
681 375 862 429 dictum,
895 376 1098 418 mutanda
1129 377 1312 431 notabit,

249 445 349 488 Fiet
378 445 680 500 Aristarchus3
713 460 799 488 non
830 446 970 489 dicet:
1005 446 1092 488 Cur
1123 461 1203 503 ego
1235 448 1417 490 amicum

1566 450 1653 490 450

251 516 479 559 Offendam
510 517 555 558 in
585 517 745 572 nugis?
774 516 870 559 Hae
900 531 1042 573 nugae
1074 519 1187 560 seria
1217 518 1372 561 ducent

249 587 300 628 In
330 588 444 630 mala
474 587 663 630 derisum
694 589 828 630 semel
859 592 1172 645 exceptumque
1205 590 1390 632 sinistre.

250 658 307 699 Ut
337 659 451 701 mala
482 673 609 714 quem
641 659 808 702 scabies
841 662 914 701 aut
945 659 1117 702 morbus
1149 661 1293 716 regius
1325 664 1450 716 urget

227 795 307 828 447.
326 795 550 828 Transverso
568 794 710 838 chdp,
728 793 818 837 LCt,
835 794 1044 837 Bentleius,
1061 794 1096 829 J.
1117 794 1181 838 (Ut
1198 806 1279 838 nos,
1297 795 1350 838 S.)
1365 815 1409 820 -
1423 797 1504 830 450.
1519 795 1607 838 non]

180 848 245 874 nec
269 841 360 884 ch‚
385 841 562 876 undecim
586 841 710 887 Regii,
736 841 855 875 LCtF.

128 956 170 987 et
187 954 334 994 ‘niqrum
351 954 465 987 simul
489 955 587 987 theta
606 953 725 996 (Pers.
744 956 777 995 4,
798 954 869 995 13.)

131 1011 311 1034 versuum
350 1001 639 1045 incomptorum.
675 1020 718 1024 —
756 1002 871 1034 ambi-

128 1047 248 1090 tiosa]
290 1049 690 1090 „aesallsuchti935
729 1048 869 1092 quibus

133 1095 304 1139 quamvis
331 1095 625 1140 supervacaneis
659 1098 696 1129 et
720 1095 869 1129 affecta-

131 1142 181 1175 tis
199 1144 240 1175 tu
258 1142 412 1176 lectoris
436 1143 721 1177 admirationem
740 1145 775 1176 te
793 1153 870 1176 mo-

131 1191 260 1223 turum
287 1191 541 1234 speraveras.“
571 1209 614 1214 —
639 1191 775 1223 recidet
802 1191 870 1223 Or-

132 1237 328 1280 namenla]
364 1237 545 1282 „Figurae
580 1236 806 1271 elocutionis
834 1239 870 1270 et

132 1284 316 1329 imagines
349 1287 504 1329 propter
538 1284 577 1318 id
611 1284 869 1318 tantummodo

133 1332 338 1375 quaesitas,
365 1343 440 1376 quo
467 1333 633 1366 novitate
651 1334 688 1365 et
711 1331 871 1365 audacia

132 1378 312 1422 placeant
338 1379 564 1421 lectoribus,
600 1389 684 1413 cum
710 1380 869 1412 veritate

128 1429 297 1468 careant,
323 1425 444 1460 recidi
463 1426 643 1460 iubebit.“
671 1426 764 1470 Epp.
784 1427 818 1468 2,
836 1428 869 1468 2,

135 1475 223 1507 122:
253 1474 486 1508 luoeurianlia
512 1476 719 1516 compescet.
738 1493 783 1497 —
801 1475 870 1506 Ar-

130 1523 217 1562 auet
231 1521 314 1564 cet.]
335 1520 442 1565 „Ipsa
455 1521 753 1565 reprehensione
769 1521 868 1554 clare

132 1567 406 1602 demonstrabit
430 1568 647 1602 huiusmodi
678 1568 871 1612 amphibo-

132 1615 204 1649 lias
239 1615 409 1649 vitandas
445 1616 562 1650 esse.“
590 1635 635 1639 -—
667 1615 869 1658 mutanda]

132 1661 214 1696 Hoc
240 1663 404 1696 refertur
430 1663 477 1697 ad
502 1663 651 1708 singula
677 1663 790 1696 verba
808 1673 869 1696 eo-

132 1720 295 1754 rumque
331 1710 521 1753 ordinem3
564 1710 609 1744 de
648 1711 735 1743 totis
769 1710 869 1743 enim

133 1757 306 1790 versibus
341 1757 574 1802 corrigendis
607 1758 697 1791 satis
723 1756 870 1790 dixerat

133 1814 190 1838 vv.
234 1806 402 1838 445-447.
430 1824 473 1827 —
500 1806 578 1837 Fiet
610 1803 868 1846 Aristarchus]

135 1850 321 1893 „Omnino
355 1852 428 1884 erit
464 1852 559 1885 alter
592 1851 869 1892 Aristarchus,“

131 1899 242 1932 cuius
268 1902 310 1932 ut
343 1899 478 1932 summi
511 1898 633 1932 critici
666 1908 803 1931 nomen
829 1898 868 1930 in

132 1945 376 1989 proverbium
399 1945 555 1979 abierat.
583 1945 659 1978 Cic.
677 1944 725 1978 ad
742 1945 816 1978 Att.
840 1948 869 1986 1,

137 1994 192 2034 14,
213 1994 250 2025 3:
270 2001 428 2033 quarum
446 1993 627 2035 (mearum
645 1992 868 2034 orationum)

127 2042 174 2072 tu
210 2041 447 2073 Aristarchus
484 2049 529 2073 es.
566 2058 610 2063 —
645 2048 718 2072 'non
755 2039 869 2081 dicet]

136 2087 259 2128 „Hoc,
294 2087 325 2120 si
352 2098 462 2121 aures
495 2087 684 2128 consulis,
716 2087 870 2130 plenius

133 2134 346 2178 fortiusque
373 2136 459 2176 exit,
486 2135 578 2178 quin
605 2137 642 2167 et
660 2134 869 2167 sententiae

132 2192 287 2225 quoque
314 2181 494 2225 ponderis
519 2181 694 2214 nonnihil
711 2181 870 2225 gravita-

135 2228 262 2273 tisque
288 2228 426 2263 addit.“
453 2229 598 2262 BENTL.
632 2228 731 2267 Quin
759 2229 869 2261 etiam

135 2275 276 2309 rectior
313 2276 372 2317 fit;
410 2287 497 2310 nam
529 2276 570 2309 in
608 2275 771 2309 lectione
805 2284 871 2308 nec

130 2324 227 2356 dicet
261 2334 315 2356 vv.
341 2324 599 2356 Aristarchum
631 2323 712 2364 fieri
737 2325 774 2356 et
798 2331 871 2355 non

131 2371 256 2403 dicere
290 2373 332 2402 ut
366 2370 534 2404 eiusdem
569 2370 719 2414 generis
754 2370 873 2415 actio-N

136 2427 204 2450 nes
246 2427 422 2460 perverse
460 2417 635 2450 videntur
677 2416 869 2460 coniungi.

138 2463 279 2498 Contra
313 2473 386 2497 non
422 2465 513 2497 dicet
550 2464 620 2498 hoc
658 2464 869 2508 significat:

131 2511 341 2555 „quocirca
373 2511 433 2544 hic
471 2513 546 2545 tam
579 2521 732 2545 severus
767 2510 871 2544 criti·

132 2569 204 2592 cus
238 2569 431 2602 nunquam
465 2559 633 2601 profecto
665 2557 798 2591 dicet.“
827 2576 869 2580 —-

135 2607 176 2638 in
201 2605 327 2648 nugis]
365 2605 427 2648 „in
461 2605 575 2638 rebus
606 2605 797 2647 leviculis,
831 2606 872 2637 ut

135 2655 195 2686 est
219 2663 319 2686 unus
345 2653 487 2686 alterve
504 2652 718 2686 versiculus
746 2662 872 2695 repre-

135 2700 320 2733 hensione
359 2700 530 2744 dignus.“
558 2718 603 2723 ——
631 2701 712 2732 Hae
748 2708 872 2740 nuvae

921 954 1006 997 cet.]
1035 954 1106 998 „At
1131 965 1220 988 vero
1238 954 1309 989 hae
1334 955 1439 999 ipsae
1465 965 1589 1000 nugae
1613 956 1654 988 in

920 1011 1034 1036 causa
1059 1004 1182 1044 erunt,
1208 1004 1252 1036 ut
1268 1002 1410 1036 amicus
1428 1002 1469 1035 in
1496 1001 1654 1036 eandem

919 1049 1174 1092 turpissimam
1200 1049 1336 1083 famam
1362 1049 1524 1092 incidat,
1557 1060 1653 1093 quae

918 1098 1118 1140 persecuta
1143 1098 1201 1130 est
1227 1096 1339 1130 etiam
1369 1096 1469 1140 apud
1493 1097 1654 1140 posteri-

918 1145 1032 1176 tatem
1067 1143 1304 1186 Choerilum,
1342 1143 1519 1185 Bavium,
1553 1142 1654 1178 Mae-

918 1191 1041 1233 vium;
1067 1190 1105 1223 id
1133 1190 1232 1234 quod
1257 1191 1390 1224 merito
1414 1192 1552 1224 serium
1575 1199 1654 1224 ma-

921 1238 998 1271 lum
1029 1237 1105 1271 dici
1139 1237 1284 1271 debet.“
1312 1256 1356 1261 —-
1390 1237 1576 1280 derisum]
1612 1248 1656 1280 „a

918 1284 1170 1329 popularibus
1197 1284 1276 1318 suis
1303 1284 1533 1328 explosum.“

967 1334 1167 1366 453-456.
1204 1331 1250 1364 In
1283 1332 1451 1377 epilogo,
1484 1333 1528 1365 ut
1560 1331 1655 1366 solet

920 1378 1001 1421 (cfr.
1027 1379 1074 1413 ad
1093 1379 1186 1423 Epp.
1205 1380 1239 1420 2,
1259 1381 1290 1412 1.
1316 1379 1426 1421 extr.)
1453 1378 1654 1413 ridiculam

918 1426 1098 1471 proponit
1121 1426 1324 1471 imaginem
1346 1428 1480 1470 poetae
1496 1437 1652 1470 prorsus

919 1475 1049 1507 vesani
1076 1476 1113 1507 et
1145 1474 1191 1507 ab
1226 1472 1400 1507 omnibus
1430 1473 1546 1507 derisi
1572 1473 1653 1516 (vr.

919 1520 1149 1562 453—476.).
1176 1519 1324 1565 Optime
1343 1523 1469 1554 autem
1494 1531 1651 1564 respon-

919 1568 982 1602 det
1018 1567 1172 1602 exordio
1210 1568 1352 1610 exitus,
1388 1570 1652 1602 monstruosae

919 1615 1062 1660 figurae
1087 1617 1200 1659 poeta
1229 1614 1410 1649 furiosus.
1436 1633 1480 1638 -
1505 1616 1653 1648 morbus

916 1662 1061 1706 reqius]
1087 1662 1243 1696 morbus
1268 1664 1469 1706 arquatus,
1494 1659 1653 1709 ἴκτερος,

919 1711 1166 1743 Gelbsucht.
1193 1709 1289 1743 Cels.
1309 1711 1341 1751 3,
1360 1710 1423 1742 24:
1449 1710 1523 1742 Per
1547 1717 1652 1742 omne

918 1760 1056 1798 tempus
1081 1757 1258 1789 utendum
1282 1758 1332 1788 est
1359 1757 1453 1797 lusu,
1477 1757 1568 1797 ioco,
1597 1756 1652 1788 lu-

918 1805 991 1845 dis,
1021 1804 1188 1843 lascivia,
1214 1810 1282 1843 per
1306 1811 1401 1842 quae
1425 1811 1526 1835 ‘mens
1553 1803 1652 1835 exhi-

921 1852 1082 1889 laretur,·
1109 1851 1152 1883 ob
1171 1858 1266 1890 quae
1283 1849 1411 1894 regius
1429 1849 1582 1883 morbus
1598 1850 1652 1882 ai-

919 1900 996 1930 cius
1004 1898 1159 1930 videtur.
1172 1916 1214 1920 —
1226 1898 1412 1938 fanaticus
1423 1895 1652 1939 error1Flor.

920 1946 958 1986 3,
986 1946 1040 1986 19,
1067 1946 1107 1976 4:
1140 1945 1326 1985 fanaticus
1351 1944 1474 1985 furor,
1501 1943 1653 1987 qualem

918 1991 1104 2035 imprimis
1122 2002 1144 2025 a
1162 1991 1300 2035 Cybele
1325 1992 1362 2024 et
1378 1990 1538 2024 Bellona
1554 1991 1653 2034 ipsa-

918 2050 1004 2072 rum
1055 2037 1314 2072 sacerdotibus
1355 2038 1503 2071 immitti
1544 2040 1654 2082 puta-

920 2086 1028 2128 bant,
1062 2085 1163 2119 unde
1196 2085 1237 2118 in
1270 2084 1459 2128 Inscriptt.
1493 2095 1542 2118 m.
1571 2083 1653 2118 Lat.

918 2132 962 2166 N.
1005 2134 1121 2166 2317:
1171 2134 1238 2164 EX
1283 2132 1427 2165 AEDE.
1478 2133 1652 2165 BELLO·

919 2181 1054 2214 NAES.
1116 2180 1401 2213 PVLVINESIS.
1461 2179 1653 2212 FANATI-

921 2228 1010 2261 CUS.
1048 2226 1198 2271 Ulpian.
1225 2226 1248 2258 l.
1278 2228 1308 2259 1.
1335 2226 1366 2268 ἓ.
1399 2236 1484 2270 pen.
1510 2225 1556 2259 de
1581 2225 1654 2259 Ae-

920 2274 1004 2307 dil.:
1040 2276 1103 2315 qui
1127 2275 1227 2306 circa
1252 2274 1344 2314 sana
1369 2274 1594 2306 bacchantur
1619 2275 1653 2306 el

920 2322 1028 2362 quasi
1061 2323 1242 2354 dementes
1275 2328 1450 2361 responsa
1482 2321 1652 2353 reddum,

921 2368 996 2402 Cfr.
1015 2367 1090 2402 Sat.
1109 2369 1141 2410 2,
1161 2368 1192 2409 3,
1212 2369 1292 2400 223.
1315 2367 1442 2400 Prima
1459 2367 1590 2410 utique
1609 2376 1652 2400 ac

919 2415 1078 2449 maxime
1102 2414 1255 2459 propria
1278 2413 1554 2459 significatione
1579 2413 1653 2447 adi.

919 2464 1105 2504 fanaticus
1129 2461 1317 2505 reperitur
1340 2461 1381 2494 in
1397 2460 1651 2504 Inscriptione

920 2509 1143 2550 Veronensi,
1169 2509 1356 2542 Bullelino
1372 2509 1457 2542 dell'
1476 2509 1566 2540 lust.
1591 2515 1652 2540 ar-

921 2558 1031 2590 cheol.
1070 2558 1173 2589 1836.
1209 2564 1244 2596 p.
1280 2557 1366 2588 141:
1407 2554 1651 2587 FANORVM.

922 2604 1204 2637 CVRATORES.
1277 2603 1352 2635 EX.
1431 2601 1651 2635 PECVNIA.

919 2651 1167 2685 FANATICA.
1206 2650 1326 2693 (quae
1359 2648 1531 2682 fanorum
1565 2658 1652 2691 pro-

920 2698 1003 2742 pria
1051 2698 1129 2738 est)
1177 2696 1466 2730 FACIVNDVM.
1514 2695 1651 2728 CVRA-
