1774 2930
112 155 201 197 492

233 255 371 304 Quam
404 257 441 298 si
472 257 688 313 proferres
721 257 870 312 ignota
900 256 1145 314 indictaque
1175 259 1353 314 primus.

771 155 981 191 HORATII

228 327 409 370 Publica
438 328 639 371 materies
671 328 828 384 privati
859 327 964 370 iuris
997 329 1098 382 erit,
1133 329 1170 372 si

227 397 326 441 Non
356 399 469 441 circa
497 399 627 444 vilem
658 399 937 455 patulumque
969 399 1211 442 moraberis
1244 400 1413 454 orbem,

105 598 270 633 ὃείτνων
318 600 509 644 appellare
558 599 639 644 ipse
691 599 845 634 solebat.
895 599 1107 644 exemplum
1126 600 1344 635 declarabit.
1382 600 1556 635 Electrae
1579 612 1638 636 ar-

108 647 247 681 Athen.
282 649 322 690 8,
349 649 382 680 8.

108 705 193 739 pag.
220 696 301 729 595.
329 694 380 728 O:

432 647 539 682 Plato
577 647 623 703 de
661 647 753 704 Rep.
794 649 849 681 10.

421 690 523 728 ’ἑοικε
548 692 621 741 γὰο
657 690 849 751 (Όμηρος)

109 741 185 775 τῶν
217 741 345 775 zaken!
378 738 559 775 (inflationi
597 752 743 775 touton!
776 753 851 774 1022!

109 789 299 844 τραγικῶν
330 789 490 845 πρῶτος
534 786 764 831 διδάσκαλός
810 800 850 822 τε

110 838 177 870 καὶ
210 834 365 891 ᾒγειιών
398 837 590 882 γενέσθαι.
618 856 660 860 -
688 837 850 880 deducis]

109 885 222 929 quasi
255 884 383 918 filum:
421 886 725 926 ausspinnen.
763 884 849 918 Vid.

108 931 158 966 ad
184 931 259 966 Sat.
286 933 320 975 2,
348 934 379 974 1,
404 934 439 966 4.
473 931 581 965 Ovid.
607 931 695 965 Met.
721 934 753 974 4,
782 933 848 965 36·
841 958 849 965 .

111 980 183 1012 levi
218 981 397 1013 deducens
433 980 565 1021 pollice
602 980 715 1021 filum.
773 978 848 1012 Cfr.

108 1025 313 1060 Ruhnken.
332 1023 384 1061 ad'
398 1026 590 1060 Timaeum
608 1037 640 1059 v.
658 1022 849 1070 κάταγμα.

108 1073 207 1108 Feae
246 1076 283 1108 et
311 1073 507 1119 Doeringii
545 1073 659 1108 lectio
697 1074 849 1116 diducis,

107 1121 220 1166 quasi
246 1121 390 1156 fontem
415 1121 608 1166 ingentem
633 1122 672 1154 in
691 1120 848 1163 rivulos,

109 1169 244 1214 tragici
269 1179 386 1213 prope
410 1169 744 1213 reprehensionem
763 1178 850 1201 con-

107 1216 215 1250 tinet.
277 1215 464 1259 „Rectius
505 1215 683 1250 extendes
723 1215 850 1258 μῦθον

107 1263 277 1308 aliquem
308 1263 553 1297 Homericum
591 1263 738 1297 actione
776 1264 851 1296 tra-

109 1310 214 1354 gica,
251 1311 291 1344 in
326 1321 403 1356 qua
441 1314 477 1344 et
514 1321 717 1355 personae,
755 1321 849 1354 quas

109 1358 288 1401 induces,
327 1361 364 1392 et
395 1358 522 1402 αῦθος
553 1358 635 1402 ipse
662 1357 851 1411 copiosius

109 1405 366 1450 explicentur,
401 1416 514 1460 quam
546 1404 628 1439 fieri
660 1406 786 1449 potest
811 1404 851 1437 in

109 1451 312 1499 ἑπεισοδίῳ
354 1453 474 1498 epico.
487 1453 504 1471 ‘⁵‘
570 1451 663 1486 Nam
705 1451 751 1485 de
793 1453 851 1485 his

108 1500 350 1544 potissimum
385 1500 480 1546 agit,
518 1502 560 1533 ut
595 1499 729 1533 caedes
755 1498 852 1544 Aga-

108 1548 321 1582 memnonis
347 1547 483 1593 Odyss.
509 1546 550 1587 λ,
584 1549 652 1580 404
679 1558 761 1591 sqq.
789 1546 852 1580 de-

107 1595 223 1629 ducta
263 1598 319 1629 est
356 1595 396 1628 in
431 1595 748 1640 Agamemnonem
781 1594 852 1627 Ae-

107 1643 327 1687 schyleum,
390 1642 538 1676 Rhesus
588 1653 633 1675 ex
682 1641 853 1675 Dolonea

108 1689 219 1724 Iliad.
245 1701 280 1730 κ,
307 1692 377 1724 cet.
404 1709 447 1713 -
473 1691 602 1731 iuncta
626 1688 850 1732 indictaque]

111 1747 163 1779 „a
195 1739 310 1771 temet
342 1737 425 1781 ipso
456 1737 611 1771 inventa
637 1738 673 1770 et
699 1747 720 1770 a
746 1736 851 1770 nullo

106 1786 199 1818 ante
224 1786 260 1818 te
286 1784 480 1818 tractata.“

160 1880 239 1911 131.
269 1879 348 1912 132.
390 1878 545 1911 Publica
569 1877 739 1910 materies
765 1876 851 1918 cet]

109 1925 168 1959 Ita
183 1925 277 1959 haec
295 1926 502 1959 nectuntur
521 1935 607 1957 cum
633 1923 827 1967 prioribus
842 1934 850 1956 ε

112 1998 130 2015 ,,
148 1971 239 2015 Sed,
278 1972 400 2012 dices,
438 1972 504 2005 ubi
531 1970 714 2005 eiusmodi
740 1981 850 2015 argu-

109 2022 238 2054 menta
261 2019 475 2062 Homerica,
508 2019 620 2052 nimis
652 2018 726 2051 iam
752 2019 852 2060 trita,

110 2067 369 2109 tractabimus,
395 2066 608 2111 periculum
627 2068 694 2107 est,
720 2076 767 2099 ne
786 2065 850 2098 de-

106 2114 314 2158 -spioiamur
340 2124 383 2148 ac
408 2113 742 2158 reprehendamur.
793 2112 850 2146 Tu

111 2165 244 2196 contra
262 2163 316 2196 sic
333 2161 493 2195 habeto“
523 2163 592 2194 cet.
630 2160 725 2194 Male
753 2160 850 2193 hanc

106 2210 298 2250 publicam
314 2210 506 2242 materiem
523 2207 699 2241 nonnulli
719 2207 851 2240 confu-

111 2256 252 2290 derunt
290 2267 375 2290 cum
413 2256 659 2289 communibus
701 2254 780 2288 illis
818 2265 850 2287 v.

114 2305 214 2346 128.,
256 2313 341 2337 cum
369 2303 419 2337 sit
444 2303 621 2336 universa
647 2302 754 2346 copia
778 2297 852 2344 μύ-

111 2350 194 2383 θων
207 2350 253 2384 ab
264 2351 381 2394 epicis
397 2352 433 2384 et
442 2350 595 2395 tragicis
606 2351 851 2383 tractatorum

112 2398 172 2432 vel
204 2398 422 2431 etiamnunc
457 2397 557 2441 apud
582 2392 853 2441 λογογράφους

111 2445 330 2487 latentium,
368 2445 507 2489 quibus
543 2444 682 2488 cuique
719 2445 851 2487 poetae

112 2492 240 2526 denuo
279 2493 334 2525 uti
373 2492 474 2525 licet.
525 2491 668 2524 Verum
702 2490 852 2524 laudem

113 2540 319 2574 merebitur
361 2541 452 2573 tunc
494 2537 771 2579 tantummodo,
819 2538 852 2571 si

114 2598 196 2621 eam
221 2585 359 2631 privati
385 2589 497 2630 atque
517 2586 575 2620 sui
594 2585 689 2619 iuris
707 2585 852 2627 fecerit,

114 2634 154 2667 id
195 2637 270 2678 est,
316 2634 348 2668 si
390 2644 509 2667 novus
551 2633 623 2666 erit
663 2633 703 2666 in
746 2642 853 2666 oeco-

111 2682 241 2715 nomia
274 2681 390 2715 totius
433 2680 604 2723 fabulae,
647 2680 688 2713 in
728 2675 853 2723 ἤθεσι,

115 2725 277 2769 παθεσι,
314 2725 472 2776 ῥήσεσι,
509 2724 689 2772 γνώμαις.
760 2726 852 2760 Rem

898 650 1119 691 gumentum
1146 650 1225 682 erat
1261 647 1415 692 publica
1438 649 1637 692 materies;

899 694 959 727 sui
984 694 1081 728 iuris
1100 705 1180 729 eam
1203 698 1279 729 tres
1303 695 1477 730 fecerunt
1491 698 1637 740 poetae,

898 741 1127 786 Aeschylus,
1162 742 1386 787 Sophocles,
1423 742 1638 787 Euripides,

900 799 1127 834 quamquam
1160 790 1223 823 hic
1257 800 1343 824 cum
1376 790 1522 825 minore
1552 801 1637 824 suc-

900 846 1022 878 cessu,
1048 847 1164 871 scena
1179 837 1220 871 in
1238 848 1304 871 rus
1323 837 1508 872 translata
1523 840 1637 882 atque

899 883 1053 917 inducto
1081 884 1227 928 colono,
1251 884 1370 929 probo
1395 885 1461 919 illo
1487 885 1638 929 quidem

899 933 936 964 et
962 933 1084 974 casto,
1122 931 1189 966 sed
1225 933 1438 977 argumenti
1463 932 1638 978 dignitati

899 989 990 1012 sane
1008 978 1132 1012 minus
1151 981 1250 1024 apto.
1265 999 1309 1003 —-
1321 981 1430 1013 vilem
1448 980 1638 1021 palulum-

899 1034 967 1066 que
985 1045 1003 1050 -
1021 1026 1157 1069 orbem]
1195 1025 1280 1060 >Hoc
1319 1037 1471 1071 quoque
1499 1027 1638 1061 Graeco

898 1073 996 1114 some
1022 1073 1160 1115 cecidit,
1198 1075 1241 1106 ut
1265 1075 1387 1107 orbem
1412 1073 1467 1108 sic
1493 1074 1637 1118 simpli-

899 1120 994 1154 citer
1019 1123 1169 1154 vocaret
1207 1120 1310 1155 locos
1344 1130 1560 1155 communes
1600 1123 1636 1154 et

898 1167 944 1201 ab
972 1167 1146 1201 omnibus
1172 1167 1253 1202 fere
1278 1168 1469 1212 pertritos.
1510 1167 1638 1212 Eupo-

898 1214 946 1248 lis
979 1225 1024 1259 ap
1029 1214 1080 1248 ud
1105 1213 1205 1248 Stob.
1233 1214 1276 1249 Τ.
1302 1216 1367 1257 35,
1393 1217 1435 1249 2:
1469 1213 1545 1247 Καὶ
1570 1213 1638 1247 τοῦ

897 1261 968 1304 arv
994 1265 1035 1294 έν
1069 1257 1242 1315 κύκλῳ
1274 1272 1316 1306 γε
1348 1259 1548 1304 παύσομαι
1572 1258 1640 1295 λό-

898 1319 982 1352 γου,
1008 1304 1148 1356 φράσω
1171 1307 1213 1342 δέ
1237 1320 1302 1342 σοι
1327 1306 1370 1342 τὸ
1397 1308 1553 1356 πρᾶγμα
1577 1305 1638 1342 διὰ

901 1356 976 1389 τῶν
1017 1357 1245 1402 χωρίων·
1297 1356 1362 1390 ubi
1404 1359 1529 1390 tamen
1571 1356 1638 1390 cfr.

899 1402 1132 1437 Meinekium
1157 1403 1218 1438 Fr.
1246 1403 1638 1448 Com.11.1.p.468.

900 1450 1083 1485 Similiter
1116 1451 1272 1486 Aristot.
1297 1450 1407 1485 Rhet.
1435 1453 1474 1493 1,
1500 1453 1543 1492 9,
1570 1452 1637 1484 33:

900 1496 944 1531 τὸ
982 1497 1013 1530 δ’
1051 1495 1242 1542 ἐγκώμιον
1280 1498 1355 1531 τῶν
1378 1493 1499 1545 ἔργων
1523 1498 1638 1531 ἐστίν·

901 1543 947 1578 τὰ
972 1544 1012 1578 δὲ
1037 1543 1164 1598 κύκλῳ
1196 1546 1292 1602 (loci
1319 1545 1559 1588 communes)
1586 1546 1640 1587 εἰς

902 1594 1039 1633 πίστιν,
1072 1589 1157 1627 οἷον
1182 1591 1353 1637 εὐγένεια
1385 1594 1451 1625 καὶ
1476 1591 1639 1647 uaedam:

902 1639 977 1674 Cfi.
1004 1641 1094 1675 ibid.
1121 1642 1155 1682 3,
1183 1642 1245 1683 14,
1274 1643 1339 1675 10:
1374 1641 1413 1673 οἱ
1436 1639 1568 1674 δοῦλοι
1592 1637 1645 1673 οὐ·

901 1685 949 1720 τά
982 1683 1208 1735 ἑρωτωμενα
1241 1687 1296 1732 λε’)
1298 1698 1437 1728 ovam,
1470 1684 1568 1719 ἀλλὰ
1594 1684 1639 1719 τὰ

900 1732 1047 1781 κύκλεμ)
1085 1736 1124 1769 id
1152 1738 1226 1776 est,
1263 1745 1359 1778 „per
1385 1734 1558 1778 ambages
1584 1733 1637 1769 lo-

902 1783 1104 1826 quuntu1.“
1156 1782 1323 1815 Primum
1356 1780 1472 1825 igitur
1505 1780 1638 1814 vitium

901 1831 976 1871 est,
1015 1839 1099 1862 cum
1133 1830 1214 1863 sine
1249 1838 1428 1862 successu
1461 1829 1498 1861 et
1536 1827 1637 1860 exitu

901 1886 1012 1920 saepe
1039 1876 1287 1910 immorantur
1312 1875 1352 1908 in
1377 1874 1576 1908 sententiis
1601 1877 1640 1908 et

901 1924 1152 1970 περιπετείαις
1187 1923 1319 1956 vilibus
1353 1921 1489 1964 (nimis
1514 1921 1639 1966 volga-

901 1970 1035 2012 ribus).
1084 1971 1256 2004 Paculam
1289 1971 1414 2005 autem
1444 1969 1547 2002 hunc
1579 1979 1638 2002 or-

900 2017 985 2051 bem
1011 2020 1117 2052 vocat
1140 2020 1358 2062 propterea,
1397 2015 1498 2060 quod
1524 2017 1639 2049 omni-

900 2067 982 2107 bus,
1018 2065 1129 2098 etiam
1161 2075 1344 2109 perquam
1374 2063 1639 2106 mediocribus,

899 2113 1020 2156 poetis
1045 2113 1224 2146 introitus
1249 2112 1289 2144 in
1308 2121 1392 2145 eum
1407 2112 1529 2154 patel;
1557 2110 1638 2144 sine

899 2159 1083 2204 imagine,
1121 2158 1222 2204 quod
1255 2158 1352 2192 nihil
1388 2157 1477 2192 novi
1514 2167 1638 2202 neque

901 2207 1082 2251 exquisiti
1119 2207 1213 2240 tales
1252 2205 1482 2239 Graecorum
1519 2204 1640 2238 imita-

900 2254 1024 2288 tiones
1061 2264 1153 2298 prae
1193 2263 1232 2287 se
1269 2253 1410 2286 ferunt.
1460 2251 1640 2293 (Patulus

900 2301 999 2335 idem
1031 2301 1111 2335 fere
1146 2302 1221 2342 est,
1261 2299 1364 2344 quod
1388 2299 1579 2333 Iuvenalis
1606 2300 1638 2339 7,

901 2350 958 2382 54.
1003 2350 1112 2382 vocat
1148 2348 1350 2389 expositum
1389 2348 1422 2380 et
1463 2345 1638 2391 triviale.)

903 2395 1057 2438 „Cave,“
1077 2395 1214 2439 inquit,
1235 2405 1304 2437 „ne
1318 2393 1440 2438 prima
1453 2403 1639 2438 quaeque,

899 2442 1059 2477 maxime
1092 2442 1200 2476 obvia
1232 2444 1270 2475 et
1303 2451 1399 2485 quae
1425 2441 1498 2475 iam
1525 2439 1638 2474 evile-

902 2501 1007 2524 scere
1027 2490 1244 2534 coeperunt,
1269 2487 1413 2533 volgari
1437 2486 1546 2522 modo
1564 2489 1638 2520 tra-

902 2540 992 2579 ates,
1019 2536 1084 2571 sed
1103 2546 1147 2570 ea
1164 2535 1366 2580 diligenter
1391 2534 1577 2578 investiga
1602 2536 1640 2567 et

903 2585 1087 2629 exprime,
1146 2593 1243 2628 quae
1292 2582 1332 2615 in
1381 2591 1639 2626 personarum,

902 2642 996 2676 quas
1022 2630 1131 2665 nobis
1157 2629 1358 2674 proponis,
1391 2628 1559 2662 moribus
1585 2629 1640 2662 at-

902 2689 976 2723 que
1010 2677 1205 2712 affectibus
1238 2678 1328 2710 sunt
1357 2675 1475 2730 magis
1508 2685 1640 2709 recon-

903 2726 982 2759 dita
1007 2727 1045 2759 et
1069 2735 1177 2766 nova,
1203 2726 1244 2757 ut
1269 2723 1458 2768 propriam
1483 2733 1526 2757 ac
1553 2732 1638 2756 vere

1555 259 1638 301 130
1702 282 1707 286 -
