1774 2930
0 1913 32 1996 Γ

682 156 777 192 ΔΒΕ
801 155 1025 191 ΡΟΒἩΟΔ.

1523 153 1609 196 533

211 260 474 305 Membranis
504 259 620 301 intus
650 258 827 315 positis:
860 255 1004 299 delere
1033 254 1199 308 licebit,

215 331 341 381 Quod
368 344 456 372 non
485 329 695 382 edideris,
724 327 863 370 nescit
890 340 977 369 vox
1005 326 1139 368 missa
1167 324 1340 368 reverti.

1521 323 1609 365 390
1620 340 1642 363 ι

215 402 442 445 Silvestres
471 399 668 442 homines
699 411 820 441 sacer
847 398 1145 453 interpresque
1175 395 1353 437 deorum

215 471 432 515 Caedibus
461 474 506 513 et
534 470 651 512 victu
680 465 805 511 fo‘edo
835 467 1043 510 deterruit
1072 465 1292 522 Orpheus,

214 542 367 584 Dictus
398 541 452 583 ob
482 540 564 582 hoc
591 540 727 583 lenire
755 539 890 594 tigres
920 537 1179 593 rabidosque
1205 535 1376 588 leones;

213 612 367 654 Dictus
397 614 442 654 et
470 610 711 666 Amphion,
744 608 979 651 Thebanae
1010 606 1203 649 conditor
1232 606 1361 659 arcis,

194 759 276 792 393.
299 758 523 799 rapidosque
548 755 613 798 Tc,
637 758 664 789 ί.
697 754 768 797 (Ut
792 765 880 795 nos,
904 753 1040 795 BbSd.)
1068 771 1111 777 -
1138 753 1219 787 394.
1244 753 1340 785 arcis
1364 751 1419 785 Tc
1444 753 1482 784 et
1505 761 1562 795 pr.

144 805 188 847 b,
222 806 399 850 quattuor
424 802 638 837 Hochederi
671 802 831 845 aliique,
863 801 942 835 Lct
974 804 1011 835 et
1036 800 1250 834 Bentleius:
1282 799 1383 832 urbis
1408 796 1492 832 BSd
1525 800 1564 832 et

146 862 241 886 corr.
266 851 302 893 b,
326 852 416 884 item
440 849 533 883 FMJ
557 852 595 900 et
617 848 899 893 Dillenburger.

94 973 239 1008 tionem
266 972 516 1018 praecipitare
549 971 732 1014 (Quintil.
757 969 827 1014 Ep.

97 1020 147 1055 ad
163 1020 303 1065 Tryph.
321 1020 390 1062 2.);
415 1018 484 1054 sed
508 1029 576 1063 per
601 1028 735 1052 novem
760 1028 827 1051 an-

98 1078 188 1110 nos,
218 1066 259 1100 id
283 1069 341 1100 est
364 1067 447 1100 sine
471 1065 654 1110 imagine,
686 1063 828 1098 tamdiu

97 1114 307 1148 retineatur
338 1113 380 1146 in
412 1112 574 1152 scrinio,
607 1111 727 1145 donec
760 1110 829 1144 ali·

98 1163 281 1206 quantum
316 1160 473 1194 remisso
509 1160 629 1204 primo
662 1158 729 1192 illo
760 1158 828 1191 im-

95 1210 201 1252 peta,
225 1206 339 1241 nimis
362 1207 522 1241 fortasse
546 1205 702 1247 fervido,
726 1207 829 1238 tran·

99 1254 220 1299 quillo
253 1254 328 1288 iam
351 1254 477 1288 animo
510 1253 664 1286 elimare
696 1254 829 1295 poema

97 1304 205 1335 tuum
251 1301 408 1344 possis.⁸
473 1299 733 1343 Philargyrius
782 1297 829 1331 ad

98 1347 204 1393 virg.
220 1347 302 1381 Ecl.
318 1350 352 1389 9,
370 1349 433 1380 35:
452 1346 516 1389 „C.
533 1346 691 1380 Helvius
709 1344 831 1378 Cinna

99 1394 298 1439 Zmyrnam
330 1394 499 1438 scripsit,
538 1404 650 1437 quam
688 1402 829 1426 nonum

98 1444 187 1486 post
220 1451 383 1482 annum,
419 1444 462 1474 ut
500 1439 670 1473 Catullus
709 1438 830 1472 Carm.

101 1490 160 1522 95.
183 1487 254 1530 ait,
279 1487 409 1521 edidit.
456 1487 500 1520 Id
526 1486 627 1530 quod
652 1488 690 1519 et
713 1485 831 1524 Quin-

99 1535 257 1568 tilianus
283 1534 346 1568 ait.
370 1533 480 1567 Unde
506 1533 617 1567 etiam
634 1532 831 1566 Horatium

103 1581 239 1615 dicunt
275 1581 322 1615 ad
361 1591 448 1614 eum
488 1579 700 1613 allusisse.“
749 1579 831 1612 Hoc

100 1628 195 1662 satis
226 1627 414 1661 incertum
445 1637 527 1660 esse
565 1626 832 1660 demonstravit

100 1674 296 1708 Weichert
336 1673 377 1706 P.
418 1673 461 1706 L.
502 1684 538 1716 p.
579 1675 647 1706 173
689 1683 745 1717 sq.
785 1691 832 1696 —

101 1722 213 1754 nescit
243 1729 317 1754 voa·
347 1722 457 1753 missa
488 1720 645 1762 reverti]
677 1719 772 1764 Epp.
800 1722 831 1760 1,

103 1769 160 1810 18,
185 1769 250 1802 71:
275 1769 322 1800 Bt
342 1768 454 1800 semel
471 1768 640 1800 emesam
661 1767 763 1799 volat
779 1767 831 1798 ir-

98 1815 304 1848 revocabile
355 1815 516 1848 verbum.
590 1813 831 1857 Symmachus

101 1859 196 1905 Bpp.
224 1863 264 1903 1,
289 1862 354 1894 31:
397 1862 484 1894 Cum
507 1861 618 1894 semel
641 1869 664 1892 a
691 1862 726 1893 te
750 1868 832 1893 car-

102 1915 189 1941 men
218 1909 419 1948 profectum
453 1909 523 1947 est,
556 1908 614 1939 ius
641 1915 745 1939 omne
766 1915 832 1947 po-

100 1955 220 1987 suisti.
282 1955 411 1986 Oratio
455 1954 647 1994 publicata
686 1962 746 1986 res
789 1954 832 1985 h·-

93 2001 193 2036 .oera
218 2002 283 2033 eu.

151 2048 351 2081 391—396.
387 2045 567 2090 Exposito
599 2045 726 2089 possis,
758 2045 833 2078 fine

103 2095 219 2137 atque
242 2092 403 2127 artificio
426 2093 539 2133 omni,
563 2092 750 2125 occultam
766 2090 835 2124 ἀν-

103 2139 251 2173 τίθεσιν
282 2139 427 2174 faciens
459 2138 639 2172 adversus
662 2138 834 2172 infelices

103 2186 193 2221 illos
208 2189 350 2230 poetas,
371 2196 497 2219 veram
514 2185 597 2219 eius
614 2185 834 2230 dignitatem

104 2234 298 2277 praedicat
313 2244 337 2267 a
352 2232 602 2277 religionibus
622 2242 665 2266 ac
686 2232 835 2276 legibus

105 2290 175 2324 per
204 2290 332 2314 sacros
364 2282 467 2313 vates
500 2279 661 2322 primum
696 2279 834 2312 consti-

105 2327 210 2367 tutis,
227 2337 323 2371 quae
341 2326 454 2359 simul
471 2328 529 2359 est
546 2325 729 2369 mythicae
746 2328 835 2369 poe-

107 2373 159 2406 sis
175 2373 334 2407 historia
349 2373 510 2406 fortasse
530 2383 575 2406 ex
590 2371 832 2415 Neoptolemo

105 2419 252 2453 hausta.
285 2421 365 2462 (vv,
399 2419 613 2460 391—401.)
639 2418 715 2452 cfr.
740 2418 832 2463 Epp.

108 2467 141 2508 2,
175 2469 212 2507 1,
239 2468 305 2499 126
336 2476 419 2509 sqq.
446 2484 489 2489 —
513 2467 698 2499 silvestres
723 2466 835 2498 hoeni—

106 2512 191 2555 m]
226 2513 477 2556 „plerumque
502 2512 542 2545 in
568 2512 672 2545 silvis
697 2511 835 2556 degen-

107 2561 165 2592 tes
196 2558 245 2593 ad
269 2558 425 2604 glandes
458 2559 694 2603 quaerendas
719 2562 757 2592 et
780 2559 834 2592 fc-

107 2615 169 2639 ras
194 2606 481 2640 conficiendam!
514 2605 590 2639 Cic.
617 2605 663 2639 de
687 2605 832 2639 Invent.

111 2653 152 2693 1,
176 2654 216 2685 2:
256 2654 340 2686 Fuit
364 2653 545 2693 quoddam
570 2655 727 2694 tempus,
754 2660 834 2685 eum

106 2698 150 2730 in
172 2700 271 2739 auris
297 2701 453 2732 hommes
476 2701 610 2741 passim
637 2701 834 2732 bestiarum

875 978 976 1002 more
1000 970 1237 1010 vocabantur
1260 970 1294 1000 et
1316 969 1384 1001 cibi
1406 969 1504 1000 victu
1528 969 1608 1008 sero

875 1018 988 1050 vitam
1026 1016 1294 1057 propaaabant.
1346 1014 1421 1048 Cfr.
1462 1013 1538 1048 Sat.
1578 1018 1609 1055 1,

877 1065 910 1105 3,
937 1066 980 1097 99
1008 1073 1089 1106 sqq.
1109 1081 1151 1086 ——
1169 1061 1290 1104 sacer]
1316 1061 1414 1094 Puto
1439 1071 1515 1094 non
1534 1064 1608 1094 tam

877 1120 959 1143 esse
996 1109 1104 1142 θέΐον
1141 1106 1277 1141 ἀοιδὸν
1308 1108 1462 1142 Homeri
1496 1119 1607 1152 quam

877 1156 1069 1201 Orpheum
1094 1153 1163 1188 τὸν
1188 1152 1396 1199 θεολόγον,
1421 1157 1464 1188 ut
1487 1155 1534 1188 ab
1560 1155 1609 1188 A·

877 1204 1049 1237 ristotele
1091 1202 1321 1246 appellatur,
1369 1206 1407 1236 et
1446 1200 1609 1246 Virgilio

876 1249 971 1283 Aen.
996 1252 1028 1291 6,
1053 1251 1135 1283 645.
1161 1250 1327 1290 Orpheus
1351 1251 1408 1282 est
1426 1249 1610 1282 Threicius

876 1298 1056 1330 sacerdos.
1084 1315 1127 1320 —
1152 1297 1403 1338 interpresque
1433 1295 1609 1338 deorum]

877 1342 1009 1387 Eurip.
1040 1342 1158 1376 Rhesi
1189 1353 1224 1376 v,
1249 1344 1338 1375 943:
1379 1343 1610 1388 Μυστηριων

878 1389 917 1422 δὲ
954 1390 1030 1422 τῶν
1064 1386 1295 1436 ἀπορῥήτων
1327 1386 1455 1430 φανὰς
1488 1386 1611 1422 Ἔδει-

878 1435 944 1479 ξεν
968 1433 1138 1483 Ὀρφεύς.
1162 1436 1353 1480 Aristoph.
1376 1435 1471 1469 Ran.
1499 1438 1608 1470 1032:

876 1481 1034 1530 Ὀρφεὺς
1068 1483 1140 1527 μὲν
1172 1481 1246 1529 γὰρ
1279 1479 1429 1524 τελετάς
1451 1482 1491 1514 θ’
1516 1479 1610 1526 ἡμῖν

878 1529 1068 1573 κατέδειξε
1117 1527 1250 1572 φόνων
1300 1531 1331 1562 τ’
1380 1527 1608 1569 ἀπέχεσθαι.

881 1577 956 1611 etr.
980 1578 1076 1611 Plat.
1099 1577 1142 1611 Io
1195 1602 1204 1610 .
1221 1579 1291 1610 534
1314 1576 1364 1610 E:
1390 1577 1431 1609 οἱ
1455 1580 1610 1620 ποιηταὶ

880 1624 991 1657 οὐδὲν
1029 1620 1111 1657 ἄλλ’
1148 1636 1174 1667 η
1211 1623 1389 1671 ἑρμηνεῖς
1423 1624 1498 1656 εἰσὶ
1534 1624 1609 1656 τῶν

878 1671 992 1704 θεῶν.
1025 1690 1069 1695 -
1105 1672 1202 1704 victu
1238 1670 1366 1713 foedo]
1407 1670 1609 1715 glandibus

880 1721 917 1752 et
940 1718 1065 1752 ferina
1081 1718 1215 1760 cruda;
1244 1717 1386 1759 „instar
1407 1717 1608 1751 ferarum.“

881 1765 1009 1798 Con.
1036 1765 1157 1803 Cnuo.
1184 1783 1227 1788 -
1252 1764 1445 1807 deterruit]
1475 1775 1520 1806 „a
1543 1765 1609 1799 tali

879 1811 1058 1846 foeditate
1104 1812 1242 1845 acriter
1283 1811 1501 1845 dehortatus
1541 1814 1610 1853 est,

879 1859 1000 1892 donec
1042 1859 1089 1892 ab
1126 1869 1171 1893 ea
1203 1857 1410 1892 desuefacti
1446 1860 1607 1892 essent.“

881 1924 924 1929 -
953 1906 1129 1948 Orpheus]
1155 1916 1177 1939 a
1202 1915 1277 1949 quo
1301 1905 1428 1949 poesis
1450 1906 1610 1948 primor-

881 1952 945 1986 dia
969 1952 1104 1986 Graeci
1129 1955 1300 1996 repetere
1326 1951 1510 1994 solebant,
1538 1953 1608 1986 etsi

880 1999 1000 2032 Linus
1032 1999 1283 2042 praecessisse
1316 1998 1516 2032 videbatur
1541 1998 1611 2032 Or-

880 2046 1030 2089 pheum.
1078 2045 1207 2078 Prima
1238 2045 1320 2078 eius
1352 2045 1491 2079 mentio
1528 2045 1610 2079 fieri

881 2091 1031 2125 videtur
1044 2091 1143 2135 apud
1155 2091 1311 2136 Ibycum
1322 2091 1406 2124 Rei.
1418 2102 1455 2135 p.
1471 2093 1535 2124 161
1552 2103 1610 2136 sq.

883 2138 984 2171 Sch.:
1010 2136 1276 2180 ὀνομακλυτός
1298 2134 1422 2185 Ὄρφη
1448 2139 1611 2182 (vocat.)-

881 2185 938 2219 De
955 2184 1106 2229 Orpheo
1124 2185 1191 2218 cfr.
1209 2184 1278 2218 Od.
1297 2187 1329 2226 1,
1351 2187 1407 2227 12,
1424 2187 1445 2219 6
1464 2195 1547 2230 sqq.
1564 2205 1609 2210 —

881 2232 1121 2275 rabidosque]
1145 2231 1263 2265 Multo
1287 2231 1359 2265 hoc
1383 2243 1482 2274 voc„
1508 2233 1611 2276 quod

882 2279 929 2313 ad
954 2281 1136 2323 utrasque
1161 2279 1302 2312 bestias
1326 2279 1511 2323 pertinet,
1536 2290 1611 2314 me-

881 2326 957 2359 lius
981 2326 1018 2358 h.
1043 2325 1069 2359 l.
1104 2336 1215 2370 quam
1239 2327 1408 2367 rapidos,
1440 2327 1501 2360 vel
1525 2337 1612 2370 pro·

881 2376 965 2416 pter
997 2382 1030 2405 v.
1066 2373 1200 2413 lenire,
1236 2375 1281 2405 ut
1311 2375 1412 2406 recte
1445 2373 1611 2407 animad-

881 2419 994 2452 vertit
1010 2419 1154 2461 Gonod,
1179 2419 1293 2453 simul
1318 2419 1479 2453 afferens
1501 2419 1611 2453 Ovid.

880 2465 926 2498 A.
949 2467 993 2499 A.
1020 2467 1057 2507 3,
1083 2468 1124 2499 8:
1148 2467 1302 2499 rabidae
1327 2466 1507 2508 (saevae)
1534 2469 1611 2499 lra-

881 2513 936 2546 dn‘s
970 2514 1063 2546 ovile
1098 2513 1220 2553 lupae.
1245 2532 1290 2536 —
1316 2513 1515 2554 Amphion]
1542 2512 1610 2546 Od.

883 2560 923 2601 3,
950 2561 1013 2599 11,
1039 2561 1079 2592 2:
1119 2560 1234 2593 Movit
1258 2560 1438 2600 Amphion
1471 2560 1611 2600 lapides

881 2606 1055 2638 canendo.
1106 2605 1181 2639 Cfr.
1205 2605 1299 2649 Epp.
1329 2609 1366 2646 1,
1395 2608 1456 2646 18,
1481 2608 1540 2638 41.
1566 2625 1608 2629 —

883 2652 992 2694 arcis]
1017 2651 1098 2686 Hoc
1122 2663 1157 2684 v.
1183 2652 1397 2686 accuratius
1424 2652 1611 2696 simulque

881 2700 998 2743 magis
1052 2699 1240 2743 poeticum
1294 2698 1444 2732 videtur
1499 2709 1610 2742 quam
