1774 2930
88 139 174 180 334

561 138 771 173 HORATH
793 138 1139 174 EPISTOLARUM

601 239 941 282 EPISTOLA
969 239 1090 282 XII.

206 321 436 364 Fructibus
470 321 692 378 Agrippae
725 320 900 375 Siculis,
934 335 1040 378 quos
1072 323 1259 379 colligis,
1289 323 1391 377 Icci,
1458 322 1462 323 ⁷

208 392 254 434 Si
286 396 401 435 recte
432 391 606 445 frueris,
639 406 727 435 non
757 396 841 446 est,

206 463 275 505 Ab
306 464 408 506 Iove
441 463 590 505 donari
621 463 760 520 possit
790 463 884 506 tibi.

873 397 921 434 ut
951 394 1076 450 copia
1104 394 1240 436 maior

937 463 1061 507 Tolle
1092 465 1311 521 querelas;

206 533 378 590 Pauper
409 535 523 576 enim
554 548 640 577 non
673 538 758 588 est,
792 535 860 578 cui
892 549 1036 578 rerum
1069 536 1263 593 suppetit
1292 550 1410 578 usus.

183 664 255 698 ΕΡ.
281 664 367 698 XII.
395 667 424 698 1.
452 666 522 698 Icli
547 675 579 698 e.
606 664 682 699 cfr.
707 664 755 699 ad
781 663 849 698 Od.
877 666 909 706 1,
935 667 991 707 29,
1019 667 1051 699 1.

86 771 193 804 nulla
227 770 435 815 cupiditate
462 771 673 816 exagitatus
699 771 823 804 nulla-

87 829 163 863 que
189 818 426 863 aegritudine
452 818 692 862 depressus.“
733 818 825 851 Sen-

86 866 207 899 tentia
240 869 313 899 tam
347 865 506 910 γενικῶς
544 876 722 910 expressa
756 870 823 907 est,

87 916 130 946 ut
143 913 369 947 familiarem
381 913 572 946 offendere
582 924 823 957 nequaquam

86 964 231 1004 posset:
267 963 304 994 et
328 963 453 994 tamen
479 971 659 1004 perquam
686 960 822 994 acerbe

87 1007 277 1042 criminati
293 1011 383 1042 sunt
395 1008 627 1051 Interpretes
646 1008 822 1040 nonnulli

86 1054 228 1088 bonum
253 1056 356 1088 hunc
379 1055 596 1096 Bullatium,
622 1055 823 1097 hominem,

86 1104 130 1135 ut
146 1103 264 1144 aiunt,
287 1103 577 1144 inconstantem,
597 1101 728 1144 levem,
745 1113 823 1136 mo-

85 1160 226 1192 rosum,
244 1149 392 1183 Horatii
411 1152 534 1183 tamen
553 1149 726 1182 amicum.
754 1149 823 1183 Ce-

85 1199 209 1231 terum
244 1197 310 1230 cfr.
347 1197 472 1230 Plaut.
505 1196 592 1230 Aul.
619 1198 657 1239 2,
687 1198 728 1238 2,
756 1199 822 1230 10:

85 1245 163 1286 Pol,
187 1245 220 1277 si
236 1247 286 1277 est
305 1245 450 1277 animus
467 1252 616 1285 aequus,
642 1245 731 1276 salis
757 1245 823 1277 ha-

88 1293 158 1333 bes,
187 1293 250 1332 qui
275 1293 362 1324 bene
387 1293 501 1325 vitam
527 1292 636 1324 colas.
663 1290 760 1324 Rud.
789 1293 822 1333 2,

87 1340 128 1380 3,
154 1341 218 1372 71:
253 1340 353 1380 Erqo
388 1340 533 1372 animus
565 1347 704 1379 aequus
730 1339 823 1380 opti-

85 1395 186 1419 mum
213 1389 262 1419 est
289 1394 491 1419 aerumnae
518 1387 798 1419 condimentum.

133 1432 217 1466 XII.
250 1433 306 1467 De
339 1434 439 1467 Iccio
474 1433 558 1467 vide
593 1432 661 1467 od.
700 1435 738 1475 1,
766 1435 822 1467 29.

85 1479 185 1514 Huic
224 1481 390 1514 sodalem
430 1491 559 1522 suum,
601 1480 822 1524 Pompeium

87 1527 302 1572 Grosphum
329 1527 422 1571 (od.
449 1530 481 1570 2,
511 1528 602 1570 16.)‚
634 1538 823 1562 commen-

85 1574 160 1618 dat,
185 1578 340 1620 propter
367 1586 479 1620 quam
498 1575 619 1619 ipsam
636 1575 823 1608 rationem

86 1633 203 1667 prope
229 1622 455 1656 incredibile
482 1625 559 1664 est,
593 1623 822 1666 interpretes

85 1672 173 1704 ante
213 1670 427 1704 Iacobsium
475 1670 655 1714 (excepto
697 1672 823 1703 tamen

88 1717 274 1759 Gesnero)
302 1728 379 1751 uno
405 1717 485 1751 fere
512 1728 577 1751 ore
596 1718 636 1750 in
663 1727 707 1751 eo
734 1727 823 1750 con-

85 1765 263 1807 sensisse,
289 1767 331 1798 ut
355 1765 642 1806 contenderent,
668 1764 708 1797 in
725 1775 824 1798 com-

86 1811 393 1846 mendaticiahac
404 1812 565 1855 epistola
573 1811 715 1844 Iccium
731 1814 822 1844 tam-

85 1869 199 1902 quam
216 1859 408 1892 hominem
426 1858 631 1899 sordidum,
657 1868 822 1899 avarum,

85 1906 244 1948 fatuum,
270 1906 365 1939 dicis
384 1916 498 1939 causa
515 1908 552 1939 et
576 1907 731 1950 propter
757 1915 822 1938 ne-

85 1953 164 1987 scio
192 1964 305 1997 quam
331 1953 447 1987 animi
471 1953 675 1986 vanitatem
699 1951 822 1996 philo-

86 2000 242 2045 sophiae
268 2000 457 2042 deditum,
484 2000 649 2034 describi
675 2003 713 2033 et
738 2009 823 2033 cum

85 2047 229 2092 insigni
256 2048 500 2082 mordacitate
519 2047 698 2089 derideri,
724 2047 823 2080 nihi-

85 2094 250 2129 lominus
287 2095 467 2129 videlicet
490 2096 623 2139 poetae
649 2094 822 2128 amicum.

84 2141 134 2175 Hi
162 2153 263 2188 ergo,
290 2153 388 2187 quae
407 2142 447 2175 in
467 2142 726 2186 qualicunque
745 2142 823 2186 epi-

86 2190 183 2224 stola
198 2190 351 2234 publice
366 2190 512 2223 edenda
525 2200 634 2223 nemo
654 2200 822 2233 unquam

85 2237 206 2271 amieo
233 2240 308 2272 tam
325 2237 524 2279 malitiose,
550 2237 590 2270 in
609 2247 696 2270 vere
714 2237 822 2271 fami-

23 2282 26 2284 ’
84 2283 184 2326 liari,
211 2284 243 2318 si
262 2295 356 2328 opus
382 2287 492 2326 esset,
517 2286 646 2329 aperte
672 2294 716 2317 ac
734 2283 822 2318 sim-

84 2331 248 2375 pliciter,
267 2334 367 2365 certe
382 2331 464 2365 sine
478 2331 695 2373 virulentia,
709 2342 822 2375 quam

87 2378 159 2412 sibi
185 2378 247 2412 hic
272 2379 486 2423 repperisse
503 2378 575 2412 visi
603 2381 703 2419 sunt,
730 2378 822 2412 scri-

86 2425 214 2467 beret,
263 2426 375 2459 etiam
417 2427 457 2459 in
500 2425 821 2468 commendaticia,

86 2475 175 2506 ante
202 2473 328 2507 omnia
355 2483 440 2506 cum
459 2472 632 2517 Grospho
659 2483 823 2507 commu-

85 2519 263 2562 nicanda,
278 2519 394 2554 scribi
408 2520 577 2564 potuisse
593 2520 728 2554 stolide
742 2521 821 2564 opi-

86 2567 166 2600 nati
193 2570 294 2601 sunt.
320 2566 469 2611 Scripta
495 2569 552 2600 est
576 2578 608 2601 a.
628 2578 664 2601 u.
682 2578 713 2602 c.
740 2569 821 2600 734.

87 2617 260 2648 exeunte.
309 2614 478 2659 Apparet
501 2617 645 2656 autem,
671 2616 821 2659 poetam

86 2661 126 2695 id
151 2662 335 2704 voluisse,
369 2664 413 2695 ut
444 2662 580 2706 partim
607 2661 820 2706 Grosphum

86 2709 125 2742 in
160 2708 251 2743 Iocii
283 2709 576 2744 familiaritatem
611 2708 821 2751 induceret,

873 771 1011 815 partim
1039 774 1081 805 ut
1114 772 1275 806 amicum
1301 772 1458 817 propria
1481 773 1609 806 condi-

874 818 984 853 cione
994 819 1095 853 haud
1105 829 1264 863 prorsus
1275 822 1493 853 contentum
1507 822 1609 854 tran-

874 866 1054 910 quillaret
1079 870 1191 911 atque
1218 866 1265 900 ad
1290 866 1447 901 inutiles
1474 877 1608 912 quere-

874 913 928 947 las
956 914 1180 948 omittendas
1207 914 1481 948 exhortaretur.

924 963 971 994 1-
986 963 1018 994 5.
1044 962 1236 995 Fructibus
1268 961 1353 1004 cet]
1379 961 1609 996 Procurator

871 1007 995 1042 Iccius
1010 1011 1099 1041 tunc
1114 1011 1195 1042 erat
1207 1008 1447 1052 praediorum
1462 1008 1608 1043 Siculo-

872 1066 956 1088 rum
982 1055 1030 1088 M.
1055 1055 1267 1100 Agrippae,
1293 1067 1453 1099 quorum
1479 1056 1526 1090 de
1550 1067 1609 1090 re-

873 1102 1015 1136 ditibus
1042 1106 1124 1136 rata
1152 1113 1241 1146 pars
1274 1105 1466 1147 tamquam
1491 1103 1608 1137 admi-

872 1149 1109 1184 nistrationis
1134 1159 1279 1184 merces
1302 1150 1350 1184 ad
1375 1150 1501 1194 ipsum
1525 1161 1609 1195 per-

872 1197 1057 1231 veniebat.
1105 1197 1308 1231 Praeterea
1331 1208 1400 1242 pro
1427 1208 1496 1232 suo
1521 1208 1608 1232 suo-

872 1255 1034 1288 rumque
1068 1244 1170 1278 victu
1202 1244 1323 1278 libere
1347 1244 1395 1278 iis
1421 1244 1478 1279 uti
1503 1248 1608 1289 pote-

872 1294 942 1333 rat,
969 1301 1220 1336 quaecunque
1238 1291 1279 1324 in
1303 1291 1462 1326 fautoris
1479 1292 1608 1326 fundis

871 1338 1166 1382 proveniebant,
1215 1340 1341 1373 certus
1384 1349 1469 1372 cum
1510 1342 1610 1374 esset

872 1386 1061 1430 Agrippa,
1095 1396 1289 1430 nunquam
1322 1385 1423 1428 fore,
1456 1389 1498 1420 ιιι
1522 1397 1608 1431 pro-

873 1437 1025 1467 curator
1043 1437 1117 1467 tam
1135 1433 1278 1478 probus
1295 1435 1408 1477 atque
1426 1434 1608 1468 honestus

874 1480 1084 1525 quidquam
1094 1480 1228 1514 illicito
1239 1479 1348 1514 modo
1357 1483 1555 1515 averteret.
1563 1499 1607 1504 —

873 1528 1030 1571 colliqis]
1060 1527 1315 1573 „colligendos
1334 1537 1446 1562 curas
1462 1539 1531 1573 per
1556 1529 1610 1562 vi·

873 1575 988 1618 licos,
1023 1575 1177 1630 quibus
1195 1576 1434 1630 praepositus
1461 1586 1513 1609 es.
1518 1576 1535 1593 “
1564 1594 1607 1600 —

873 1631 947 1655 non
964 1625 1025 1665 est,
1050 1623 1105 1666 ut]
1131 1620 1203 1656 οὐκ
1228 1618 1332 1656 ἐστιν
1357 1618 1474 1664 ὅπως,
1503 1622 1606 1664 „fieri

873 1670 980 1704 nullo
1015 1670 1125 1704 modo
1158 1670 1316 1725 potest.“
1369 1669 1444 1704 Gfr.
1478 1648 1548 1703 Ond.
1574 1671 1607 1711 3,

874 1719 906 1759 1,
933 1720 972 1751 9:
997 1719 1072 1759 Est,
1099 1720 1139 1750 ut
1156 1719 1239 1750 viro
1255 1718 1314 1750 vir
1333 1717 1444 1750 latius
1462 1717 1606 1750 ordinet

871 1765 1035 1797 Arbusla
1066 1765 1188 1797 sulcis.
1239 1763 1301 1797 Sic
1333 1762 1539 1797 Lucretius
1573 1766 1606 1806 3,

873 1813 960 1844 715:
987 1812 1103 1844 Haud
1127 1812 1207 1853 erit,
1231 1811 1426 1852 ul-possil.
1452 1812 1492 1850 5,
1520 1813 1607 1844 147:

872 1859 974 1891 Illud
1006 1859 1094 1891 ilem
1125 1866 1200 1891 non
1233 1859 1285 1891 est
1317 1860 1358 1891 ul
1389 1859 1506 1899 possis
1532 1866 1607 1892 ere-

872 1906 965 1938 dere.
1001 1907 1037 1938 et
1067 1906 1155 1938 977:
1198 1906 1281 1939 Non
1314 1908 1413 1947 eral,
1453 1907 1493 1938 ut
1525 1906 1606 1947 fieri

869 1954 1000 1994 posset.
1034 1971 1077 1976 —
1111 1953 1211 1985 Tolle
1245 1951 1437 1995 querelas]
1472 1951 1606 1995 „Mitte

873 2009 1174 2044 supervacaneas
1199 1998 1284 2033 illas
1311 1999 1505 2044 querelas,
1536 1999 1607 2033 tibi

872 2047 912 2080 in
926 2047 1014 2081 illos
1027 2046 1168 2081 fundos
1177 2046 1498 2081 administrandus
1511 2045 1608 2080 mul-

872 2098 952 2128 tum
989 2094 1170 2138 temporis
1207 2093 1475 2128 insumendum
1512 2103 1607 2136 esse,

873 2141 975 2186 quod
995 2144 1034 2176 et
1050 2141 1256 2176 iucundius
1271 2143 1308 2175 et
1320 2140 1478 2175 utilius
1467 2151 1508 2174 ιιι
1525 2140 1608 2186 phi-

871 2189 1066 2233 losophiae
1093 2189 1227 2223 studiis
1246 2188 1508 2231 collocaretur,
1534 2198 1604 2223 neo

873 2238 996 2270 tamen
1035 2238 1070 2270 te
1108 2246 1220 2281 posse
1257 2235 1401 2270 divitiis
1442 2246 1606 2280 aequare

871 2284 1011 2318 multos
1029 2283 1123 2318 alios
1141 2283 1283 2317 maiore
1305 2283 1381 2317 otio
1398 2283 1605 2317 fruentes.“

870 2330 952 2365 Nisi
978 2341 1067 2364 vero
1092 2331 1186 2365 haec
1211 2330 1287 2364 duo
1313 2329 1428 2364 verba
1452 2340 1529 2364 non
1547 2329 1605 2363 ni-

871 2378 943 2412 mis
976 2377 1182 2422 premenda
1206 2379 1314 2420 sunt,
1347 2377 1441 2411 adeo
1466 2379 1510 2411 ut
1534 2377 1606 2411 hoo

871 2424 1128 2460 tantummodo
1178 2424 1417 2470 significent:
1474 2423 1607 2467 „Nihil

870 2473 1040 2517 profecto
1065 2472 1202 2514 habes,
1234 2482 1304 2505 cur
1329 2471 1534 2516 querarel“
1560 2489 1607 2495 -

870 2521 1027 2562 suppetit
1060 2518 1170 2562 usus]
1207 2518 1420 2561 „sufficit“,
1452 2527 1529 2552 was
1560 2526 1605 2551 zu

869 2569 997 2600 seinen
1012 2567 1275 2608 Bedursaissen
1291 2565 1509 2607 aureum&
1530 2575 1606 2608 qua

872 2613 1148 2660 significatione
1167 2613 1300 2647 Cicero
1317 2614 1477 2657 usurpat
1493 2611 1604 2646 etiam
1643 2658 1645 2660 q

870 2673 904 2695 v.
928 2662 1181 2703 suppeditare,
1208 2660 1254 2694 de
1281 2658 1389 2693 Offic.
1417 2661 1455 2702 1,
1480 2661 1514 2700 4,
1542 2659 1605 2693 12:

867 2717 1008 2750 parare
1034 2717 1096 2750 ea,
1123 2716 1218 2749 quae
1241 2707 1472 2749 suppeditent
1497 2708 1531 2740 et
1556 2707 1606 2739 ad
