<?xml version="1.0" encoding="UTF-8"?>
<!DOCTYPE html PUBLIC "-//W3C//DTD XHTML 1.0 Transitional//EN"
    "http://www.w3.org/TR/xhtml1/DTD/xhtml1-transitional.dtd">
<html xmlns="http://www.w3.org/1999/xhtml" xml:lang="en" lang="en">
 <head>
  <title>
</title>
<meta http-equiv="Content-Type" content="text/html;charset=utf-8" />
  <meta name='ocr-system' content='tesseract 3.04.00' />
  <meta name='ocr-capabilities' content='ocr_page ocr_carea ocr_par ocr_line ocrx_word'/>
</head>
<body>
  <div class='ocr_page' id='page_1' title='image "./qhoratiusflaccus00horauoft_0082.png"; bbox 0 0 1786 2912; ppageno 0'>
   <div class='ocr_carea' id='block_1_1' title="bbox 169 149 224 190">
    <p class='ocr_par' dir='ltr' id='par_1_1' title="bbox 169 149 224 190">
     <span class='ocr_line' id='line_1_1' title="bbox 169 149 224 190; baseline 0 0"><span class='ocrx_word' id='word_1_1' title='bbox 169 149 224 190; x_wconf 78' lang='lat'>74</span> 
     </span>
    </p>
   </div>
   <div class='ocr_carea' id='block_1_2' title="bbox 668 149 1187 186">
    <p class='ocr_par' dir='ltr' id='par_1_2' title="bbox 668 149 1187 186">
     <span class='ocr_line' id='line_1_2' title="bbox 668 149 1187 186; baseline 0.006 -3"><span class='ocrx_word' id='word_1_2' title='bbox 668 149 877 184; x_wconf 83' lang='lat' dir='ltr'>HORATII</span> <span class='ocrx_word' id='word_1_3' title='bbox 901 150 1187 186; x_wconf 78' lang='lat' dir='ltr'>SATIRARUM</span> 
     </span>
    </p>
   </div>
   <div class='ocr_carea' id='block_1_3' title="bbox 283 251 1686 593">
    <p class='ocr_par' dir='ltr' id='par_1_3' title="bbox 284 251 1686 379">
     <span class='ocr_line' id='line_1_3' title="bbox 285 251 1686 308; baseline 0.004 -16"><span class='ocrx_word' id='word_1_4' title='bbox 285 251 343 292; x_wconf 91' lang='lat' dir='ltr'>Ut</span> <span class='ocrx_word' id='word_1_5' title='bbox 372 251 567 307; x_wconf 84' lang='lat' dir='ltr'>plerique</span> <span class='ocrx_word' id='word_1_6' title='bbox 600 252 751 304; x_wconf 82' lang='lat' dir='ltr'>solent,</span> <span class='ocrx_word' id='word_1_7' title='bbox 783 265 888 293; x_wconf 88' lang='lat' dir='ltr'>naso</span> <span class='ocrx_word' id='word_1_8' title='bbox 921 252 1147 308; x_wconf 89' lang='lat' dir='ltr'>suspendis</span> <span class='ocrx_word' id='word_1_9' title='bbox 1181 253 1345 296; x_wconf 79' lang='lat' dir='ltr'>adunco</span> <span class='ocrx_word' id='word_1_10' title='bbox 1509 302 1512 305; x_wconf 15' lang='grc' dir='ltr'><em>Α</em></span> <span class='ocrx_word' id='word_1_11' title='bbox 1659 255 1686 298; x_wconf 83' lang='grc'><strong>5</strong></span> 
     </span>
     <span class='ocr_line' id='line_1_4' title="bbox 284 322 1228 379; baseline 0.003 -16"><span class='ocrx_word' id='word_1_12' title='bbox 284 322 473 378; x_wconf 83' lang='lat' dir='ltr'>Ignotos,</span> <span class='ocrx_word' id='word_1_13' title='bbox 505 326 552 363; x_wconf 89' lang='lat' dir='ltr'>ut</span> <span class='ocrx_word' id='word_1_14' title='bbox 583 337 651 364; x_wconf 91' lang='lat' dir='ltr'>me</span> <span class='ocrx_word' id='word_1_15' title='bbox 681 322 883 364; x_wconf 88' lang='lat' dir='ltr'>libertino</span> <span class='ocrx_word' id='word_1_16' title='bbox 915 326 1036 379; x_wconf 88' lang='lat' dir='ltr'>patre</span> <span class='ocrx_word' id='word_1_17' title='bbox 1055 327 1228 366; x_wconf 82' lang='lat' dir='ltr'>natum.</span> 
     </span>
    </p>

    <p class='ocr_par' dir='ltr' id='par_1_4' title="bbox 286 393 1423 451">
     <span class='ocr_line' id='line_1_5' title="bbox 286 393 1423 451; baseline 0.003 -16"><span class='ocrx_word' id='word_1_18' title='bbox 286 393 396 435; x_wconf 79' lang='lat' dir='ltr'>Cum</span> <span class='ocrx_word' id='word_1_19' title='bbox 426 393 587 436; x_wconf 87' lang='lat' dir='ltr'>referre</span> <span class='ocrx_word' id='word_1_20' title='bbox 619 407 766 449; x_wconf 83' lang='lat' dir='ltr'>negas,</span> <span class='ocrx_word' id='word_1_21' title='bbox 801 393 916 449; x_wconf 91' lang='lat' dir='ltr'>quali</span> <span class='ocrx_word' id='word_1_22' title='bbox 947 393 1003 434; x_wconf 88' lang='lat' dir='ltr'>sit</span> <span class='ocrx_word' id='word_1_23' title='bbox 1034 395 1214 451; x_wconf 86' lang='lat' dir='ltr'>quisque</span> <span class='ocrx_word' id='word_1_24' title='bbox 1244 399 1423 451; x_wconf 86' lang='lat' dir='ltr'>parente</span> 
     </span>
    </p>

    <p class='ocr_par' dir='ltr' id='par_1_5' title="bbox 283 458 1461 522">
     <span class='ocr_line' id='line_1_6' title="bbox 283 458 1461 522; baseline 0.004 -17"><span class='ocrx_word' id='word_1_25' title='bbox 283 458 435 518; x_wconf 82' lang='lat' dir='ltr'>Natus,</span> <span class='ocrx_word' id='word_1_26' title='bbox 468 464 568 505; x_wconf 92' lang='lat' dir='ltr'>dum</span> <span class='ocrx_word' id='word_1_27' title='bbox 599 465 826 519; x_wconf 78' lang='lat' dir='ltr'>ingenuuS,</span> <span class='ocrx_word' id='word_1_28' title='bbox 859 464 1092 520; x_wconf 81' lang='lat' dir='ltr'>persuades</span> <span class='ocrx_word' id='word_1_29' title='bbox 1124 465 1206 508; x_wconf 84' lang='lat' dir='ltr'>hoc</span> <span class='ocrx_word' id='word_1_30' title='bbox 1235 466 1314 508; x_wconf 92' lang='lat' dir='ltr'>tibi</span> <span class='ocrx_word' id='word_1_31' title='bbox 1345 481 1461 522; x_wconf 84' lang='lat' dir='ltr'>vere,</span> 
     </span>
    </p>

    <p class='ocr_par' dir='ltr' id='par_1_6' title="bbox 285 534 1428 593">
     <span class='ocr_line' id='line_1_7' title="bbox 285 534 1428 593; baseline 0.003 -16"><span class='ocrx_word' id='word_1_32' title='bbox 285 535 398 578; x_wconf 82' lang='lat' dir='ltr'>Ante</span> <span class='ocrx_word' id='word_1_33' title='bbox 430 539 687 591; x_wconf 83' lang='lat' dir='ltr'>potestatem</span> <span class='ocrx_word' id='word_1_34' title='bbox 720 534 835 576; x_wconf 86' lang='lat' dir='ltr'>Tulli</span> <span class='ocrx_word' id='word_1_35' title='bbox 867 539 996 592; x_wconf 86' lang='lat' dir='ltr'>atque</span> <span class='ocrx_word' id='word_1_36' title='bbox 1027 536 1216 592; x_wconf 87' lang='lat' dir='ltr'>ignobile</span> <span class='ocrx_word' id='word_1_37' title='bbox 1246 551 1428 593; x_wconf 88' lang='lat' dir='ltr'>regnum</span> 
     </span>
    </p>
   </div>
   <div class='ocr_carea' id='block_1_4' title="bbox 282 605 1322 662">
    <p class='ocr_par' dir='ltr' id='par_1_7' title="bbox 282 605 1322 662">
     <span class='ocr_line' id='line_1_8' title="bbox 282 605 1322 662; baseline 0.002 -14"><span class='ocrx_word' id='word_1_38' title='bbox 282 605 440 648; x_wconf 86' lang='lat' dir='ltr'>Multos</span> <span class='ocrx_word' id='word_1_39' title='bbox 474 621 603 662; x_wconf 86' lang='lat' dir='ltr'>saepe</span> <span class='ocrx_word' id='word_1_40' title='bbox 634 606 749 648; x_wconf 84' lang='lat' dir='ltr'>viros</span> <span class='ocrx_word' id='word_1_41' title='bbox 781 607 909 648; x_wconf 83' lang='lat' dir='ltr'>nullis</span> <span class='ocrx_word' id='word_1_42' title='bbox 941 607 1174 649; x_wconf 88' lang='lat' dir='ltr'>maioribus</span> <span class='ocrx_word' id='word_1_43' title='bbox 1208 611 1322 650; x_wconf 89' lang='lat' dir='ltr'>ortos</span> 
     </span>
    </p>
   </div>
   <div class='ocr_carea' id='block_1_5' title="bbox 1630 610 1684 651">
    <p class='ocr_par' dir='ltr' id='par_1_8' title="bbox 1630 610 1684 651">
     <span class='ocr_line' id='line_1_9' title="bbox 1630 610 1684 651; baseline 0 0"><span class='ocrx_word' id='word_1_44' title='bbox 1630 610 1684 651; x_wconf 95' lang='lat'>10</span> 
     </span>
    </p>
   </div>
   <div class='ocr_carea' id='block_1_6' title="bbox 283 676 1477 876">
    <p class='ocr_par' dir='ltr' id='par_1_9' title="bbox 283 676 1477 876">
     <span class='ocr_line' id='line_1_10' title="bbox 283 676 1466 735; baseline 0.003 -17"><span class='ocrx_word' id='word_1_45' title='bbox 283 676 341 718; x_wconf 88' lang='lat' dir='ltr'>Et</span> <span class='ocrx_word' id='word_1_46' title='bbox 371 677 533 719; x_wconf 88' lang='lat' dir='ltr'>vixisse</span> <span class='ocrx_word' id='word_1_47' title='bbox 565 677 736 734; x_wconf 83' lang='lat' dir='ltr'>probOS,</span> <span class='ocrx_word' id='word_1_48' title='bbox 770 678 922 733; x_wconf 88' lang='lat' dir='ltr'>amplis</span> <span class='ocrx_word' id='word_1_49' title='bbox 957 682 999 720; x_wconf 88' lang='lat' dir='ltr'>et</span> <span class='ocrx_word' id='word_1_50' title='bbox 1029 678 1263 721; x_wconf 85' lang='lat' dir='ltr'>honoribus</span> <span class='ocrx_word' id='word_1_51' title='bbox 1297 683 1466 735; x_wconf 74' lang='lat' dir='ltr'>auctos,</span> 
     </span>
     <span class='ocr_line' id='line_1_11' title="bbox 285 748 1477 807; baseline 0.003 -17"><span class='ocrx_word' id='word_1_52' title='bbox 285 748 444 790; x_wconf 78' lang='lat' dir='ltr'>Contra</span> <span class='ocrx_word' id='word_1_53' title='bbox 473 748 726 801; x_wconf 88' lang='lat' dir='ltr'>Laevinum,</span> <span class='ocrx_word' id='word_1_54' title='bbox 758 748 905 791; x_wconf 86' lang='lat' dir='ltr'>Valeri</span> <span class='ocrx_word' id='word_1_55' title='bbox 938 763 1088 805; x_wconf 82' lang='lat' dir='ltr'>genus,</span> <span class='ocrx_word' id='word_1_56' title='bbox 1121 749 1234 792; x_wconf 91' lang='lat' dir='ltr'>unde</span> <span class='ocrx_word' id='word_1_57' title='bbox 1267 751 1477 807; x_wconf 85' lang='lat' dir='ltr'>superbus</span> 
     </span>
     <span class='ocr_line' id='line_1_12' title="bbox 284 819 1346 876; baseline 0.003 -16"><span class='ocrx_word' id='word_1_58' title='bbox 284 819 542 875; x_wconf 85' lang='lat' dir='ltr'>Tarquinius</span> <span class='ocrx_word' id='word_1_59' title='bbox 575 834 708 875; x_wconf 85' lang='lat' dir='ltr'>regno</span> <span class='ocrx_word' id='word_1_60' title='bbox 739 820 889 876; x_wconf 88' lang='lat' dir='ltr'>pulsus</span> <span class='ocrx_word' id='word_1_61' title='bbox 922 820 1045 876; x_wconf 78' lang='lat' dir='ltr'>fugit,</span> <span class='ocrx_word' id='word_1_62' title='bbox 1078 822 1204 862; x_wconf 90' lang='lat' dir='ltr'>unius</span> <span class='ocrx_word' id='word_1_63' title='bbox 1238 822 1346 864; x_wconf 89' lang='lat' dir='ltr'>assis</span> 
     </span>
    </p>
   </div>
   <div class='ocr_carea' id='block_1_7' title="bbox 210 949 1639 1041">
    <p class='ocr_par' dir='ltr' id='par_1_10' title="bbox 210 949 1639 1041">
     <span class='ocr_line' id='line_1_13' title="bbox 263 949 1639 994; baseline 0.003 -12"><span class='ocrx_word' id='word_1_64' title='bbox 263 952 315 983; x_wconf 88' lang='lat'>13.</span> <span class='ocrx_word' id='word_1_65' title='bbox 357 951 452 991; x_wconf 74' lang='lat' dir='ltr'>suqil</span> <span class='ocrx_word' id='word_1_66' title='bbox 479 949 547 994; x_wconf 89' lang='lat' dir='ltr'>dp,</span> <span class='ocrx_word' id='word_1_67' title='bbox 581 960 638 994; x_wconf 89' lang='lat' dir='ltr'>pr.</span> <span class='ocrx_word' id='word_1_68' title='bbox 664 949 726 992; x_wconf 85' lang='lat' dir='ltr'>bs,</span> <span class='ocrx_word' id='word_1_69' title='bbox 753 952 931 994; x_wconf 86' lang='lat' dir='ltr'>quattuor</span> <span class='ocrx_word' id='word_1_70' title='bbox 958 950 1154 994; x_wconf 86' lang='lat' dir='ltr'>Blandin.,</span> <span class='ocrx_word' id='word_1_71' title='bbox 1188 951 1351 985; x_wconf 87' lang='lat' dir='ltr'>Bentleii</span> <span class='ocrx_word' id='word_1_72' title='bbox 1376 950 1575 986; x_wconf 85' lang='lat' dir='ltr'>Leidensis</span> <span class='ocrx_word' id='word_1_73' title='bbox 1601 955 1639 986; x_wconf 84' lang='lat' dir='ltr'>et</span> 
     </span>
     <span class='ocr_line' id='line_1_14' title="bbox 210 997 1637 1041; baseline 0.002 -11"><span class='ocrx_word' id='word_1_74' title='bbox 210 997 275 1030; x_wconf 86' lang='lat' dir='ltr'>alii</span> <span class='ocrx_word' id='word_1_75' title='bbox 302 999 399 1039; x_wconf 76' lang='lat' dir='ltr'>tres,</span> <span class='ocrx_word' id='word_1_76' title='bbox 432 1007 566 1031; x_wconf 89' lang='lat' dir='ltr'>novem</span> <span class='ocrx_word' id='word_1_77' title='bbox 589 997 781 1040; x_wconf 87' lang='lat' dir='ltr'>Pottierii,</span> <span class='ocrx_word' id='word_1_78' title='bbox 815 997 1030 1038; x_wconf 87' lang='lat' dir='ltr'>Bentleius,</span> <span class='ocrx_word' id='word_1_79' title='bbox 1064 998 1111 1031; x_wconf 90' lang='lat' dir='ltr'>F:</span> <span class='ocrx_word' id='word_1_80' title='bbox 1147 999 1219 1040; x_wconf 79' lang='lat' dir='ltr'>suit</span> <span class='ocrx_word' id='word_1_81' title='bbox 1245 1009 1284 1041; x_wconf 85' lang='lat' dir='ltr'>e,</span> <span class='ocrx_word' id='word_1_82' title='bbox 1311 1009 1407 1032; x_wconf 82' lang='lat' dir='ltr'>corr.</span> <span class='ocrx_word' id='word_1_83' title='bbox 1433 997 1503 1041; x_wconf 78' lang='lat' dir='ltr'>bs,</span> <span class='ocrx_word' id='word_1_84' title='bbox 1527 999 1637 1033; x_wconf 87' lang='lat' dir='ltr'>multi</span> 
     </span>
    </p>
   </div>
   <div class='ocr_carea' id='block_1_8' title="bbox 209 1044 554 1086">
    <p class='ocr_par' dir='ltr' id='par_1_11' title="bbox 209 1044 554 1086">
     <span class='ocr_line' id='line_1_15' title="bbox 209 1044 554 1086; baseline 0 -9"><span class='ocrx_word' id='word_1_85' title='bbox 209 1044 381 1078; x_wconf 80' lang='lat' dir='ltr'>Pottierii</span> <span class='ocrx_word' id='word_1_86' title='bbox 393 1070 401 1086; x_wconf 87' lang='lat'><strong><em>‚</em></strong></span> <span class='ocrx_word' id='word_1_87' title='bbox 428 1044 554 1078; x_wconf 81' lang='lat' dir='ltr'>LOtM.</span> 
     </span>
    </p>
   </div>
   <div class='ocr_carea' id='block_1_9' title="bbox 154 1164 900 2769">
    <p class='ocr_par' dir='ltr' id='par_1_12' title="bbox 154 1164 900 2285">
     <span class='ocr_line' id='line_1_16' title="bbox 161 1164 899 1204; baseline 0 -9"><span class='ocrx_word' id='word_1_88' title='bbox 161 1171 242 1195; x_wconf 81' lang='lat' dir='ltr'>cum</span> <span class='ocrx_word' id='word_1_89' title='bbox 260 1164 401 1204; x_wconf 64' lang='lat' dir='ltr'>magmis</span> <span class='ocrx_word' id='word_1_90' title='bbox 422 1164 620 1204; x_wconf 76' lang='lat' dir='ltr'>leqionibus</span> <span class='ocrx_word' id='word_1_91' title='bbox 643 1164 797 1195; x_wconf 78' lang='lat' dir='ltr'>hostium</span> <span class='ocrx_word' id='word_1_92' title='bbox 815 1171 899 1196; x_wconf 85' lang='lat' dir='ltr'>con-</span> 
     </span>
     <span class='ocr_line' id='line_1_17' title="bbox 161 1210 900 1244; baseline 0.003 -2"><span class='ocrx_word' id='word_1_93' title='bbox 161 1212 325 1243; x_wconf 77' lang='lat' dir='ltr'>tendisse.</span> <span class='ocrx_word' id='word_1_94' title='bbox 376 1210 517 1244; x_wconf 86' lang='lat' dir='ltr'>Similis</span> <span class='ocrx_word' id='word_1_95' title='bbox 556 1210 666 1244; x_wconf 88' lang='lat' dir='ltr'>etiam</span> <span class='ocrx_word' id='word_1_96' title='bbox 705 1210 809 1244; x_wconf 85' lang='lat' dir='ltr'>color</span> <span class='ocrx_word' id='word_1_97' title='bbox 845 1214 900 1244; x_wconf 83' lang='lat' dir='ltr'>est</span> 
     </span>
     <span class='ocr_line' id='line_1_18' title="bbox 160 1256 899 1302; baseline 0.001 -13"><span class='ocrx_word' id='word_1_98' title='bbox 160 1256 313 1291; x_wconf 84' lang='lat' dir='ltr'>Lueret.</span> <span class='ocrx_word' id='word_1_99' title='bbox 341 1259 381 1300; x_wconf 87' lang='lat'>3,</span> <span class='ocrx_word' id='word_1_100' title='bbox 418 1259 528 1290; x_wconf 85' lang='lat'>1040:</span> <span class='ocrx_word' id='word_1_101' title='bbox 569 1258 724 1302; x_wconf 87' lang='lat' dir='ltr'>(reges)</span> <span class='ocrx_word' id='word_1_102' title='bbox 757 1259 899 1298; x_wconf 61' lang='lat' dir='ltr'>magnis</span> 
     </span>
     <span class='ocr_line' id='line_1_19' title="bbox 161 1305 899 1346; baseline -0.001 -8"><span class='ocrx_word' id='word_1_103' title='bbox 161 1305 224 1345; x_wconf 81' lang='lat' dir='ltr'>qui</span> <span class='ocrx_word' id='word_1_104' title='bbox 250 1306 413 1346; x_wconf 65' lang='lat' dir='ltr'>ventibus</span> <span class='ocrx_word' id='word_1_105' title='bbox 437 1306 708 1346; x_wconf 65' lang='lat' dir='ltr'>imperitarunt.</span> <span class='ocrx_word' id='word_1_106' title='bbox 725 1324 767 1328; x_wconf 98' lang='lat'><strong>—</strong></span> <span class='ocrx_word' id='word_1_107' title='bbox 786 1306 899 1346; x_wconf 82' lang='lat' dir='ltr'>impe-</span> 
     </span>
     <span class='ocr_line' id='line_1_20' title="bbox 159 1352 899 1396; baseline 0.003 -12"><span class='ocrx_word' id='word_1_108' title='bbox 159 1352 332 1394; x_wconf 77' lang='lat' dir='ltr'>ritarent]</span> <span class='ocrx_word' id='word_1_109' title='bbox 362 1352 629 1396; x_wconf 82' lang='lat' dir='ltr'>Imperfectum</span> <span class='ocrx_word' id='word_1_110' title='bbox 661 1353 695 1385; x_wconf 93' lang='lat' dir='ltr'>h.</span> <span class='ocrx_word' id='word_1_111' title='bbox 724 1352 748 1385; x_wconf 92' lang='lat' dir='ltr'>l.</span> <span class='ocrx_word' id='word_1_112' title='bbox 774 1352 899 1396; x_wconf 85' lang='lat' dir='ltr'>aptius</span> 
     </span>
     <span class='ocr_line' id='line_1_21' title="bbox 161 1399 898 1444; baseline 0 -12"><span class='ocrx_word' id='word_1_113' title='bbox 161 1402 217 1432; x_wconf 86' lang='lat' dir='ltr'>est</span> <span class='ocrx_word' id='word_1_114' title='bbox 252 1411 362 1443; x_wconf 86' lang='lat' dir='ltr'>quam</span> <span class='ocrx_word' id='word_1_115' title='bbox 398 1399 607 1444; x_wconf 80' lang='lat' dir='ltr'>perfeetum</span> <span class='ocrx_word' id='word_1_116' title='bbox 642 1399 739 1433; x_wconf 83' lang='lat' dir='ltr'>coni.</span> <span class='ocrx_word' id='word_1_117' title='bbox 791 1399 898 1443; x_wconf 86' lang='lat' dir='ltr'>(perf.</span> 
     </span>
     <span class='ocr_line' id='line_1_22' title="bbox 159 1446 900 1490; baseline 0.001 -11"><span class='ocrx_word' id='word_1_118' title='bbox 159 1446 275 1480; x_wconf 84' lang='lat' dir='ltr'>indic.</span> <span class='ocrx_word' id='word_1_119' title='bbox 299 1457 456 1490; x_wconf 88' lang='lat' dir='ltr'>prorsus</span> <span class='ocrx_word' id='word_1_120' title='bbox 480 1446 729 1481; x_wconf 85' lang='lat' dir='ltr'>reiioiendum</span> <span class='ocrx_word' id='word_1_121' title='bbox 754 1449 837 1490; x_wconf 85' lang='lat' dir='ltr'>est),</span> <span class='ocrx_word' id='word_1_122' title='bbox 863 1450 900 1480; x_wconf 90' lang='lat' dir='ltr'>et</span> 
     </span>
     <span class='ocr_line' id='line_1_23' title="bbox 160 1493 899 1538; baseline 0 -11"><span class='ocrx_word' id='word_1_123' title='bbox 160 1494 371 1528; x_wconf 78' lang='lat' dir='ltr'>consociari</span> <span class='ocrx_word' id='word_1_124' title='bbox 408 1493 556 1527; x_wconf 84' lang='lat' dir='ltr'>videtur</span> <span class='ocrx_word' id='word_1_125' title='bbox 592 1505 675 1528; x_wconf 85' lang='lat' dir='ltr'>cum</span> <span class='ocrx_word' id='word_1_126' title='bbox 709 1494 803 1538; x_wconf 87' lang='lat' dir='ltr'>perf.</span> <span class='ocrx_word' id='word_1_127' title='bbox 829 1496 899 1535; x_wconf 77' lang='lat' dir='ltr'>suit</span> 
     </span>
     <span class='ocr_line' id='line_1_24' title="bbox 159 1541 898 1585; baseline 0 -11"><span class='ocrx_word' id='word_1_128' title='bbox 159 1541 288 1574; x_wconf 80' lang='lat' dir='ltr'>eadem</span> <span class='ocrx_word' id='word_1_129' title='bbox 324 1542 607 1575; x_wconf 79' lang='lat' dir='ltr'>construetione</span> <span class='ocrx_word' id='word_1_130' title='bbox 646 1544 758 1585; x_wconf 83' lang='lat' dir='ltr'>atque</span> <span class='ocrx_word' id='word_1_131' title='bbox 796 1541 898 1585; x_wconf 88' lang='lat' dir='ltr'>apud</span> 
     </span>
     <span class='ocr_line' id='line_1_25' title="bbox 159 1587 899 1622; baseline -0.001 0"><span class='ocrx_word' id='word_1_132' title='bbox 159 1587 297 1622; x_wconf 81' lang='lat' dir='ltr'>Salust.</span> <span class='ocrx_word' id='word_1_133' title='bbox 323 1588 431 1622; x_wconf 86' lang='lat' dir='ltr'>Catil.</span> <span class='ocrx_word' id='word_1_134' title='bbox 471 1590 538 1621; x_wconf 82' lang='lat'>22:</span> <span class='ocrx_word' id='word_1_135' title='bbox 576 1590 693 1622; x_wconf 78' lang='lat' dir='ltr'>Fuere</span> <span class='ocrx_word' id='word_1_136' title='bbox 731 1598 775 1622; x_wconf 88' lang='lat' dir='ltr'>ea</span> <span class='ocrx_word' id='word_1_137' title='bbox 812 1592 899 1621; x_wconf 82' lang='lat' dir='ltr'>lem-</span> 
     </span>
     <span class='ocr_line' id='line_1_26' title="bbox 154 1637 897 1678; baseline -0.001 -9"><span class='ocrx_word' id='word_1_138' title='bbox 154 1638 314 1678; x_wconf 74' lang='lat' dir='ltr'>pestate,</span> <span class='ocrx_word' id='word_1_139' title='bbox 351 1637 413 1676; x_wconf 84' lang='lat' dir='ltr'>qui</span> <span class='ocrx_word' id='word_1_140' title='bbox 447 1637 616 1669; x_wconf 81' lang='lat' dir='ltr'>dicerem.</span> <span class='ocrx_word' id='word_1_141' title='bbox 646 1655 687 1659; x_wconf 88' lang='lat'>——</span> <span class='ocrx_word' id='word_1_142' title='bbox 716 1644 804 1668; x_wconf 74' lang='lat' dir='ltr'>vnaso</span> <span class='ocrx_word' id='word_1_143' title='bbox 838 1645 897 1668; x_wconf 84' lang='lat' dir='ltr'>su-</span> 
     </span>
     <span class='ocr_line' id='line_1_27' title="bbox 158 1682 897 1726; baseline 0 -11"><span class='ocrx_word' id='word_1_144' title='bbox 158 1684 303 1724; x_wconf 76' lang='lat' dir='ltr'>spendis</span> <span class='ocrx_word' id='word_1_145' title='bbox 329 1683 486 1726; x_wconf 73' lang='lat' dir='ltr'>adunco]</span> <span class='ocrx_word' id='word_1_146' title='bbox 521 1682 595 1716; x_wconf 83' lang='lat' dir='ltr'>Ofr.</span> <span class='ocrx_word' id='word_1_147' title='bbox 622 1683 697 1716; x_wconf 85' lang='lat' dir='ltr'>Sat.</span> <span class='ocrx_word' id='word_1_148' title='bbox 732 1685 764 1725; x_wconf 90' lang='lat'>2,</span> <span class='ocrx_word' id='word_1_149' title='bbox 790 1685 821 1724; x_wconf 85' lang='lat'>8,</span> <span class='ocrx_word' id='word_1_150' title='bbox 841 1686 897 1716; x_wconf 87' lang='grc'>64.</span> 
     </span>
     <span class='ocr_line' id='line_1_28' title="bbox 158 1729 897 1775; baseline 0 -12"><span class='ocrx_word' id='word_1_151' title='bbox 158 1729 226 1764; x_wconf 79' lang='lat' dir='ltr'>Est</span> <span class='ocrx_word' id='word_1_152' title='bbox 253 1741 373 1772; x_wconf 83' lang='lat' dir='ltr'>„naso</span> <span class='ocrx_word' id='word_1_153' title='bbox 407 1734 606 1775; x_wconf 76' lang='lat' dir='ltr'>eoi-rugato</span> <span class='ocrx_word' id='word_1_154' title='bbox 638 1741 722 1763; x_wconf 85' lang='lat' dir='ltr'>oum</span> <span class='ocrx_word' id='word_1_155' title='bbox 747 1730 897 1765; x_wconf 83' lang='lat' dir='ltr'>fastidio</span> 
     </span>
     <span class='ocr_line' id='line_1_29' title="bbox 160 1777 897 1822; baseline 0 -12"><span class='ocrx_word' id='word_1_156' title='bbox 160 1781 197 1810; x_wconf 89' lang='lat' dir='ltr'>et</span> <span class='ocrx_word' id='word_1_157' title='bbox 216 1781 432 1822; x_wconf 85' lang='lat' dir='ltr'>contemptu</span> <span class='ocrx_word' id='word_1_158' title='bbox 451 1777 623 1820; x_wconf 87' lang='lat' dir='ltr'>irridere,</span> <span class='ocrx_word' id='word_1_159' title='bbox 650 1779 897 1818; x_wconf 78' lang='lat' dir='ltr'>subsannare,</span> 
     </span>
     <span class='ocr_line' id='line_1_30' title="bbox 157 1824 896 1872; baseline 0.003 -16"><span class='ocrx_word' id='word_1_160' title='bbox 157 1826 411 1872; x_wconf 75' lang='grc' dir='ltr'>μυκτηρίζειν,</span> <span class='ocrx_word' id='word_1_161' title='bbox 442 1824 682 1859; x_wconf 75' lang='grc' dir='ltr'>σιλλαίνειν.“</span> <span class='ocrx_word' id='word_1_162' title='bbox 726 1825 823 1858; x_wconf 90' lang='lat' dir='ltr'>Plin.</span> <span class='ocrx_word' id='word_1_163' title='bbox 850 1824 896 1858; x_wconf 89' lang='lat' dir='ltr'>H.</span> 
     </span>
     <span class='ocr_line' id='line_1_31' title="bbox 157 1871 896 1914; baseline -0.001 -9"><span class='ocrx_word' id='word_1_164' title='bbox 157 1871 201 1905; x_wconf 87' lang='lat' dir='ltr'>N.</span> <span class='ocrx_word' id='word_1_165' title='bbox 239 1875 301 1914; x_wconf 98' lang='grc'>11,</span> <span class='ocrx_word' id='word_1_166' title='bbox 328 1874 390 1911; x_wconf 82' lang='grc'>37,</span> <span class='ocrx_word' id='word_1_167' title='bbox 419 1874 487 1906; x_wconf 83' lang='lat'>59:</span> <span class='ocrx_word' id='word_1_168' title='bbox 524 1874 571 1905; x_wconf 87' lang='grc' dir='ltr'>Ει</span> <span class='ocrx_word' id='word_1_169' title='bbox 608 1874 722 1906; x_wconf 78' lang='lat' dir='ltr'>alcior</span> <span class='ocrx_word' id='word_1_170' title='bbox 760 1873 896 1906; x_wconf 75' lang='lat' dir='ltr'>homini</span> 
     </span>
     <span class='ocr_line' id='line_1_32' title="bbox 158 1921 898 1961; baseline 0 -9"><span class='ocrx_word' id='word_1_171' title='bbox 158 1921 313 1961; x_wconf 78' lang='lat' dir='ltr'>lantum,</span> <span class='ocrx_word' id='word_1_172' title='bbox 341 1929 447 1960; x_wconf 86' lang='lat' dir='ltr'>quem</span> <span class='ocrx_word' id='word_1_173' title='bbox 472 1922 556 1953; x_wconf 73' lang='lat' dir='ltr'>nov-i</span> <span class='ocrx_word' id='word_1_174' title='bbox 579 1929 697 1953; x_wconf 83' lang='lat' dir='ltr'>mores</span> <span class='ocrx_word' id='word_1_175' title='bbox 722 1921 898 1953; x_wconf 77' lang='lat' dir='ltr'>subdolae</span> 
     </span>
     <span class='ocr_line' id='line_1_33' title="bbox 157 1967 896 2008; baseline 0.001 -9"><span class='ocrx_word' id='word_1_176' title='bbox 157 1967 325 2000; x_wconf 76' lang='lat' dir='ltr'>irrisioni</span> <span class='ocrx_word' id='word_1_177' title='bbox 361 1969 529 2000; x_wconf 82' lang='lat' dir='ltr'>dicavere</span> <span class='ocrx_word' id='word_1_178' title='bbox 567 1976 689 2000; x_wconf 76' lang='lat' dir='ltr'>nasus.</span> <span class='ocrx_word' id='word_1_179' title='bbox 719 1986 760 1990; x_wconf 82' lang='lat'>——</span> <span class='ocrx_word' id='word_1_180' title='bbox 789 1970 896 2008; x_wconf 67' lang='lat' dir='ltr'>Imao-¹</span> 
     </span>
     <span class='ocr_line' id='line_1_34' title="bbox 158 2015 896 2059; baseline -0.001 -12"><span class='ocrx_word' id='word_1_181' title='bbox 158 2015 227 2057; x_wconf 79' lang='lat' dir='ltr'>tos]</span> <span class='ocrx_word' id='word_1_182' title='bbox 257 2015 523 2059; x_wconf 80' lang='lat' dir='ltr'>„ignobiles;“</span> <span class='ocrx_word' id='word_1_183' title='bbox 564 2018 807 2059; x_wconf 89' lang='lat' dir='ltr'>opponuntur</span> <span class='ocrx_word' id='word_1_184' title='bbox 838 2024 896 2056; x_wconf 72' lang='lat' dir='ltr'>qe-</span> 
     </span>
     <span class='ocr_line' id='line_1_35' title="bbox 158 2062 895 2104; baseline 0.001 -10"><span class='ocrx_word' id='word_1_185' title='bbox 158 2063 311 2104; x_wconf 80' lang='lat' dir='ltr'>nerosis,</span> <span class='ocrx_word' id='word_1_186' title='bbox 346 2066 388 2095; x_wconf 89' lang='lat' dir='ltr'>ut</span> <span class='ocrx_word' id='word_1_187' title='bbox 414 2073 445 2095; x_wconf 85' lang='lat' dir='ltr'>v.</span> <span class='ocrx_word' id='word_1_188' title='bbox 473 2064 528 2095; x_wconf 97' lang='lat'>24.</span> <span class='ocrx_word' id='word_1_189' title='bbox 556 2082 600 2085; x_wconf 82' lang='lat'>-—</span> <span class='ocrx_word' id='word_1_190' title='bbox 628 2062 807 2104; x_wconf 74' lang='lat' dir='ltr'>libertino]</span> <span class='ocrx_word' id='word_1_191' title='bbox 835 2062 895 2095; x_wconf 82' lang='lat' dir='ltr'>Sic</span> 
     </span>
     <span class='ocr_line' id='line_1_36' title="bbox 157 2108 895 2154; baseline 0.001 -13"><span class='ocrx_word' id='word_1_192' title='bbox 157 2108 321 2143; x_wconf 86' lang='lat' dir='ltr'>illustris</span> <span class='ocrx_word' id='word_1_193' title='bbox 354 2109 421 2143; x_wconf 91' lang='lat' dir='ltr'>ille</span> <span class='ocrx_word' id='word_1_194' title='bbox 446 2109 593 2143; x_wconf 82' lang='lat' dir='ltr'>Horatii</span> <span class='ocrx_word' id='word_1_195' title='bbox 626 2109 817 2154; x_wconf 84' lang='lat' dir='ltr'>aequalis,</span> <span class='ocrx_word' id='word_1_196' title='bbox 857 2110 895 2143; x_wconf 84' lang='lat' dir='ltr'>O.</span> 
     </span>
     <span class='ocr_line' id='line_1_37' title="bbox 158 2155 896 2197; baseline 0 -7"><span class='ocrx_word' id='word_1_197' title='bbox 158 2155 358 2191; x_wconf 83' lang='lat' dir='ltr'>Cornelius</span> <span class='ocrx_word' id='word_1_198' title='bbox 377 2156 520 2197; x_wconf 83' lang='lat' dir='ltr'>Gallus,</span> <span class='ocrx_word' id='word_1_199' title='bbox 548 2157 608 2190; x_wconf 87' lang='lat' dir='ltr'>cui</span> <span class='ocrx_word' id='word_1_200' title='bbox 635 2156 809 2191; x_wconf 89' lang='lat' dir='ltr'>nonnulli</span> <span class='ocrx_word' id='word_1_201' title='bbox 837 2157 896 2190; x_wconf 83' lang='lat' dir='ltr'>Oi-</span> 
     </span>
     <span class='ocr_line' id='line_1_38' title="bbox 157 2203 895 2246; baseline 0.001 -9"><span class='ocrx_word' id='word_1_202' title='bbox 157 2203 227 2237; x_wconf 88' lang='lat' dir='ltr'>rim</span> <span class='ocrx_word' id='word_1_203' title='bbox 262 2204 454 2246; x_wconf 80' lang='lat' dir='ltr'>tribuunt,</span> <span class='ocrx_word' id='word_1_204' title='bbox 496 2204 623 2238; x_wconf 79' lang='lat' dir='ltr'>Sullae</span> <span class='ocrx_word' id='word_1_205' title='bbox 657 2205 715 2238; x_wconf 84' lang='lat' dir='ltr'>vel</span> <span class='ocrx_word' id='word_1_206' title='bbox 752 2204 895 2238; x_wconf 82' lang='lat' dir='ltr'>Cinnae</span> 
     </span>
     <span class='ocr_line' id='line_1_39' title="bbox 157 2250 522 2285; baseline 0.003 -1"><span class='ocrx_word' id='word_1_207' title='bbox 157 2250 285 2284; x_wconf 88' lang='lat' dir='ltr'>liberti</span> <span class='ocrx_word' id='word_1_208' title='bbox 312 2251 413 2285; x_wconf 90' lang='lat' dir='ltr'>filius</span> <span class='ocrx_word' id='word_1_209' title='bbox 439 2252 522 2285; x_wconf 88' lang='lat' dir='ltr'>fuit.</span> 
     </span>
    </p>

    <p class='ocr_par' dir='ltr' id='par_1_13' title="bbox 156 2298 897 2769">
     <span class='ocr_line' id='line_1_40' title="bbox 205 2298 897 2341; baseline 0.003 -10"><span class='ocrx_word' id='word_1_210' title='bbox 205 2300 302 2332; x_wconf 81' lang='lat'>7-17.</span> <span class='ocrx_word' id='word_1_211' title='bbox 330 2300 417 2332; x_wconf 85' lang='lat' dir='ltr'>Cum</span> <span class='ocrx_word' id='word_1_212' title='bbox 443 2299 527 2341; x_wconf 87' lang='lat' dir='ltr'>eet.]</span> <span class='ocrx_word' id='word_1_213' title='bbox 563 2298 700 2340; x_wconf 80' lang='lat' dir='ltr'>„Tum,</span> <span class='ocrx_word' id='word_1_214' title='bbox 727 2309 812 2333; x_wconf 86' lang='lat' dir='ltr'>oum</span> <span class='ocrx_word' id='word_1_215' title='bbox 839 2301 897 2341; x_wconf 82' lang='lat' dir='ltr'>(ut</span> 
     </span>
     <span class='ocr_line' id='line_1_41' title="bbox 158 2343 895 2391; baseline 0 -11"><span class='ocrx_word' id='word_1_216' title='bbox 158 2355 308 2390; x_wconf 82' lang='lat' dir='ltr'>semper</span> <span class='ocrx_word' id='word_1_217' title='bbox 335 2346 443 2388; x_wconf 81' lang='lat' dir='ltr'>facis)</span> <span class='ocrx_word' id='word_1_218' title='bbox 470 2346 611 2379; x_wconf 86' lang='lat' dir='ltr'>referre</span> <span class='ocrx_word' id='word_1_219' title='bbox 638 2357 773 2391; x_wconf 83' lang='lat' dir='ltr'>negas,</span> <span class='ocrx_word' id='word_1_220' title='bbox 808 2343 895 2380; x_wconf 44' lang='lat' dir='ltr'>rere</span> 
     </span>
     <span class='ocr_line' id='line_1_42' title="bbox 156 2393 893 2437; baseline 0.001 -11"><span class='ocrx_word' id='word_1_221' title='bbox 156 2393 225 2426; x_wconf 84' lang='lat' dir='ltr'>tibi</span> <span class='ocrx_word' id='word_1_222' title='bbox 251 2393 478 2437; x_wconf 84' lang='lat' dir='ltr'>persuades,</span> <span class='ocrx_word' id='word_1_223' title='bbox 513 2396 614 2427; x_wconf 79' lang='lat' dir='ltr'>reete</span> <span class='ocrx_word' id='word_1_224' title='bbox 644 2394 716 2427; x_wconf 83' lang='lat' dir='ltr'>hoc</span> <span class='ocrx_word' id='word_1_225' title='bbox 742 2394 893 2428; x_wconf 83' lang='lat' dir='ltr'>sentis.“</span> 
     </span>
     <span class='ocr_line' id='line_1_43' title="bbox 158 2441 895 2483; baseline 0.001 -10"><span class='ocrx_word' id='word_1_226' title='bbox 158 2459 201 2464; x_wconf 88' lang='lat'>--</span> <span class='ocrx_word' id='word_1_227' title='bbox 218 2441 527 2482; x_wconf 79' lang='lat' dir='ltr'>quali--parenle</span> <span class='ocrx_word' id='word_1_228' title='bbox 544 2441 675 2483; x_wconf 80' lang='lat' dir='ltr'>Natus]</span> <span class='ocrx_word' id='word_1_229' title='bbox 702 2441 895 2475; x_wconf 84' lang='lat' dir='ltr'>Olaudian.</span> 
     </span>
     <span class='ocr_line' id='line_1_44' title="bbox 157 2487 895 2529; baseline -0.001 -7"><span class='ocrx_word' id='word_1_230' title='bbox 157 2487 203 2522; x_wconf 85' lang='lat' dir='ltr'>de</span> <span class='ocrx_word' id='word_1_231' title='bbox 229 2487 347 2521; x_wconf 86' lang='lat' dir='ltr'>Laud.</span> <span class='ocrx_word' id='word_1_232' title='bbox 368 2487 513 2521; x_wconf 83' lang='lat' dir='ltr'>Stilioh.</span> <span class='ocrx_word' id='word_1_233' title='bbox 541 2490 573 2529; x_wconf 88' lang='lat'>2,</span> <span class='ocrx_word' id='word_1_234' title='bbox 602 2489 686 2521; x_wconf 84' lang='lat'>124:</span> <span class='ocrx_word' id='word_1_235' title='bbox 719 2490 895 2529; x_wconf 77' lang='lat' dir='ltr'>meritum,</span> 
     </span>
     <span class='ocr_line' id='line_1_45' title="bbox 157 2537 896 2577; baseline 0 -9"><span class='ocrx_word' id='word_1_236' title='bbox 157 2543 231 2568; x_wconf 75' lang='lat' dir='ltr'>non</span> <span class='ocrx_word' id='word_1_237' title='bbox 271 2544 363 2576; x_wconf 83' lang='lat' dir='ltr'>quae</span> <span class='ocrx_word' id='word_1_238' title='bbox 404 2537 603 2577; x_wconf 75' lang='lat' dir='ltr'>cunabula,</span> <span class='ocrx_word' id='word_1_239' title='bbox 648 2538 809 2577; x_wconf 78' lang='lat' dir='ltr'>quaeris,</span> <span class='ocrx_word' id='word_1_240' title='bbox 850 2537 896 2568; x_wconf 82' lang='grc' dir='ltr'>Ει</span> 
     </span>
     <span class='ocr_line' id='line_1_46' title="bbox 157 2583 895 2625; baseline 0.001 -10"><span class='ocrx_word' id='word_1_241' title='bbox 157 2583 300 2625; x_wconf 78' lang='lat' dir='ltr'>qualis,</span> <span class='ocrx_word' id='word_1_242' title='bbox 338 2591 412 2615; x_wconf 76' lang='lat' dir='ltr'>non</span> <span class='ocrx_word' id='word_1_243' title='bbox 447 2584 543 2616; x_wconf 82' lang='lat' dir='ltr'>unde</span> <span class='ocrx_word' id='word_1_244' title='bbox 580 2585 692 2616; x_wconf 80' lang='lat' dir='ltr'>salus.</span> <span class='ocrx_word' id='word_1_245' title='bbox 730 2602 772 2606; x_wconf 78' lang='lat'>-</span> <span class='ocrx_word' id='word_1_246' title='bbox 809 2585 895 2616; x_wconf 84' lang='lat' dir='ltr'>dum</span> 
     </span>
     <span class='ocr_line' id='line_1_47' title="bbox 156 2628 894 2674; baseline 0.004 -13"><span class='ocrx_word' id='word_1_247' title='bbox 156 2629 351 2672; x_wconf 74' lang='lat' dir='ltr'>inqenuus]</span> <span class='ocrx_word' id='word_1_248' title='bbox 377 2628 479 2664; x_wconf 83' lang='lat' dir='ltr'>Haec</span> <span class='ocrx_word' id='word_1_249' title='bbox 498 2630 610 2663; x_wconf 82' lang='lat' dir='ltr'>unica</span> <span class='ocrx_word' id='word_1_250' title='bbox 628 2634 685 2663; x_wconf 82' lang='lat' dir='ltr'>est</span> <span class='ocrx_word' id='word_1_251' title='bbox 704 2631 894 2674; x_wconf 83' lang='lat' dir='ltr'>exceptio3</span> 
     </span>
     <span class='ocr_line' id='line_1_48' title="bbox 158 2676 894 2721; baseline 0.001 -11"><span class='ocrx_word' id='word_1_252' title='bbox 158 2676 304 2710; x_wconf 82' lang='lat' dir='ltr'>scilicet</span> <span class='ocrx_word' id='word_1_253' title='bbox 321 2687 462 2720; x_wconf 83' lang='lat' dir='ltr'>servos,</span> <span class='ocrx_word' id='word_1_254' title='bbox 480 2688 528 2711; x_wconf 89' lang='lat' dir='ltr'>ne</span> <span class='ocrx_word' id='word_1_255' title='bbox 541 2677 791 2711; x_wconf 86' lang='lat' dir='ltr'>manumissos</span> <span class='ocrx_word' id='word_1_256' title='bbox 811 2677 894 2721; x_wconf 92' lang='lat' dir='ltr'>qui-</span> 
     </span>
     <span class='ocr_line' id='line_1_49' title="bbox 157 2723 894 2769; baseline 0.001 -12"><span class='ocrx_word' id='word_1_257' title='bbox 157 2723 253 2764; x_wconf 89' lang='lat' dir='ltr'>dem,</span> <span class='ocrx_word' id='word_1_258' title='bbox 283 2726 323 2757; x_wconf 88' lang='lat' dir='ltr'>ut</span> <span class='ocrx_word' id='word_1_259' title='bbox 346 2724 419 2759; x_wconf 79' lang='lat' dir='ltr'>sibi</span> <span class='ocrx_word' id='word_1_260' title='bbox 443 2735 553 2769; x_wconf 82' lang='lat' dir='ltr'>pares</span> <span class='ocrx_word' id='word_1_261' title='bbox 571 2724 713 2758; x_wconf 83' lang='lat' dir='ltr'>amieos</span> <span class='ocrx_word' id='word_1_262' title='bbox 732 2726 894 2758; x_wconf 85' lang='lat' dir='ltr'>tractare</span> 
     </span>
    </p>
   </div>
   <div class='ocr_carea' id='block_1_10' title="bbox 942 1165 1713 2767">
    <p class='ocr_par' dir='ltr' id='par_1_14' title="bbox 942 1165 1713 2767">
     <span class='ocr_line' id='line_1_50' title="bbox 950 1165 1687 1208; baseline 0.005 -13"><span class='ocrx_word' id='word_1_263' title='bbox 950 1173 1024 1196; x_wconf 93' lang='lat' dir='ltr'>non</span> <span class='ocrx_word' id='word_1_264' title='bbox 1051 1167 1209 1207; x_wconf 86' lang='lat' dir='ltr'>poterat,</span> <span class='ocrx_word' id='word_1_265' title='bbox 1235 1165 1337 1208; x_wconf 91' lang='lat' dir='ltr'>quod</span> <span class='ocrx_word' id='word_1_266' title='bbox 1361 1165 1436 1198; x_wconf 86' lang='lat' dir='ltr'>iam</span> <span class='ocrx_word' id='word_1_267' title='bbox 1458 1167 1589 1198; x_wconf 81' lang='lat' dir='ltr'>eontra</span> <span class='ocrx_word' id='word_1_268' title='bbox 1606 1167 1687 1199; x_wconf 80' lang='lat' dir='ltr'>erat</span> 
     </span>
     <span class='ocr_line' id='line_1_51' title="bbox 948 1210 1685 1246; baseline 0.004 -3"><span class='ocrx_word' id='word_1_269' title='bbox 948 1210 988 1243; x_wconf 92' lang='lat' dir='ltr'>in</span> <span class='ocrx_word' id='word_1_270' title='bbox 1022 1210 1190 1244; x_wconf 86' lang='lat' dir='ltr'>libertini</span> <span class='ocrx_word' id='word_1_271' title='bbox 1228 1211 1318 1245; x_wconf 86' lang='lat' dir='ltr'>filio.</span> <span class='ocrx_word' id='word_1_272' title='bbox 1369 1211 1522 1245; x_wconf 83' lang='lat' dir='ltr'>Sueton.</span> <span class='ocrx_word' id='word_1_273' title='bbox 1557 1210 1685 1246; x_wconf 72' lang='lat' dir='ltr'>OotaV.</span> 
     </span>
     <span class='ocr_line' id='line_1_52' title="bbox 949 1259 1685 1302; baseline 0.004 -12"><span class='ocrx_word' id='word_1_274' title='bbox 949 1259 1016 1291; x_wconf 83' lang='lat'>74:</span> <span class='ocrx_word' id='word_1_275' title='bbox 1048 1259 1214 1291; x_wconf 78' lang='lat' dir='ltr'>Valerius</span> <span class='ocrx_word' id='word_1_276' title='bbox 1247 1259 1425 1293; x_wconf 73' lang='lat' dir='ltr'>Messalla</span> <span class='ocrx_word' id='word_1_277' title='bbox 1458 1260 1590 1302; x_wconf 75' lang='lat' dir='ltr'>tradit,</span> <span class='ocrx_word' id='word_1_278' title='bbox 1623 1268 1685 1293; x_wconf 84' lang='lat' dir='ltr'>ne-</span> 
     </span>
     <span class='ocr_line' id='line_1_53' title="bbox 947 1306 1685 1346; baseline 0.004 -9"><span class='ocrx_word' id='word_1_279' title='bbox 947 1306 1080 1338; x_wconf 79' lang='lat' dir='ltr'>minem</span> <span class='ocrx_word' id='word_1_280' title='bbox 1104 1314 1269 1346; x_wconf 76' lang='lat' dir='ltr'>unquam</span> <span class='ocrx_word' id='word_1_281' title='bbox 1297 1307 1550 1340; x_wconf 74' lang='lat' dir='ltr'>libertinorum</span> <span class='ocrx_word' id='word_1_282' title='bbox 1582 1307 1685 1340; x_wconf 71' lang='lat' dir='ltr'>adhi-</span> 
     </span>
     <span class='ocr_line' id='line_1_54' title="bbox 949 1353 1684 1398; baseline 0.004 -14"><span class='ocrx_word' id='word_1_283' title='bbox 949 1353 1062 1384; x_wconf 79' lang='lat' dir='ltr'>bitum</span> <span class='ocrx_word' id='word_1_284' title='bbox 1098 1354 1144 1385; x_wconf 87' lang='lat' dir='ltr'>ab</span> <span class='ocrx_word' id='word_1_285' title='bbox 1186 1361 1228 1386; x_wconf 84' lang='lat' dir='ltr'>eo</span> <span class='ocrx_word' id='word_1_286' title='bbox 1285 1353 1503 1398; x_wconf 81' lang='lat' dir='ltr'>(Augusto)</span> <span class='ocrx_word' id='word_1_287' title='bbox 1562 1361 1684 1396; x_wconf 80' lang='lat' dir='ltr'>cenae,</span> 
     </span>
     <span class='ocr_line' id='line_1_55' title="bbox 950 1401 1684 1442; baseline 0.001 -10"><span class='ocrx_word' id='word_1_288' title='bbox 950 1402 1096 1441; x_wconf 63' lang='lat' dir='ltr'>ean-cepio</span> <span class='ocrx_word' id='word_1_289' title='bbox 1120 1402 1244 1441; x_wconf 79' lang='lat' dir='ltr'>Mena,</span> <span class='ocrx_word' id='word_1_290' title='bbox 1269 1402 1332 1434; x_wconf 79' lang='lat' dir='ltr'>sed</span> <span class='ocrx_word' id='word_1_291' title='bbox 1357 1403 1496 1434; x_wconf 70' lang='lat' dir='ltr'>asserto</span> <span class='ocrx_word' id='word_1_292' title='bbox 1519 1401 1560 1434; x_wconf 79' lang='lat' dir='ltr'>in</span> <span class='ocrx_word' id='word_1_293' title='bbox 1583 1401 1684 1442; x_wconf 72' lang='lat' dir='ltr'>inqe-</span> 
     </span>
     <span class='ocr_line' id='line_1_56' title="bbox 948 1447 1684 1490; baseline 0.004 -11"><span class='ocrx_word' id='word_1_294' title='bbox 948 1448 1138 1480; x_wconf 80' lang='lat' dir='ltr'>nuilalem.</span> <span class='ocrx_word' id='word_1_295' title='bbox 1165 1466 1208 1470; x_wconf 97' lang='lat'><strong>—</strong></span> <span class='ocrx_word' id='word_1_296' title='bbox 1242 1448 1335 1480; x_wconf 78' lang='lat' dir='ltr'>Ante</span> <span class='ocrx_word' id='word_1_297' title='bbox 1369 1447 1454 1490; x_wconf 65' lang='lat' dir='ltr'>oet]</span> <span class='ocrx_word' id='word_1_298' title='bbox 1493 1447 1600 1482; x_wconf 84' lang='lat' dir='ltr'>Conf.</span> <span class='ocrx_word' id='word_1_299' title='bbox 1636 1447 1684 1482; x_wconf 77' lang='lat' dir='ltr'>ad</span> 
     </span>
     <span class='ocr_line' id='line_1_57' title="bbox 949 1493 1684 1537; baseline 0.001 -10"><span class='ocrx_word' id='word_1_300' title='bbox 949 1493 1023 1527; x_wconf 84' lang='lat' dir='ltr'>Sat.</span> <span class='ocrx_word' id='word_1_301' title='bbox 1062 1497 1100 1536; x_wconf 92' lang='lat'>1,</span> <span class='ocrx_word' id='word_1_302' title='bbox 1135 1496 1175 1536; x_wconf 90' lang='lat'>3,</span> <span class='ocrx_word' id='word_1_303' title='bbox 1213 1496 1290 1528; x_wconf 84' lang='lat'>107.</span> <span class='ocrx_word' id='word_1_304' title='bbox 1318 1514 1360 1518; x_wconf 93' lang='lat'><em>-</em></span> <span class='ocrx_word' id='word_1_305' title='bbox 1387 1496 1684 1537; x_wconf 73' lang='lat' dir='ltr'>Tulli-iambile</span> 
     </span>
     <span class='ocr_line' id='line_1_58' title="bbox 947 1541 1684 1584; baseline 0.003 -10"><span class='ocrx_word' id='word_1_306' title='bbox 947 1542 1115 1584; x_wconf 70' lang='lat' dir='ltr'>reanum]</span> <span class='ocrx_word' id='word_1_307' title='bbox 1153 1541 1233 1575; x_wconf 83' lang='lat' dir='ltr'>Liv.</span> <span class='ocrx_word' id='word_1_308' title='bbox 1266 1545 1308 1584; x_wconf 91' lang='lat'>4,</span> <span class='ocrx_word' id='word_1_309' title='bbox 1340 1544 1384 1575; x_wconf 85' lang='lat'>3:</span> <span class='ocrx_word' id='word_1_310' title='bbox 1424 1544 1485 1575; x_wconf 76' lang='lat' dir='ltr'>En</span> <span class='ocrx_word' id='word_1_311' title='bbox 1519 1551 1684 1583; x_wconf 78' lang='lat' dir='ltr'>unquam</span> 
     </span>
     <span class='ocr_line' id='line_1_59' title="bbox 947 1590 1684 1634; baseline 0.004 -14"><span class='ocrx_word' id='word_1_312' title='bbox 947 1590 1093 1622; x_wconf 80' lang='lat' dir='ltr'>credilis</span> <span class='ocrx_word' id='word_1_313' title='bbox 1123 1590 1237 1634; x_wconf 74' lang='lat' dir='ltr'>[ando</span> <span class='ocrx_word' id='word_1_314' title='bbox 1271 1590 1439 1622; x_wconf 76' lang='lat' dir='ltr'>auditum</span> <span class='ocrx_word' id='word_1_315' title='bbox 1471 1591 1684 1623; x_wconf 62' lang='lat' dir='ltr'>eat-senser-</span> 
     </span>
     <span class='ocr_line' id='line_1_60' title="bbox 945 1636 1684 1678; baseline 0.004 -11"><span class='ocrx_word' id='word_1_316' title='bbox 945 1636 1044 1668; x_wconf 79' lang='lat' dir='ltr'>vium</span> <span class='ocrx_word' id='word_1_317' title='bbox 1070 1637 1257 1668; x_wconf 86' lang='lat' dir='ltr'>Tullium·</span> <span class='ocrx_word' id='word_1_318' title='bbox 1272 1654 1308 1677; x_wconf 93' lang='lat'>-,</span> <span class='ocrx_word' id='word_1_319' title='bbox 1342 1636 1498 1678; x_wconf 82' lang='lat' dir='ltr'>captiva&#39;</span> <span class='ocrx_word' id='word_1_320' title='bbox 1513 1638 1684 1670; x_wconf 74' lang='lat' dir='ltr'>Cornicu-</span> 
     </span>
     <span class='ocr_line' id='line_1_61' title="bbox 949 1683 1684 1726; baseline 0.004 -11"><span class='ocrx_word' id='word_1_321' title='bbox 949 1683 1036 1715; x_wconf 75' lang='lat' dir='ltr'>lana</span> <span class='ocrx_word' id='word_1_322' title='bbox 1073 1685 1220 1725; x_wconf 80' lang='lat' dir='ltr'>nalum,</span> <span class='ocrx_word' id='word_1_323' title='bbox 1257 1685 1364 1724; x_wconf 79' lang='lat' dir='ltr'>patre</span> <span class='ocrx_word' id='word_1_324' title='bbox 1400 1685 1524 1726; x_wconf 80' lang='lat' dir='ltr'>nullo,</span> <span class='ocrx_word' id='word_1_325' title='bbox 1563 1686 1684 1718; x_wconf 75' lang='lat' dir='ltr'>matre</span> 
     </span>
     <span class='ocr_line' id='line_1_62' title="bbox 946 1731 1684 1772; baseline 0.003 -10"><span class='ocrx_word' id='word_1_326' title='bbox 946 1738 1068 1771; x_wconf 83' lang='lat' dir='ltr'>serva,</span> <span class='ocrx_word' id='word_1_327' title='bbox 1107 1731 1251 1771; x_wconf 59' lang='lat' dir='ltr'>ingenio</span> <span class='ocrx_word' id='word_1_328' title='bbox 1291 1733 1324 1764; x_wconf 80' lang='lat' dir='ltr'>el</span> <span class='ocrx_word' id='word_1_329' title='bbox 1358 1732 1493 1764; x_wconf 78' lang='lat' dir='ltr'>m&#39;rtute</span> <span class='ocrx_word' id='word_1_330' title='bbox 1529 1739 1684 1772; x_wconf 74' lang='lat' dir='ltr'>reanum</span> 
     </span>
     <span class='ocr_line' id='line_1_63' title="bbox 947 1777 1681 1822; baseline 0.005 -13"><span class='ocrx_word' id='word_1_331' title='bbox 947 1779 1126 1810; x_wconf 65' lang='lat' dir='ltr'>tenuisse?</span> <span class='ocrx_word' id='word_1_332' title='bbox 1138 1797 1179 1800; x_wconf 97' lang='lat'><strong>—</strong></span> <span class='ocrx_word' id='word_1_333' title='bbox 1198 1777 1345 1820; x_wconf 74' lang='lat' dir='ltr'>Contra]</span> <span class='ocrx_word' id='word_1_334' title='bbox 1373 1777 1514 1822; x_wconf 84' lang='lat' dir='ltr'>„probe</span> <span class='ocrx_word' id='word_1_335' title='bbox 1531 1779 1681 1822; x_wconf 84' lang='lat' dir='ltr'>nosti;“</span> 
     </span>
     <span class='ocr_line' id='line_1_64' title="bbox 947 1824 1682 1868; baseline 0.001 -11"><span class='ocrx_word' id='word_1_336' title='bbox 947 1824 984 1857; x_wconf 91' lang='lat' dir='ltr'>id</span> <span class='ocrx_word' id='word_1_337' title='bbox 1002 1825 1102 1868; x_wconf 90' lang='lat' dir='ltr'>quod</span> <span class='ocrx_word' id='word_1_338' title='bbox 1121 1825 1351 1859; x_wconf 83' lang='lat' dir='ltr'>eliciendum</span> <span class='ocrx_word' id='word_1_339' title='bbox 1377 1828 1435 1859; x_wconf 86' lang='lat' dir='ltr'>est</span> <span class='ocrx_word' id='word_1_340' title='bbox 1460 1836 1506 1859; x_wconf 82' lang='lat' dir='ltr'>ex</span> <span class='ocrx_word' id='word_1_341' title='bbox 1524 1836 1582 1859; x_wconf 80' lang='lat' dir='ltr'>vv.</span> <span class='ocrx_word' id='word_1_342' title='bbox 1597 1834 1682 1867; x_wconf 78' lang='lat' dir='ltr'>per-</span> 
     </span>
     <span class='ocr_line' id='line_1_65' title="bbox 944 1872 1683 1916; baseline 0.004 -12"><span class='ocrx_word' id='word_1_343' title='bbox 944 1873 1076 1905; x_wconf 84' lang='lat' dir='ltr'>suades</span> <span class='ocrx_word' id='word_1_344' title='bbox 1094 1873 1158 1905; x_wconf 76' lang='lat' dir='ltr'>tibi</span> <span class='ocrx_word' id='word_1_345' title='bbox 1179 1881 1273 1906; x_wconf 86' lang='lat' dir='ltr'>vere.</span> <span class='ocrx_word' id='word_1_346' title='bbox 1290 1892 1333 1896; x_wconf 85' lang='lat'>—-</span> <span class='ocrx_word' id='word_1_347' title='bbox 1348 1872 1569 1916; x_wconf 76' lang='lat' dir='ltr'>Laevinum}</span> <span class='ocrx_word' id='word_1_348' title='bbox 1589 1873 1683 1916; x_wconf 80' lang='lat' dir='ltr'>„Hic</span> 
     </span>
     <span class='ocr_line' id='line_1_66' title="bbox 944 1919 1681 1962; baseline 0.004 -11"><span class='ocrx_word' id='word_1_349' title='bbox 944 1919 985 1951; x_wconf 92' lang='lat' dir='ltr'>P.</span> <span class='ocrx_word' id='word_1_350' title='bbox 1000 1919 1175 1953; x_wconf 85' lang='lat' dir='ltr'>Valerius</span> <span class='ocrx_word' id='word_1_351' title='bbox 1199 1919 1420 1962; x_wconf 85' lang='lat' dir='ltr'>(Laevinus)</span> <span class='ocrx_word' id='word_1_352' title='bbox 1446 1919 1541 1954; x_wconf 85' lang='lat' dir='ltr'>adeo</span> <span class='ocrx_word' id='word_1_353' title='bbox 1559 1920 1681 1954; x_wconf 85' lang='lat' dir='ltr'>foedis</span> 
     </span>
     <span class='ocr_line' id='line_1_67' title="bbox 945 1966 1683 2011; baseline 0.003 -12"><span class='ocrx_word' id='word_1_354' title='bbox 945 1976 988 1999; x_wconf 84' lang='lat' dir='ltr'>ae</span> <span class='ocrx_word' id='word_1_355' title='bbox 1013 1966 1191 2011; x_wconf 81' lang='lat' dir='ltr'>proiectis</span> <span class='ocrx_word' id='word_1_356' title='bbox 1225 1968 1264 2000; x_wconf 91' lang='lat' dir='ltr'>in</span> <span class='ocrx_word' id='word_1_357' title='bbox 1299 1978 1447 2001; x_wconf 86' lang='lat' dir='ltr'>omnem</span> <span class='ocrx_word' id='word_1_358' title='bbox 1480 1967 1683 2011; x_wconf 80' lang='lat' dir='ltr'>turpitudi-</span> 
     </span>
     <span class='ocr_line' id='line_1_68' title="bbox 946 2014 1681 2059; baseline 0 -12"><span class='ocrx_word' id='word_1_359' title='bbox 946 2024 1029 2048; x_wconf 89' lang='lat' dir='ltr'>nem</span> <span class='ocrx_word' id='word_1_360' title='bbox 1048 2014 1216 2048; x_wconf 82' lang='lat' dir='ltr'>moribus</span> <span class='ocrx_word' id='word_1_361' title='bbox 1234 2015 1338 2057; x_wconf 86' lang='lat' dir='ltr'>vixit,</span> <span class='ocrx_word' id='word_1_362' title='bbox 1361 2017 1404 2048; x_wconf 86' lang='lat' dir='ltr'>ut</span> <span class='ocrx_word' id='word_1_363' title='bbox 1424 2015 1581 2059; x_wconf 88' lang='lat' dir='ltr'>provehi</span> <span class='ocrx_word' id='word_1_364' title='bbox 1605 2025 1681 2048; x_wconf 91' lang='lat' dir='ltr'>non</span> 
     </span>
     <span class='ocr_line' id='line_1_69' title="bbox 945 2061 1682 2107; baseline 0.001 -13"><span class='ocrx_word' id='word_1_365' title='bbox 945 2062 1111 2104; x_wconf 87' lang='lat' dir='ltr'>potuerit</span> <span class='ocrx_word' id='word_1_366' title='bbox 1137 2062 1237 2096; x_wconf 86' lang='lat' dir='ltr'>ultra</span> <span class='ocrx_word' id='word_1_367' title='bbox 1262 2065 1490 2107; x_wconf 85' lang='lat' dir='ltr'>quaesturae</span> <span class='ocrx_word' id='word_1_368' title='bbox 1521 2061 1682 2107; x_wconf 80' lang='lat' dir='ltr'>dignita-</span> 
     </span>
     <span class='ocr_line' id='line_1_70' title="bbox 946 2108 1680 2154; baseline 0.003 -13"><span class='ocrx_word' id='word_1_369' title='bbox 946 2110 1062 2142; x_wconf 84' lang='lat' dir='ltr'>tem.“</span> <span class='ocrx_word' id='word_1_370' title='bbox 1115 2110 1264 2143; x_wconf 55' lang='lat' dir='ltr'>roam.</span> <span class='ocrx_word' id='word_1_371' title='bbox 1291 2128 1334 2132; x_wconf 94' lang='lat'>—</span> <span class='ocrx_word' id='word_1_372' title='bbox 1362 2108 1472 2151; x_wconf 77' lang='lat' dir='ltr'>unde]</span> <span class='ocrx_word' id='word_1_373' title='bbox 1515 2120 1567 2151; x_wconf 83' lang='lat' dir='ltr'>„a</span> <span class='ocrx_word' id='word_1_374' title='bbox 1605 2120 1680 2154; x_wconf 89' lang='lat' dir='ltr'>quo</span> 
     </span>
     <span class='ocr_line' id='line_1_71' title="bbox 946 2155 1681 2198; baseline 0 -9"><span class='ocrx_word' id='word_1_375' title='bbox 946 2155 1097 2190; x_wconf 85' lang='lat' dir='ltr'>Valerio</span> <span class='ocrx_word' id='word_1_376' title='bbox 1123 2157 1337 2198; x_wconf 80' lang='lat' dir='ltr'>Publicola,</span> <span class='ocrx_word' id='word_1_377' title='bbox 1363 2159 1422 2190; x_wconf 88' lang='lat' dir='ltr'>ut:</span> <span class='ocrx_word' id='word_1_378' title='bbox 1448 2165 1560 2198; x_wconf 65' lang='lat' dir='ltr'>uenus</span> <span class='ocrx_word' id='word_1_379' title='bbox 1585 2158 1681 2190; x_wconf 78' lang='lat' dir='ltr'>unde</span> 
     </span>
     <span class='ocr_line' id='line_1_72' title="bbox 946 2203 1681 2246; baseline 0.001 -11"><span class='ocrx_word' id='word_1_380' title='bbox 946 2205 1150 2238; x_wconf 79' lang='lat' dir='ltr'>Latinum.“</span> <span class='ocrx_word' id='word_1_381' title='bbox 1178 2204 1322 2238; x_wconf 75' lang='lat' dir='ltr'>Senon.</span> <span class='ocrx_word' id='word_1_382' title='bbox 1349 2203 1454 2238; x_wconf 84' lang='lat' dir='ltr'>Conf.</span> <span class='ocrx_word' id='word_1_383' title='bbox 1481 2203 1528 2237; x_wconf 80' lang='lat' dir='ltr'>ad</span> <span class='ocrx_word' id='word_1_384' title='bbox 1554 2203 1623 2237; x_wconf 90' lang='lat' dir='ltr'>Od.</span> <span class='ocrx_word' id='word_1_385' title='bbox 1650 2206 1681 2246; x_wconf 92' lang='lat'>1,</span> 
     </span>
     <span class='ocr_line' id='line_1_73' title="bbox 949 2250 1681 2294; baseline 0.001 -11"><span class='ocrx_word' id='word_1_386' title='bbox 949 2253 1002 2293; x_wconf 83' lang='lat'>12,</span> <span class='ocrx_word' id='word_1_387' title='bbox 1030 2253 1085 2285; x_wconf 84' lang='grc'>17.</span> <span class='ocrx_word' id='word_1_388' title='bbox 1114 2255 1144 2294; x_wconf 90' lang='grc'>1,</span> <span class='ocrx_word' id='word_1_389' title='bbox 1172 2253 1228 2293; x_wconf 88' lang='grc'>28,</span> <span class='ocrx_word' id='word_1_390' title='bbox 1255 2253 1310 2285; x_wconf 85' lang='grc'>28.</span> <span class='ocrx_word' id='word_1_391' title='bbox 1346 2254 1379 2293; x_wconf 86' lang='grc'>2,</span> <span class='ocrx_word' id='word_1_392' title='bbox 1407 2252 1462 2292; x_wconf 92' lang='grc'>12,</span> <span class='ocrx_word' id='word_1_393' title='bbox 1488 2252 1521 2284; x_wconf 83' lang='grc'>7.</span> <span class='ocrx_word' id='word_1_394' title='bbox 1571 2250 1681 2284; x_wconf 81' lang='lat' dir='ltr'>Simi-</span> 
     </span>
     <span class='ocr_line' id='line_1_74' title="bbox 946 2297 1679 2343; baseline -0.001 -11"><span class='ocrx_word' id='word_1_395' title='bbox 946 2298 1032 2332; x_wconf 88' lang='lat' dir='ltr'>liter</span> <span class='ocrx_word' id='word_1_396' title='bbox 1064 2300 1147 2332; x_wconf 76' lang='lat' dir='ltr'>hinc</span> <span class='ocrx_word' id='word_1_397' title='bbox 1177 2301 1383 2343; x_wconf 83' lang='lat' dir='ltr'>usurpatur</span> <span class='ocrx_word' id='word_1_398' title='bbox 1409 2297 1478 2331; x_wconf 92' lang='lat' dir='ltr'>Od.</span> <span class='ocrx_word' id='word_1_399' title='bbox 1505 2299 1538 2339; x_wconf 88' lang='lat'>3,</span> <span class='ocrx_word' id='word_1_400' title='bbox 1566 2300 1621 2340; x_wconf 81' lang='lat'>17,</span> <span class='ocrx_word' id='word_1_401' title='bbox 1647 2299 1679 2331; x_wconf 89' lang='grc'>2.</span> 
     </span>
     <span class='ocr_line' id='line_1_75' title="bbox 947 2344 1679 2388; baseline 0 -10"><span class='ocrx_word' id='word_1_402' title='bbox 947 2365 987 2369; x_wconf 89' lang='lat'>——</span> <span class='ocrx_word' id='word_1_403' title='bbox 1006 2347 1135 2387; x_wconf 69' lang='lat' dir='ltr'>pulsus</span> <span class='ocrx_word' id='word_1_404' title='bbox 1153 2346 1260 2388; x_wconf 67' lang='lat' dir='ltr'>[uait]</span> <span class='ocrx_word' id='word_1_405' title='bbox 1285 2345 1510 2379; x_wconf 83' lang='lat' dir='ltr'>Rectissime</span> <span class='ocrx_word' id='word_1_406' title='bbox 1535 2344 1582 2378; x_wconf 87' lang='lat' dir='ltr'>de</span> <span class='ocrx_word' id='word_1_407' title='bbox 1607 2345 1679 2379; x_wconf 83' lang='lat' dir='ltr'>hoe</span> 
     </span>
     <span class='ocr_line' id='line_1_76' title="bbox 945 2391 1678 2437; baseline -0.003 -10"><span class='ocrx_word' id='word_1_408' title='bbox 945 2394 1027 2427; x_wconf 86' lang='lat' dir='ltr'>loeo</span> <span class='ocrx_word' id='word_1_409' title='bbox 1077 2393 1243 2437; x_wconf 83' lang='lat' dir='ltr'>disputat</span> <span class='ocrx_word' id='word_1_410' title='bbox 1290 2391 1503 2437; x_wconf 80' lang='lat' dir='ltr'>Madvigius</span> <span class='ocrx_word' id='word_1_411' title='bbox 1549 2393 1678 2434; x_wconf 71' lang='lat' dir='ltr'>opusc.</span> 
     </span>
     <span class='ocr_line' id='line_1_77' title="bbox 945 2438 1713 2484; baseline -0.001 -11"><span class='ocrx_word' id='word_1_412' title='bbox 945 2442 1055 2474; x_wconf 82' lang='lat' dir='ltr'>Acad.</span> <span class='ocrx_word' id='word_1_413' title='bbox 1083 2442 1147 2474; x_wconf 74' lang='lat' dir='ltr'>alt.</span> <span class='ocrx_word' id='word_1_414' title='bbox 1173 2451 1209 2484; x_wconf 88' lang='lat' dir='ltr'>p.</span> <span class='ocrx_word' id='word_1_415' title='bbox 1236 2441 1328 2474; x_wconf 82' lang='lat'>224:</span> <span class='ocrx_word' id='word_1_416' title='bbox 1355 2438 1485 2481; x_wconf 82' lang='lat' dir='ltr'>„Multi</span> <span class='ocrx_word' id='word_1_417' title='bbox 1511 2439 1679 2474; x_wconf 79' lang='lat' dir='ltr'>sci-iben-</span> <span class='ocrx_word' id='word_1_418' title='bbox 1711 2461 1713 2463; x_wconf 94' lang='lat'>-</span> 
     </span>
     <span class='ocr_line' id='line_1_78' title="bbox 946 2487 1680 2532; baseline -0.003 -11"><span class='ocrx_word' id='word_1_419' title='bbox 946 2488 1034 2521; x_wconf 89' lang='lat' dir='ltr'>dum</span> <span class='ocrx_word' id='word_1_420' title='bbox 1059 2490 1261 2532; x_wconf 84' lang='lat' dir='ltr'>putarunt:</span> <span class='ocrx_word' id='word_1_421' title='bbox 1291 2487 1410 2520; x_wconf 81' lang='lat' dir='ltr'>Valeri</span> <span class='ocrx_word' id='word_1_422' title='bbox 1435 2495 1556 2530; x_wconf 72' lang='lat' dir='ltr'>aeuus,</span> <span class='ocrx_word' id='word_1_423' title='bbox 1585 2488 1680 2520; x_wconf 76' lang='lat' dir='ltr'>unde</span> 
     </span>
     <span class='ocr_line' id='line_1_79' title="bbox 944 2535 1679 2576; baseline -0.001 -8"><span class='ocrx_word' id='word_1_424' title='bbox 944 2537 1129 2576; x_wconf 76' lang='lat' dir='ltr'>Superbus</span> <span class='ocrx_word' id='word_1_425' title='bbox 1154 2535 1375 2575; x_wconf 78' lang='lat' dir='ltr'>Tarquinius</span> <span class='ocrx_word' id='word_1_426' title='bbox 1407 2542 1521 2575; x_wconf 72' lang='lat' dir='ltr'>reone</span> <span class='ocrx_word' id='word_1_427' title='bbox 1550 2535 1679 2575; x_wconf 72' lang='lat' dir='ltr'>pulsus</span> 
     </span>
     <span class='ocr_line' id='line_1_80' title="bbox 944 2581 1678 2624; baseline -0.003 -8"><span class='ocrx_word' id='word_1_428' title='bbox 944 2584 1035 2624; x_wconf 77' lang='lat' dir='ltr'>suit,</span> <span class='ocrx_word' id='word_1_429' title='bbox 1063 2582 1191 2616; x_wconf 89' lang='lat' dir='ltr'>eadem</span> <span class='ocrx_word' id='word_1_430' title='bbox 1217 2581 1406 2615; x_wconf 76' lang='lat' dir='ltr'>sententia</span> <span class='ocrx_word' id='word_1_431' title='bbox 1429 2591 1473 2614; x_wconf 82' lang='lat' dir='ltr'>ae</span> <span class='ocrx_word' id='word_1_432' title='bbox 1499 2581 1530 2615; x_wconf 91' lang='lat' dir='ltr'>si</span> <span class='ocrx_word' id='word_1_433' title='bbox 1555 2583 1678 2615; x_wconf 85' lang='lat' dir='ltr'>esset:</span> 
     </span>
     <span class='ocr_line' id='line_1_81' title="bbox 942 2629 1679 2672; baseline 0 -10"><span class='ocrx_word' id='word_1_434' title='bbox 942 2631 1074 2671; x_wconf 79' lang='lat' dir='ltr'>pulsus</span> <span class='ocrx_word' id='word_1_435' title='bbox 1101 2632 1168 2672; x_wconf 81' lang='lat' dir='ltr'>est,</span> <span class='ocrx_word' id='word_1_436' title='bbox 1208 2632 1249 2663; x_wconf 89' lang='lat' dir='ltr'>ut</span> <span class='ocrx_word' id='word_1_437' title='bbox 1282 2629 1467 2662; x_wconf 82' lang='lat' dir='ltr'>evitarent</span> <span class='ocrx_word' id='word_1_438' title='bbox 1498 2637 1679 2672; x_wconf 80' lang='lat' dir='ltr'>praesens</span> 
     </span>
     <span class='ocr_line' id='line_1_82' title="bbox 945 2675 1677 2719; baseline -0.003 -9"><span class='ocrx_word' id='word_1_439' title='bbox 945 2677 1076 2719; x_wconf 85' lang='lat' dir='ltr'>nimis,</span> <span class='ocrx_word' id='word_1_440' title='bbox 1110 2679 1152 2711; x_wconf 88' lang='lat' dir='ltr'>ut</span> <span class='ocrx_word' id='word_1_441' title='bbox 1176 2675 1398 2718; x_wconf 83' lang='lat' dir='ltr'>eredebant,</span> <span class='ocrx_word' id='word_1_442' title='bbox 1429 2675 1475 2709; x_wconf 85' lang='lat' dir='ltr'>ab</span> <span class='ocrx_word' id='word_1_443' title='bbox 1501 2675 1568 2709; x_wconf 84' lang='lat' dir='ltr'>ino</span> <span class='ocrx_word' id='word_1_444' title='bbox 1594 2675 1677 2709; x_wconf 87' lang='lat' dir='ltr'>looo</span> 
     </span>
     <span class='ocr_line' id='line_1_83' title="bbox 945 2722 1678 2767; baseline -0.003 -9"><span class='ocrx_word' id='word_1_445' title='bbox 945 2725 1166 2767; x_wconf 85' lang='lat' dir='ltr'>abhorrens,</span> <span class='ocrx_word' id='word_1_446' title='bbox 1191 2725 1297 2765; x_wconf 75' lang='lat' dir='ltr'>suqil.</span> <span class='ocrx_word' id='word_1_447' title='bbox 1330 2722 1473 2757; x_wconf 84' lang='lat' dir='ltr'>Verum</span> <span class='ocrx_word' id='word_1_448' title='bbox 1499 2722 1678 2767; x_wconf 79' lang='lat' dir='ltr'>quoniam</span> 
     </span>
    </p>
   </div>
  </div>
 </body>
</html>
