1774 2930
665 117 775 177 121ss
782 143 813 177 1.
861 141 1014 183 Emsr.
1037 141 1141 177 ΠΙ.

1572 144 1657 186 359

263 241 498 285 Stultorum
529 243 724 285 incurata
751 242 889 299 pudor
918 243 1056 285 malus
1086 242 1232 285 ulcera
1261 243 1384 286 celat.

263 312 310 355 Si
341 313 436 368 quis
467 313 581 356 bella
610 313 689 355 tibi
719 318 834 357 terra
863 318 1055 370 pugnata
1084 314 1277 370 marique

1602 315 1658 356 25

262 382 389 425 Dicat
419 388 463 426 et
492 384 560 426 his
590 384 733 426 verbis
762 398 919 426 vacuas
950 385 1212 441 permulceat
1243 399 1392 428 aures:

264 453 384 496 Tene
414 455 551 510 magis
582 455 747 497 salvum
776 455 959 511 populus
989 455 1111 509 velit,
1144 470 1198 497 an
1228 456 1434 512 populum
1464 460 1532 509 tu,

264 523 415 567 Servet
445 525 491 567 in
522 526 737 581 ambiguo,
769 526 843 582 qui
874 527 1056 568 consulit
1087 530 1130 568 et
1159 526 1238 568 tibi
1271 530 1314 569 et
1346 526 1460 580 urbi,

263 594 476 651 Iuppiter3
506 595 695 652 Augusti
723 596 870 638 laudes
903 611 1134 652 agnoscere
1165 597 1333 653 possis:

264 663 372 707 Cum
402 667 563 722 pateris
596 667 767 723 sapiens
800 667 1134 723 emendatusque
1164 668 1325 721 vocari,

1603 667 1659 709 30

262 735 571 792 Respondesne
601 742 689 791 tuo,
721 738 789 780 dic
820 737 959 791 sodes,
991 738 1194 780 nomine?
1223 738 1390 794 Nempe

241 866 295 898 30.
323 867 409 899 Cum
433 867 560 908 cupias
585 866 649 910 bS,
674 867 762 901 item
789 877 821 909 0,
847 868 911 901 sed
938 878 1127 911 superser.
1150 869 1300 909 pateris.

145 981 412 1025 pientioribus,
437 994 597 1028 quorum
623 984 764 1028 optima
788 995 876 1018 con-

146 1027 230 1062 silia
255 1029 292 1062 ei
315 1029 473 1064 molesta
498 1034 596 1064 sunt.
628 1030 702 1065 Pro
727 1031 811 1076 ipsa
834 1042 876 1065 re

145 1078 269 1110 nutem
289 1075 479 1121 duplicem
497 1078 605 1122 ponit
621 1079 822 1123 imaginem
840 1082 877 1112 et

143 1121 260 1157 febris
285 1126 322 1158 et
351 1124 520 1158 ulcerum
553 1125 686 1160 stolide
712 1126 875 1160 occulta-

143 1171 277 1203 torum.
313 1169 423 1213 „Neu
439 1171 534 1206 falso
553 1173 713 1216 quodam
729 1173 876 1217 pudore

143 1215 332 1260 inductus,
354 1222 509 1263 propter
527 1219 780 1254 multitudinis
799 1220 877 1264 opi-

144 1263 296 1298 nionem
321 1275 365 1299 ac
389 1265 584 1309 iudicium,
610 1278 654 1300 ex
679 1278 754 1311 quo
777 1271 876 1301 recte

144 1310 258 1352 vales,
284 1311 383 1346 celes
409 1313 569 1346 subitam
593 1313 729 1348 febrim
751 1324 876 1348 eoram

145 1358 312 1391 convivis
336 1369 487 1393 mensae
511 1363 598 1395 tuae
623 1361 877 1395 accumbenti-

145 1403 251 1438 bus.“
278 1424 323 1429 —
349 1406 499 1449 tremor]
523 1407 626 1442 Hora
650 1419 769 1449 nona,
804 1419 879 1452 qua

144 1449 260 1485 ferme
298 1453 502 1496 cauabant,
542 1454 667 1489 febres
705 1455 877 1500 ingrave-

145 1507 249 1532 scere
290 1500 423 1534 solent.
451 1520 493 1524 —
519 1499 666 1544 unctis]
715 1502 800 1535 iure
842 1506 879 1536 et

145 1544 266 1589 adipe.
304 1546 410 1581 Ovid.
436 1547 479 1581 A.
505 1548 549 1581 A.
576 1551 608 1590 3,
634 1550 722 1583 755:
762 1550 877 1591 Carpe

145 1593 239 1625 cibos
279 1594 423 1635 dicius,-
471 1598 521 1628 est
568 1597 717 1636 quidam
757 1600 877 1638 aestus

145 1639 292 1673 edendi:
321 1642 398 1674 Ora
415 1651 480 1675 nee
497 1643 685 1676 immunda
703 1646 778 1677 lota
792 1652 877 1685 per·

139 1688 238 1727 'unae
277 1696 403 1722 manu.
453 1688 720 1734 Compluribus
760 1690 878 1724 versi-

143 1732 214 1767 bus
239 1734 340 1769 hunc
365 1735 489 1770 locum
514 1736 681 1771 imitatus
707 1741 764 1771 est
787 1737 877 1771 Per-

144 1779 224 1814 sius
250 1783 283 1822 3,
309 1783 467 1816 88-102.
485 1803 529 1807 -
546 1785 732 1828 incurata]
759 1784 878 1829 ,quia

143 1827 290 1862 medico
316 1840 392 1863 non
416 1834 687 1873 monstrantur,
713 1833 795 1866 sine
813 1843 877 1866 cu-

143 1875 290 1909 ratione
314 1879 500 1911 manent.“
531 1898 571 1901 —
598 1880 716 1919 pudor
740 1879 876 1922 malus]

144 1921 188 1954 Δ.
225 1922 265 1955 Ρ.
305 1925 371 1956 88:
406 1926 544 1965 pudens
579 1934 705 1966 prave.
765 1925 878 1960 Notat

144 1968 241 2001 hanc
273 1968 468 2003 δυσωπίαν
494 1972 628 2006 Celsus
663 1976 705 2014 3,
731 1975 770 2006 2:
807 1975 878 2006 Ne-

146 2023 214 2054 que
230 2017 378 2049 dubium
396 2020 456 2059 est,
483 2020 570 2058 quin
584 2021 649 2053 vix
674 2022 878 2062 quisquam,

146 2062 209 2100 qui
233 2070 306 2094 non
336 2064 676 2106 dissimulavit,
715 2069 776 2099 sed
809 2076 878 2108 per

147 2108 406 2142 abstinentiam
437 2114 580 2144 mature
604 2114 727 2146 morbo
754 2122 877 2146 occur-

146 2155 206 2195 rit,
231 2158 404 2195 aeqrotet.

195 2226 332 2258 25-29.
371 2227 467 2259 bella
493 2229 557 2260 libi
586 2231 689 2262 terra
710 2233 878 2270 pitanam

146 2273 313 2312 marique
348 2274 479 2316 Dicat]
527 2274 645 2319 Iunge
684 2277 779 2309 bella
817 2278 880 2309 tien·

148 2319 186 2360 (a
209 2319 261 2360 te)
284 2323 451 2361 puqnala
477 2321 537 2362 (de
564 2333 638 2366 quo
664 2322 788 2356 dativo
813 2323 878 2357 cfr.

147 2363 214 2398 od.
233 2367 271 2406 2,
290 2369 323 2407 6,
346 2368 412 2409 11.)
440 2379 534 2402 non:
559 2371 623 2401 tibi
647 2371 744 2403 dicat
770 2371 878 2404 bella.

148 2411 215 2453 „Si
243 2413 328 2457 quis
354 2424 479 2448 coram
505 2420 540 2449 te
566 2420 748 2450 memorat
772 2428 832 2451 res
858 2428 879 2451 a

146 2462 182 2493 te
209 2463 310 2494 terra
334 2462 502 2506 marique
527 2463 583 2496 vel
600 2463 770 2508 Augusto
796 2465 877 2508 ipso

146 2507 204 2540 vel
241 2505 289 2540 Μ.
322 2508 488 2553 Agrippa
525 2510 619 2544 duce
657 2514 799 2555 gestas,
844 2515 880 2544 et

146 2553 262 2586 nimia
298 2554 514 2590 adulatione
553 2568 643 2591 usus
677 2558 880 2602 subiungat

145 2603 257 2644 atque
278 2602 330 2648 ,ad
357 2606 391 2636 te
417 2604 582 2647 applicet
607 2615 736 2639 versus
762 2616 784 2639 a
806 2605 879 2639 Va-

146 2646 202 2680 rio
229 2647 267 2680 in
290 2649 448 2694 Augusti
474 2651 607 2685 laudes
634 2662 754 2696 nuper
780 2663 878 2686 com-

146 2694 307 2737 positos,
345 2697 437 2731 haec
475 2698 553 2732 fere
593 2699 746 2732 dicens:
786 2699 876 2733 Cum

925 984 1040 1029 igitur
1065 984 1186 1018 virum
1216 984 1460 1019 fortissimum
1492 989 1527 1019 te
1554 996 1661 1030 prae-

926 1031 1066 1066 stiteris
1086 1034 1123 1065 et
1142 1032 1261 1066 civem
1286 1043 1306 1066 e
1325 1043 1366 1066 re
1384 1033 1548 1076 publica,
1573 1032 1663 1077 Iup-

924 1078 1022 1122 piter
1046 1082 1170 1113 servet
1194 1079 1234 1112 in
1251 1078 1427 1124 ambiguo
1445 1081 1538 1114 cet.“
1576 1079 1661 1114 Non

925 1127 1006 1160 sine
1024 1128 1104 1160 arte
1123 1126 1187 1168 sic,
1207 1128 1249 1160 ut
1266 1137 1336 1161 nos
1354 1127 1662 1172 interpretamur,

926 1175 1002 1207 tres
1027 1184 1105 1207 una
1130 1173 1344 1216 laudantur,
1370 1174 1548 1214 Quintius
1573 1184 1661 1218 pro—

924 1223 1009 1264 pter
1026 1220 1285 1254 fortitudinem
1303 1221 1343 1254 in
1361 1221 1473 1255 bellis
1492 1232 1662 1265 compro-

926 1266 1059 1308 batam,
1088 1267 1282 1312 Augustus
1308 1268 1395 1311 dux,
1420 1268 1561 1303 Varius
1584 1268 1663 1302 Au-

926 1317 1035 1359 gusto
1060 1315 1198 1359 dignus
1231 1317 1344 1359 poeta
1375 1319 1489 1360 atque
1514 1315 1661 1350 Horatii

926 1361 1080 1395 amicus.
1100 1381 1142 1384 —
1160 1362 1313 1405 vacuas]
1340 1366 1383 1396 ut
1406 1363 1511 1397 Pers.
1538 1366 1571 1405 4,
1597 1365 1661 1396 50:

927 1409 1158 1449 Nequiquam
1192 1410 1329 1451 populo
1367 1411 1509 1443 bibulas
1545 1412 1662 1444 dona—

925 1456 1022 1488 ve‘r‘is
1040 1465 1160 1497 aureS,
1180 1456 1324 1498 „laudis
1343 1457 1499 1502 cupidas
1518 1460 1555 1491 et
1571 1457 1663 1492 adu-

926 1502 1058 1536 lationi
1083 1504 1290 1548 patentes.“
1318 1503 1396 1538 cfr.
1418 1505 1569 1546 patulas
1595 1513 1662 1538 au·

925 1558 984 1582 res
1007 1549 1101 1594 Epp.
1130 1552 1258 1593 1,18‚
1286 1553 1341 1584 70.
1379 1553 1418 1593 2,
1444 1554 1484 1594 2,
1511 1553 1590 1585 105.
1617 1571 1660 1575 -

923 1597 1163 1640 permulceat]
1203 1599 1334 1643 „grato
1362 1599 1472 1633 modo
1498 1599 1660 1644 tangat.“

927 1642 1003 1678 Cic.
1030 1643 1132 1678 Orat.
1159 1647 1217 1687 49,
1242 1647 1327 1679 163:
1352 1648 1460 1680 Duae
1484 1650 1567 1679 sunt
1591 1655 1661 1688 res,

927 1699 1021 1731 quae
1048 1693 1300 1733 permulceant
1334 1702 1460 1736 aures,
1492 1702 1602 1727 sonus
1628 1696 1661 1726 et

925 1746 1110 1771 numerus.
1139 1759 1180 1762 —
1209 1741 1301 1772 Tene
1326 1742 1442 1782 maqis
1468 1740 1553 1783 cet.]
1583 1740 1660 1783 „Hi

926 1795 1055 1819 versus
1093 1789 1183 1819 sunt
1207 1786 1314 1820 Varii
1351 1788 1390 1820 111
1428 1787 1662 1833 Panegyrico

925 1832 1122 1877 Augusti.“
1176 1832 1343 1868 Senon„
1382 1854 1425 1858 —
1463 1837 1588 1870 servet
1624 1836 1664 1867 in

927 1880 1110 1922 ambiano]
1139 1881 1267 1919 „Faxit
1283 1881 1465 1926 Iuppiter,
1483 1893 1531 1916 ne
1549 1882 1664 1916 huius

925 1927 980 1960 rei
1006 1928 1218 1971 periculum
1245 1929 1308 1962 fiat
1333 1930 1450 1963 altero
1475 1930 1514 1963 in
1532 1930 1664 1963 discri-

926 1985 1012 2007 men
1047 1976 1211 2009 vocato.“
1240 1995 1278 1999 —
1308 1976 1435 2019 possis]
1480 1976 1568 2018 „Si,
1606 1977 1664 2009 in-

927 2031 1052 2064 quam,
1077 2022 1169 2055 haec
1189 2032 1311 2056 coram
1336 2027 1373 2056 te
1396 2024 1534 2068 aliquis
1552 2024 1664 2065 dicat,

927 2077 1018 2101 sane
1044 2079 1225 2113 agnoscas
1260 2070 1392 2111 (facile
1419 2072 1584 2113 sentias)
1620 2081 1663 2104 ea

927 2114 994 2146 uni
1020 2114 1190 2159 Augusto
1217 2116 1291 2149 dici
1318 2127 1447 2160 posse,
1481 2121 1594 2162 atque
1619 2118 1664 2151 il-

928 2160 1000 2193 lico
1019 2172 1174 2204 respuas
1188 2163 1444 2197 adulationem
1463 2166 1535 2197 tam
1555 2176 1663 2210 exag-

927 2210 1103 2251 geratam.
1141 2209 1225 2242 Alia
1249 2209 1408 2244 fortasse
1433 2221 1494 2245 res
1520 2213 1604 2254 erit,
1630 2212 1663 2246 si

928 2254 1015 2298 quis
1052 2258 1088 2287 te
1126 2256 1444 2300 sapientissimum
1482 2259 1663 2304 vitiisque

929 2301 1101 2336 omnibus
1127 2306 1317 2337 carentem
1342 2305 1554 2348 praedicet3
1580 2305 1661 2340 fieri

928 2348 1027 2381 enim
1045 2350 1177 2393 possit,
1202 2354 1254 2391 ut,
1273 2352 1585 2395 quemadmodum
1605 2365 1664 2388 so-

926 2395 1007 2428 lent
1023 2396 1208 2440 plerique.
1234 2400 1275 2430 tu
1298 2409 1449 2443 quoque
1466 2401 1565 2434 hanc
1583 2401 1664 2435 lau-

928 2441 1012 2475 dem
1052 2443 1093 2476 in
1135 2447 1171 2478 te
1208 2446 1341 2479 merito
1381 2448 1543 2481 conferri
1586 2448 1663 2481 exi·

928 2490 1091 2523 stimes.“

975 2562 1126 2595 30—-35,
1157 2563 1410 2604 Respondesne
1437 2564 1522 2606 cet.]
1559 2564 1675 2606 „An-⁴

927 2608 1064 2641 nuisne
1090 2609 1206 2643 nimio
1232 2612 1297 2643 tuo
1323 2611 1527 2652 laudatori,
1554 2612 1662 2655 quasi

927 2654 995 2687 tibi
1009 2656 1252 2698 praeconium
1267 2657 1474 2699 tribuisset,
1492 2669 1539 2692 an
1555 2658 1662 2702 dicis,

927 2704 962 2735 te
981 2704 1119 2735 tantam
1143 2703 1291 2736 laudeni
1315 2715 1390 2737 non
1411 2706 1600 2739 mereri?“
1618 2725 1660 2730 ——
