1774 2930
616 175 710 211 Lm.
734 174 784 209 11.
832 172 985 208 EPIST.
1008 172 1058 207 11.

198 281 290 324 Aut
318 280 448 323 etiam
478 291 609 334 supra
637 288 906 318 nummorum
936 273 1109 315 milibus
1141 276 1346 328 emptum.-

1506 169 1594 211 459

1511 270 1595 310 165

199 349 315 400 Quid
342 349 490 402 refert,
519 348 641 390 vivas
671 348 893 388 numerato
923 357 1061 400 nuper
1092 357 1147 385 an
1178 341 1313 384 olim?

197 421 380 478 Emptor
409 418 574 462 Aricini
606 415 819 474 quondam
844 414 1042 458 Veientis
1075 418 1118 456 et
1148 413 1238 455 arvi

196 491 402 549 Emptum
433 493 559 533 cenat
588 488 695 541 olus,
727 486 921 543 quamvis
952 485 1077 527 aliter
1105 487 1252 540 putat3
1285 482 1440 540 emptis

198 562 288 605 Sub
317 565 488 604 noctem
519 558 704 616 gelidam
732 557 862 613 lignis
894 555 1119 598 calefactat
1149 557 1328 606 aenum,

197 632 285 676 Sed
312 635 437 675 vocat
465 644 602 687 usque
634 642 771 682 suum,
804 641 889 683 qua
917 626 1101 683 populus
1134 624 1273 667 adsita
1303 623 1430 666 certis

1512 622 1596 663 170

195 703 427 746 Limitibus
456 701 600 744 vicina
628 699 788 755 refugit
818 698 982 753 iurgia3
1015 701 1234 752 tamquam

198 773 264 816 Sit
292 773 512 830 proprium
544 770 796 827 quidquam,
828 772 985 825 puncto
1019 766 1133 824 quod
1162 765 1332 808 mobilis
1362 764 1494 807 horae

194 844 318 890 Nunc
338 857 479 900 prece,
501 855 615 884 nunc
634 840 787 897 pretio,
809 853 923 881 nunc
942 839 1001 892 vi,
1023 852 1137 879 nunc
1157 839 1296 878 morte
1318 849 1518 892 suprema

175 951 254 983 168.
276 951 378 992 putet
405 958 503 982 unus
527 947 670 981 Bersm.
696 948 734 980 et
759 945 848 979 Cod.
871 944 947 978 Alt.
974 944 1066 986 (non
1091 941 1240 984 nostri.)
1260 960 1303 965 —-
1324 942 1404 975 171.
1427 941 1548 983 refiqit

126 1007 147 1031 e
173 996 288 1031 Oodd.
313 995 487 1030 Lambini
512 994 659 1038 aliquot
684 995 721 1027 et
745 1002 841 1026 corr.
857 990 1033 1025 Petrensi
1060 990 1187 1032 (etiam
1213 999 1299 1023 cum
1324 988 1485 1032 Franeq.
1510 989 1550 1021 et

126 1043 274 1078 duobus
290 1042 479 1084 Pottierii)
501 1041 710 1075 Bentleius.
727 1058 769 1063 —
786 1040 866 1072 173.
891 1040 988 1071 sorte
1004 1036 1094 1071 Lct„
1121 1038 1251 1079 (morte
1270 1039 1402 1070 contra
1419 1045 1550 1069 omnes

124 1090 264 1132 nostri,
288 1089 468 1131 Bentleii,
493 1087 688 1129 Pottierii,
714 1085 925 1127 Schmidii.)

78 1185 167 1218 lata.
195 1202 239 1208 -
267 1184 435 1217 trecentis
459 1180 626 1223 milibus]
661 1179 812 1214 circiter

77 1233 193 1265 60000
215 1230 278 1264 Fr.
303 1229 475 1264 Gallicis.
492 1230 701 1270 —Emptor
727 1226 812 1269 cet.]

76 1277 196 1322 Iunge
228 1279 368 1319 emptor
393 1278 595 1317 quondam,
630 1275 713 1317 „is,
747 1274 812 1318 qui

78 1323 268 1369 quondam
294 1324 414 1357 emit.“
452 1322 509 1356 De
534 1322 702 1356 adverbii
729 1331 814 1354 cum

78 1370 313 1406 substantivo
338 1370 603 1404 coniunctione
629 1368 726 1402 conf.
745 1367 813 1401 Od.

76 1419 110 1460 3,
130 1419 186 1460 1‘1,
204 1420 238 1452 9.
257 1437 301 1441 -
318 1418 484 1450 Aricini·
497 1416 647 1450 Veientis
668 1418 700 1448 et
718 1415 813 1457 arvi]

4 1499 10 1517 ζ
74 1465 204 1499 Aricia
228 1464 407 1510 oppidum
430 1463 548 1504 Latii,
573 1465 704 1506 notum
729 1473 814 1506 pro-

101 1514 161 1546 ter
176 1512 299 1545 lacum
315 1510 582 1545 Nemorensem
599 1508 643 1542 'et
670 1509 813 1542 cultum

0 1573 3 1575 >
113 1559 220 1593 ‘anae
266 1558 358 1602 (cfr.
385 1557 459 1591 Sat.
486 1559 526 1599 1,
552 1558 593 1598 5,
621 1555 688 1599 1.);
729 1557 813 1598 Veii,

74 1605 188 1640 hodie
212 1606 316 1638 Isota
340 1606 511 1639 Farnese.
539 1603 614 1637 Cfr.
633 1602 709 1637 Sat.
728 1605 761 1644 2,
781 1605 813 1645 3,

78 1654 158 1686 143.
173 1671 216 1676 -
232 1652 380 1695 aenum]
399 1651 509 1694 „dum
526 1651 567 1684 in
584 1650 667 1683 foco
685 1652 813 1694 aperto

0 1707 6 1717 ·
77 1709 213 1744 aquam
228 1698 437 1741 fervefacit,
454 1699 535 1743 ipse
550 1707 702 1742 quoque
717 1697 814 1731 cale·-

76 1745 120 1780 fit
142 1748 325 1792 gratoque
349 1746 422 1780 hoc
447 1755 560 1779 sensu
585 1744 726 1778 fruitur
749 1743 813 1778 ad-

77 1794 252 1827 veniente
271 1794 393 1835 qelida
408 1793 544 1835 nocte,“
573 1802 668 1836 quae
691 1792 812 1836 imago

2 1891 8 1894 .-
78 1841 251 1874 oonsulto
276 1839 402 1874 addita
427 1842 495 1873 est.

128 1935 304 1967 170-174.
327 1933 458 1975 usque]
485 1943 629 1977 „usque
654 1932 701 1965 ad
726 1943 813 1966 eum

79 1979 216 2022 locum,
240 1979 307 2013 ubi
321 1980 485 2024 populus
503 1979 613 2013 arbor
630 1979 703 2012 sita
721 1979 811 2012 oet.“

82 2026 209 2059 Gon.
238 2025 358 2063 Cium.
378 2045 421 2049 —
440 2026 574 2068 adsita]
602 2051 618 2067 „
632 2025 812 2059 Consulto

73 2073 185 2106 -iuxta
225 2075 305 2106 sata
344 2073 423 2106 sive
468 2072 656 2115 plantata,
670 2074 685 2089 ‘⁶
738 2083 814 2105 non

83 2119 218 2162 „iuxta
242 2119 361 2161 sita,“
395 2119 433 2152 id
460 2118 561 2162 quod
587 2121 685 2152 esset
708 2121 816 2152 natu-

81 2177 145 2200 rae
179 2177 287 2210 opus.
337 2165 441 2210 Virg.
465 2165 544 2199 Ecl.
571 2167 609 2207 9,
636 2167 682 2198 7;
720 2174 816 2205 qua

79 2221 118 2246 se
158 2214 356 2246 subducere
401 2213 509 2246 colles
550 2213 736 2253 Incipiunt
761 2230 776 2236 -
791 2231 816 2253 ‚-

85 2261 200 2300 Usque
234 2261 282 2293 ad
314 2268 451 2300 aquam
482 2262 514 2292 et
546 2261 702 2300 veteres,
740 2260 818 2291 iam

81 2307 204 2348 tracta
235 2307 438 2348 cacumina,
475 2307 650 2347 saaos,
686 2305 817 2339 itidem

82 2351 214 2387 finium
250 2354 331 2398 agri
368 2356 488 2387 notas.
538 2352 658 2386 Varro
694 2352 740 2385 R.
770 2352 815 2385 R.

85 2402 117 2442 1,
143 2401 206 2433 15:
243 2402 443 2433 Praeterea
468 2401 546 2433 sinc
570 2401 705 2441 saeptis
729 2401 816 2441 fines

78 2448 228 2487 praedii
257 2448 409 2480 sationis
442 2448 536 2480 notis
561 2448 735 2479 arborum
761 2448 816 2479 tu-

82 2494 193 2527 tiores
225 2495 336 2537 flunt,
372 2502 416 2527 ne
448 2495 615 2535 familiae
647 2495 818 2527 rixentur

83 2548 163 2573 cum
198 2542 326 2574 vicinis
362 2549 406 2574 ac
445 2542 572 2574 limites
610 2549 655 2574 ex
697 2541 816 2573 litibus

82 2587 236 2621 iudicem
261 2591 451 2628 quaerant.
496 2589 627 2622 serunt
652 2588 720 2620 alii
745 2589 815 2620 cir-

85 2640 166 2666 cum
185 2635 307 2677 pinus,
324 2653 339 2659 -
352 2653 368 2659 -
381 2635 449 2668 alii
473 2643 670 2676 cupressos,
692 2653 706 2660 -
719 2652 734 2658 -
748 2635 817 2667 alii

85 2679 211 2722 ichnos,
228 2699 243 2705 -
256 2699 271 2706 -
286 2683 382 2723 quod
403 2682 466 2715 ubi
480 2683 518 2714 id
537 2683 635 2723 pote,
653 2699 668 2705 -
682 2699 696 2705 -
710 2682 816 2714 nulla

83 2727 204 2766 potior
221 2729 332 2762 arbor
346 2730 517 2771 ser-unda,
546 2730 642 2769 quod
657 2729 815 2762 maa-ime

860 1180 1068 1220 fructuosa,
1101 1179 1197 1218 quod
1221 1180 1254 1210 et
1277 1178 1427 1210 sustinet
1450 1184 1599 1217 saepem

862 1234 906 1258 ac
939 1226 1023 1258 colit
1056 1226 1197 1265 aliquot
1232 1225 1401 1257 corbulus
1425 1232 1595 1257 uvarum.

861 1272 918 1305 Ex
952 1273 1025 1305 hoc
1058 1271 1240 1305 Varronis
1283 1271 1368 1304 loco
1405 1281 1438 1304 v,
1476 1271 1600 1304 adsita

862 1322 964 1353 recte
990 1319 1105 1352 duces
1130 1330 1152 1352 a
1169 1318 1283 1352 verbo
1301 1319 1482 1351 adserere.
1520 1316 1598 1351 Cfr.

861 1365 980 1411 Epod.
1015 1368 1056 1407 2,
1089 1368 1110 1399 9
1145 1376 1200 1409 sq.
1251 1364 1387 1399 Catull.
1414 1366 1477 1407 61,
1505 1366 1595 1398 106:

863 1415 1000 1446 adsitas
1028 1414 1113 1446 Vitis
1149 1413 1313 1453 implicat
1350 1413 1510 1445 arbores.
1550 1430 1595 1435 —

861 1459 1012 1502 reflavit]
1050 1459 1158 1504 quasi
1191 1460 1273 1503 ipsa
1305 1459 1467 1504 populus
1500 1459 1601 1492 limi-

863 1508 955 1541 taris
995 1507 1118 1552 iurgia
1158 1506 1284 1540 odisse
1324 1506 1462 1548 soleat3
1512 1516 1598 1550 per-

862 1554 1002 1588 fectum
1034 1551 1240 1600 ἀορίστως,
1277 1555 1320 1587 ut
1351 1552 1445 1598 Epp.
1473 1556 1512 1594 1,
1540 1555 1596 1595 19,

862 1603 927 1635 48:
965 1603 1087 1635 Ludus
1125 1602 1220 1639 enim
1257 1602 1381 1642 qenuit
1417 1601 1598 1641 trepidum

862 1651 1046 1682 certamen
1071 1651 1104 1681 et
1128 1649 1248 1681 iram:
1276 1647 1478 1691 „impediit‚
1504 1658 1602 1680 sem-

861 1706 930 1739 per
955 1698 1068 1740 atque
1095 1695 1312 1729 etiamnunc
1342 1694 1516 1738 impedit,
1547 1705 1598 1728 ne

862 1742 1004 1787 iurgia,
1039 1742 1163 1782 rixae,
1199 1742 1285 1776 lites
1318 1742 1419 1775 inter
1451 1741 1599 1775 vicinos

862 1790 1067 1823 oriantur.“
1127 1788 1203 1823 cfr.
1237 1789 1331 1833 Epp.
1367 1790 1407 1830 2,
1443 1792 1482 1830 1,
1515 1790 1597 1822 201.

860 1835 919 1870 Ad
952 1847 1030 1870 rem
1063 1836 1131 1870 cfr.
1156 1835 1260 1881 Virg.
1284 1836 1379 1869 Aen.
1407 1838 1468 1878 12,
1502 1837 1597 1869 898:

862 1884 1023 1926 (saxum)
1050 1885 1166 1917 Lim-es
1192 1892 1282 1924 aqro
1304 1884 1463 1924 positus,
1500 1883 1599 1916 litem

860 1933 901 1963 ut
932 1932 1152 1964 discerneret
1190 1932 1303 1972 auris.
1330 1949 1374 1954 —-
1409 1932 1600 1970 tamquam

861 1979 913 2011 Sit
950 1979 1142 2019 proprium
1183 1977 1405 2019 quidquam]
1448 1976 1522 2010 Sat.
1564 1979 1597 2019 2,

864 2026 904 2066 2,
940 2025 1029 2057 129:
1072 2025 1247 2065 propriae
1289 2025 1432 2057 telluris
1470 2025 1603 2057 herum

863 2073 1002 2103 natura
1037 2079 1152 2110 neque
1190 2072 1294 2103 illum
1330 2072 1405 2103 Nec
1442 2079 1498 2103 me
1533 2079 1604 2103 nec

865 2125 1081 2157 quemquam
1097 2119 1247 2150 statuit.-
1271 2126 1335 2150 nos
1353 2118 1492 2158 expulit
1515 2118 1601 2152 ille:

864 2165 977 2196 Illum
1010 2167 1074 2197 aut
1108 2165 1282 2204 nequities
1317 2167 1380 2196 aut
1412 2165 1512 2205 vafri
1542 2165 1598 2196 in-

864 2211 970 2243 scitia
1010 2212 1124 2251 iat-is,
1172 2213 1402 2244 Postremum
1443 2212 1600 2252 expellet

864 2260 958 2290 certe
973 2259 1135 2291 vivacior
1151 2259 1265 2291 heres.
1298 2257 1533 2302 Antiphanes
1557 2259 1598 2291 in

867 2303 987 2338 Grotii
1016 2304 1105 2338 Exc.
1132 2315 1167 2348 p.
1194 2307 1282 2339 627:
1315 2300 1424 2347 ὅστις
1447 2301 1600 2352 ἄνθρω-

866 2361 936 2393 πος
968 2354 1079 2393 φυεὶς
1108 2349 1293 2393 Ἀσφαλές
1329 2363 1364 2386 τι
1402 2353 1522 2394 (quod
1553 2354 1600 2386 sit

865 2401 1005 2431 certum
1038 2407 1083 2432 ac
1112 2401 1307 2440 proprium
1331 2399 1453 2442 Grot.)
1488 2399 1605 2442 κιτῆμγ

864 2442 1048 2493 ὑπάρχειν
1074 2446 1125 2492 τῷ
1149 2445 1222 2492 βίῳ
1247 2445 1454 2490 λογίζεται,
1486 2446 1600 2479 Πλεῖ-

865 2503 984 2526 στον-
994 2490 1224 2539 ἡμάρτηκεν.
1238 2512 1281 2517 -
1294 2493 1445 2536 puncto]
1473 2493 1547 2526 Sat.
1567 2497 1599 2535 1,

866 2541 898 2582 1,
924 2541 964 2573 7:
998 2542 1111 2573 horae
1136 2544 1335 2583 mome-n103
1367 2541 1509 2573 mobilis
1534 2551 1600 2573 au-

863 2590 948 2628 tem,
973 2590 1016 2620 ut
1040 2587 1148 2621 Ovid.
1169 2587 1256 2621 Met.
1284 2589 1339 2630 15,
1366 2589 1457 2620 180:
1484 2596 1602 2627 neque

864 2635 958 2666 enim
982 2636 1174 2668 consistere
1199 2636 1352 2676 flumen,
1378 2635 1453 2667 Nec
1480 2634 1600 2667 levis

863 2681 954 2714 hora
982 2684 1108 2723 potest.
1137 2700 1179 2704 —
1206 2682 1312 2714 Nunc
1340 2689 1466 2723 prece,
1503 2689 1600 2714 nunc

861 2728 1001 2770 pretio]
1044 2727 1128 2762 Non
1168 2728 1324 2762 insolita
1364 2727 1600 2761 allitteratio.
