1786 2912
191 91 246 132 62

693 90 903 125 HORATII
927 89 1211 126 SATIBARU'M

307 190 466 234 Factus
497 191 644 246 homo,
676 191 859 246 Antoni,
891 206 978 234 non
1009 195 1057 234 ut
1087 193 1225 249 magis
1257 194 1384 248 alter,
1417 193 1591 237 amicus.

307 261 482 304 Fundos
514 262 686 305 Aufidio
716 262 858 304 Lusco
890 266 1086 318 praetore
1116 264 1301 307 libenter

307 333 585 390 Linquimus,
618 334 758 375 insani
788 333 977 376 ridentes
1007 335 1199 390 praemia
1230 335 1414 389 scribae,

1655 335 1709 377 35

308 404 585 447 Praetextam
616 408 659 447 et
689 405 823 446 latum
856 404 1021 446 clavum
1054 419 1302 462 prunaeque
1332 406 1541 449 batillum.

189 540 380 583 Fonteius]
418 539 485 574 Est
511 539 550 573 C.
576 540 756 574 Fonteius
784 539 927 584 Capito,

191 587 301 621 cuius
327 590 448 621 exstat
471 598 646 622 nummus
666 598 750 621 cum
774 588 846 621 hac
871 588 928 621 in-

192 634 422 678 scriptione:
474 637 508 669 C.
559 636 803 670 FONTEIVS.
857 636 927 668 GA-

190 683 313 715 P1T0.
364 683 472 716 PRO.
523 684 599 715 PR.
637 697 685 712 z
720 684 771 716 M.
821 682 926 716 ANT.

191 731 296 763 ΙΜΡ.
341 731 433 764 COS.
478 731 635 764 DESIG.
686 731 813 763 ITER.
855 732 926 763 ET.

192 778 325 810 TERT.
363 779 438 810 ΙΙΙ.
477 779 568 811 VIR.
603 779 648 810 R.
683 779 721 810 P.
758 779 792 810 C.
831 776 927 810 Eck-

189 824 253 858 hel
289 824 334 857 D.
371 823 415 858 N.
455 827 486 858 5.
524 836 561 869 p.
601 826 681 858 219.
720 824 848 859 Riccio
875 826 926 859 M.

190 873 230 904 F.
255 873 302 905 R.
327 883 363 915 p.
389 873 446 905 94.
476 872 565 905 Fuit
588 872 744 905 Antonii
771 873 810 905 in
836 872 928 906 Asia

190 919 338 964 legatus
364 921 402 952 et
427 919 561 953 consul
588 919 768 953 suffectus
787 930 819 953 a.
838 931 876 953 u.
895 931 926 953 c.

191 968 272 1000 721.
301 985 343 990 —-
371 967 420 999 ad
450 975 609 1007 unquem
641 966 795 1009 Factus]
832 967 927 1008 „ele-

190 1024 284 1058 gans
322 1023 365 1047 ac
402 1014 578 1058 politus.“
631 1014 866 1056 „Translatio
906 1024 928 1047 a

190 1061 466 1103 marmorariis‚
506 1062 571 1105 qui
608 1061 803 1095 iuncturas
829 1072 926 1094 mar-

189 1119 338 1142 morum
362 1111 440 1141 tum
466 1108 615 1142 demum
648 1108 834 1154 perfectas
859 1109 927 1142 du-

193 1158 302 1198 cunt,
337 1155 370 1189 si
396 1156 535 1200 unguis
569 1156 823 1200 superductus
850 1167 925 1190 non

192 1202 415 1237 offendatur.
463 1202 572 1237 Unde
605 1204 698 1246 iam,
737 1213 927 1248 quaecun-

191 1261 266 1295 que
291 1250 566 1294 perfectissima
583 1261 665 1284 esse
683 1251 856 1284 volumus
875 1250 925 1284 si-

190 1297 390 1343 gnificare,
424 1297 471 1331 ad
504 1308 669 1342 unguem
703 1298 802 1331 facta
833 1297 926 1331 dici-

190 1345 309 1378 mus.“
335 1345 485 1378 PORPH.
513 1344 587 1378 Cfr.
612 1344 656 1378 A.
682 1345 724 1379 P.
749 1347 829 1379 294.
857 1344 926 1378 Oo-

191 1392 281 1426 lum.
306 1395 360 1434 11,
379 1394 411 1434 2,
433 1394 494 1426 13:
519 1393 709 1425 materiem
732 1394 927 1426 roboream

189 1441 317 1473 dolare
343 1441 393 1473 ad
416 1448 585 1480 unquam.
611 1440 723 1484 Apul.
741 1439 842 1473 Flor.
862 1441 925 1475 23:

193 1488 285 1527 lapis
323 1487 371 1519 ad
405 1495 566 1527 unquem
608 1490 841 1527 coaequatus.
882 1506 924 1510 -—

190 1542 265 1567 non
288 1537 328 1566 ul
352 1535 468 1575 maqis
495 1533 604 1575 aller]
640 1537 703 1576 „ut
729 1545 804 1568 non
831 1535 926 1567 alter

190 1581 308 1626 magis
349 1582 491 1615 amicus
535 1581 621 1614 sit.“
674 1581 784 1614 Corn.
833 1581 926 1625 Nep.

190 1628 319 1672 Epam.
358 1630 398 1662 2:
441 1629 605 1661 eruditus
643 1631 765 1661 aulem
801 1629 852 1661 sic
887 1630 927 1660 ul

190 1684 295 1709 nemo
321 1677 511 1708 Thebanus
535 1677 664 1716 mauis.

239 1725 375 1756 34-36.
424 1722 592 1765 Fundos]
643 1722 757 1757 hodie
800 1723 924 1763 Fondi,

190 1769 291 1803 Latii
341 1769 538 1814 oppidum,
593 1772 723 1803 notum
772 1771 927 1814 propter

190 1818 322 1850 vinum
346 1828 583 1862 generosum,
609 1817 771 1851 distabat
792 1827 814 1850 a
839 1816 928 1850 Tar-

191 1864 320 1899 racina
344 1864 450 1897 milia
482 1875 580 1909 pass.
606 1863 708 1897 XIII.
736 1867 772 1898 et
798 1863 927 1897 dimid.

192 1931 237 1935 —
262 1912 407 1954 Aufidio
443 1913 557 1945 Lusco
594 1911 786 1954 praetore]
822 1910 927 1944 Aufi-

191 1959 275 1993 dios
300 1958 444 1992 Fundis
470 1958 651 1992 oriundos
680 1959 798 1992 fuisse
824 1959 928 1992 mon-'

192 2009 286 2040 strat
311 2005 463 2039 Sueton.
514 2005 629 2051 Calig.
656 2007 713 2039 23.
752 2006 928 2039 Ceterum

191 2054 263 2087 hoc
290 2053 487 2098 oppidum,
526 2056 619 2087 teste
653 2053 782 2095 Festo,
819 2064 927 2097 prae-

191 2101 341 2135 fectura
382 2103 480 2143 erat,
531 2111 607 2134 non
657 2100 927 2145 municipium3

192 2148 366 2182 Aufidius
400 2148 516 2193 igitur
541 2149 650 2182 homo
677 2147 838 2182 ridicule
865 2158 927 2181 va-

193 2206 279 2238 nus,
304 2196 411 2240 prius
437 2195 572 2238 scriba,
598 2198 688 2229 tunc
713 2195 928 2239 praefectus

193 2253 215 2276 a
239 2245 413 2287 praetore
439 2243 582 2276 urbano
614 2243 762 2287 legibus
787 2242 928 2276 missus

193 2290 343 2332 (Festus
362 2301 397 2333 p.
417 2291 495 2323 233.
513 2290 635 2332 Miill.)
659 2300 796 2323 nomen
821 2300 929 2334 prae-

193 2337 288 2370 toris
331 2337 429 2371 ultro
473 2337 546 2370 sibi
587 2340 845 2382 arrogaverat,
886 2339 929 2370 ut

192 2384 328 2418 festive
354 2383 487 2418 Cicero
513 2383 558 2417 de
585 2384 667 2428 lege
694 2395 772 2429 agr.
799 2386 839 2426 2,
872 2386 928 2426 34,

194 2433 258 2465 92:
297 2440 377 2465 cum
408 2433 584 2464 venissem
616 2433 795 2473 Capuam,
834 2433 928 2464 colo-

193 2480 295 2512 niam
319 2479 512 2512 deductam
538 2480 574 2512 L.
596 2479 760 2511 Considio
788 2482 820 2511 ei
844 2480 926 2512 Sem.

192 2527 328 2568 Saltio,
367 2527 670 2566 quemadmodum
702 2527 771 2566 ipsi
806 2527 928 2566 loque-

196 2575 343 2615 bantur,
365 2574 619 2615 praetoribus‚·
637 2591 675 2597 --
695 2581 776 2605 cum
802 2573 928 2606 celeris

193 2622 234 2652 in
270 2622 419 2654 coloniis
459 2621 644 2653 duumviri
684 2620 927 2662 appellentur,

194 2668 234 2699 hi
255 2676 293 2700 se
315 2671 505 2709 praetores
538 2667 724 2709 appellari
748 2667 927 2700 volebant.

976 540 1150 574 Attamen
1175 543 1369 586 praetores
1395 552 1436 576 re
1454 552 1542 576 vera
1559 541 1600 575 in
1618 552 1712 575 non-

976 587 1095 621 nullis
1120 589 1339 633 municipiis
1357 589 1493 623 summi
1518 589 1711 634 magistra-

976 638 1036 668 tus
1063 635 1310 679 vocabantur,
1335 636 1440 671 velut
1463 636 1616 679 Aletrii,
1643 636 1712 670 Oa-

976 693 1115 726 penae,
1153 682 1335 717 Puteolis.
1385 682 1519 726 (Inscr.
1552 695 1599 717 m.
1629 683 1710 717 Lat.

976 729 1018 763 N.
1039 730 1159 772 3785.)
1178 730 1258 764 Liv.
1277 732 1334 774 23,
1353 732 1416 764 19:
1442 731 1711 774 (Praenestini)

977 779 1087 810 ceteri
1135 778 1335 812 incolumes
1383 779 1582 812 Praeneste
1631 787 1713 812 cum

973 827 1205 865 praetore
1230 834 1296 858 suo
1321 827 1371 859 M.
1389 825 1518 859 Anicio
1544 825 1711 868 (scriba

975 873 1006 904 is
1041 874 1152 904 antea
1184 872 1323 915 suerat)
1356 874 1557 906 redierunt.
1606 872 1710 906 Alibi

976 919 1198 962 dictatores,
1224 920 1411 965 magistri,
1437 920 1626 954 meddices
1653 923 1711 953 tu-

975 966 1053 999 tici.
1102 966 1236 1010 Itaque
1272 967 1338 1001 ille
1375 969 1576 1012 antequam
1612 966 1711 1001 Mae-

977 1016 1148 1047 cenatem
1174 1014 1331 1058 eiusque
1350 1014 1506 1048 comites
1532 1015 1710 1048 conveni-

976 1063 1052 1103 ret,
1111 1060 1277 1095 edictum
1329 1062 1575 1106 praemiserat
1625 1071 1709 1095 cum

975 1109 1276 1152 praescriptione
1324 1109 1525 1142 AVFIDIO
1569 1110 1710 1143 LVSCO

975 1157 1248 1198 PRAETORE,
1288 1166 1363 1200 quo
1400 1155 1608 1190 honorifice
1646 1167 1710 1190 eos

976 1202 1206 1247 excipiebat,
1237 1203 1297 1237 vel
1330 1213 1397 1247 per
1422 1213 1624 1237 accensum
1651 1213 1711 1237 ea-

974 1249 1058 1284 dem
1090 1250 1253 1284 formula
1279 1261 1342 1284 eos
1370 1261 1409 1284 se
1436 1253 1709 1284 conventurum

975 1308 1058 1331 esse
1084 1297 1291 1331 nuntiarat.
1317 1316 1360 1321 —
1389 1299 1542 1332 libenter
1561 1299 1711 1338 Linqui-

973 1344 1076 1387 mus]
1116 1347 1301 1389 „propter
1334 1344 1563 1386 molestiam,
1597 1355 1710 1389 quam

975 1391 1085 1425 nobis
1111 1391 1250 1426 insulsi
1274 1391 1437 1426 hominis
1462 1403 1577 1436 prava
1602 1392 1711 1426 sedu-

975 1439 1061 1473 litas
1088 1442 1263 1481 creasset,
1289 1439 1321 1472 si
1339 1438 1484 1472 diutius
1501 1439 1554 1473 ibi
1571 1439 1710 1473 morari

976 1496 1132 1520 necesse
1181 1486 1349 1520 fuisset.“
1400 1485 1545 1521 Fundis
1594 1486 1710 1531 igitur

976 1544 1052 1567 non
1079 1536 1371 1577 pernoctarunt,
1405 1533 1444 1566 id
1471 1533 1572 1577 quod
1599 1533 1711 1567 etiam

975 1584 1129 1624 propter
1147 1581 1320 1625 exiguam
1338 1579 1477 1624 oppidi:
1494 1580 1711 1617 distantiam

976 1638 998 1660 a
1016 1627 1223 1661 Tarracina
1248 1627 1505 1661 necessarium
1523 1638 1600 1661 non
1626 1627 1710 1661 fuit.

978 1694 1020 1697 —
1036 1674 1220 1717 praemia]
1245 1674 1411 1719 insignia
1428 1675 1594 1717 honoris,
1613 1685 1709 1719 quae

977 1722 1086 1766 quasi
1104 1721 1272 1765 praemia
1288 1721 1536 1766 pristinorum
1555 1732 1711 1756 suorum

976 1769 1197 1802 meritorum
1231 1768 1454 1802 ostentabat.
1481 1788 1525 1792 -
1557 1769 1711 1812 scribae]

978 1815 1089 1850 Corn.
1114 1815 1206 1860 Nep.
1231 1815 1339 1849 Eum.
1367 1818 1406 1858 1,
1433 1818 1474 1849 5:
1515 1815 1623 1858 Apud
1647 1825 1711 1850 nos

975 1872 1016 1896 re
1033 1872 1131 1905 vera,
1156 1865 1248 1896 sicul
1264 1865 1361 1905 sunl,
1385 1865 1605 1897 mercenarii
1625 1865 1712 1897 scri-

977 1912 1044 1944 bae
1063 1912 1328 1944 existimantur.
1349 1930 1392 1934 —-
1413 1911 1529 1944 latum
1551 1911 1711 1954 clavum]

978 1958 1210 1992 senatorium
1243 1958 1432 2000 habitum,
1466 1969 1541 2002 quo
1566 1957 1711 1991 Fundis

976 2006 1031 2038 uti
1056 2008 1222 2049 poterat,
1247 2005 1313 2039 ubi
1339 2015 1449 2039 nemo
1476 2015 1562 2039 eum
1586 2005 1626 2038 in
1652 2015 1712 2039 or-

976 2053 1103 2086 dinem
1129 2053 1301 2097 cogebat,
1335 2063 1412 2086 non
1436 2052 1526 2086 item
1551 2051 1711 2095 Romae3

976 2100 1094 2144 magis
1129 2099 1335 2134 ridiculum
1366 2099 1407 2132 id
1441 2099 1552 2133 etiam
1587 2109 1711 2133 coram

977 2147 1205 2189 Maecenate,
1230 2147 1296 2192 qui
1322 2148 1481 2192 angusto
1500 2146 1605 2181 clavo
1624 2156 1712 2180 con—

977 2197 1104 2228 tentus
1131 2197 1224 2228 erat.
1247 2213 1291 2218 —-
1318 2193 1502 2236 batillum]
1529 2193 1711 2236 „Videtur

976 2243 1039 2275 hic
1065 2243 1212 2275 bacillus
1239 2252 1267 2275 s.
1287 2242 1455 2275 batillum
1478 2241 1629 2275 foculus
1655 2251 1712 2274 sa—

978 2289 1173 2323 crificandi
1189 2299 1304 2323 causa
1319 2288 1511 2333 praelatus
1529 2288 1618 2321 huic
1637 2298 1712 2322 ma-

978 2336 1172 2381 gistratui,
1211 2346 1296 2369 cum
1333 2335 1431 2369 nihil
1467 2334 1524 2368 rei
1557 2334 1710 2369 maioris

978 2395 1089 2429 agere
1116 2384 1282 2417 solerent
1308 2382 1390 2417 sine
1417 2381 1612 2416 sacrificio.
1637 2381 1712 2415 Ad-

977 2433 1113 2464 ventus
1147 2433 1272 2464 autem
1297 2429 1526 2464 Maecenatis
1553 2431 1591 2463 et
1622 2428 1711 2462 reli-

978 2489 1140 2522 quorum
1168 2477 1365 2521 oppidanis
1398 2476 1476 2510 illis
1507 2487 1568 2510 res
1594 2475 1711 2514 videri

977 2524 1127 2559 maximi
1153 2524 1332 2557 momenti
1357 2523 1514 2568 potuit.“
1543 2522 1711 2557 GESNER.

977 2572 1097 2605 Aliter
1122 2571 1311 2605 Diintzer:
1348 2573 1516 2614 „mnae
1539 2569 1711 2604 batillum

977 2620 1023 2651 isc
1074 2619 1263 2659 eiqenllich
1312 2619 1369 2651 die
1405 2617 1713 2658 Kohlenschausel

978 2667 1054 2698 und
1094 2674 1133 2698 so
1173 2666 1308 2698 scheint
1350 2667 1414 2698 der
1454 2665 1603 2698 Dichter
1643 2665 1714 2696 den
