1786 2912
705 127 799 163 Lm.
822 127 854 163 1.
905 127 1007 163 sA'l'.
1029 127 1079 162 Π.

1590 129 1646 170 23

190 232 487 290 Dedecorique
516 231 639 275 foret.
686 231 848 274 Verum
878 230 960 274 hoc
991 244 1038 273 se
1069 229 1340 287 amplectitur
1368 243 1468 283 uno,

188 303 286 347 Hoc
316 308 432 347 amat
462 307 506 347 et
533 303 701 346 laudat:
732 301 971 344 Matronam
1002 300 1163 344 nullam
1195 314 1275 358 ego
1304 304 1448 356 tango.

188 374 248 417 Ut
277 374 491 431 quondam
519 373 760 427 Marsaeus,
791 377 955 416 amator
986 371 1177 428 Originis
1207 372 1301 425 ille,
1349 392 1355 396 -

1592 371 1647 412 55

191 444 276 493 Qui
305 445 493 501 patrium
521 445 677 487 mimae
708 444 837 486 donat
866 442 1131 499 fundumque
1160 442 1399 498 laremque,

189 513 264 558 Nil
293 515 423 558 fuerit
451 516 531 570 mi,
562 516 719 571 inquit,
752 528 848 557 cum
878 514 1083 556 uxoribus
1114 527 1302 570 unquam
1333 512 1499 555 alienis.

192 585 354 629 Verum
385 590 452 629 est
481 600 577 628 cum
608 586 769 639 mimis,
801 589 868 628 est
898 598 994 627 cum
1023 577 1340 637 meretricibus,
1372 582 1486 626 unde

190 655 328 699 Fama
355 657 515 700 malum
545 657 716 713 gravius
748 669 874 712 quam
903 669 973 697 res
1005 654 1151 696 trahit.
1200 654 1269 696 An
1299 653 1580 697 tibi’abunde

190 726 426 770 Personam
456 728 561 770 satis
593 731 676 781 est,
707 740 795 768 non
822 725 948 779 illud,
981 725 1189 781 quidquid
1220 725 1383 781 ubique

1593 725 1649 765 60

195 797 358 852 Officit,
390 798 583 841 evitare?
611 797 778 840 Bonam
808 796 1041 852 deperdere
1073 795 1248 849 famam,

193 867 303 910 Rem
332 869 466 924 patris
498 868 721 922 oblimare,
764 867 923 910 malum
957 870 1023 909 est
1053 866 1311 922 ubicunque.

191 937 273 979 Est
302 939 347 980 in
378 942 591 991 matrona,
625 939 778 982 ancilla
808 951 1015 995 peccesne
1047 938 1226 992 togata?

1376 865 1490 914 Quid
1520 864 1651 937 13*-

195 1032 198 1034 ’
229 1045 286 1077 63.
320 1052 487 1086 peccave
523 1043 772 1088 BbScdp,CtF
797 1046 834 1078 et
858 1043 1031 1078 Pottierii
1069 1052 1199 1077 omnes
1235 1045 1386 1087 praeter
1426 1052 1546 1075 unum
1572 1044 1605 1075 9.

182 1091 380 1134 (matrona,
406 1092 555 1134 ancilla,
577 1100 747 1133 peccesne
771 1090 945 1125 distinxit
969 1089 1195 1132 Bentleins.)

135 1183 217 1218 ficit
239 1183 331 1219 dare
354 1188 494 1229 posset,
519 1196 596 1219 non
618 1187 743 1219 tamen
761 1185 871 1219 donis

135 1241 200 1266 088
225 1242 408 1274 onerans;
434 1242 564 1266 verum
589 1233 685 1267 mira
710 1232 872 1267 stultitia

135 1279 335 1323 abreptus,
370 1289 446 1324 qua
476 1290 633 1324 prorsus
666 1279 869 1313 ridiculum

136 1335 178 1359 80
202 1325 347 1368 reddit,
379 1326 497 1360 veluti
531 1327 670 1360 virtute
697 1337 767 1360 sua
791 1327 871 1371 glo-

135 1372 279 1414 riatur,
328 1372 430 1417 quod
470 1376 679 1407 matronam
728 1373 871 1406 nullam

138 1420 375 1463 corrumpat“
403 1422 473 1453 cet.
500 1439 542 1443 —
570 1422 636 1453 hoc
666 1429 704 1453 se
736 1421 873 1461 ample-

138 1467 248 1499 ctitur
271 1466 368 1509 uno]
404 1467 497 1508 „hoc
522 1467 602 1501 solo
628 1467 701 1501 sibi
727 1466 873 1501 blandi-

136 1513 233 1547 tur.“
260 1513 358 1547 Aca.
385 1532 428 1537 —
453 1515 536 1547 Hoc
559 1514 684 1557 amal]
716 1514 784 1548 Est
807 1525 873 1558 po-

137 1559 216 1594 tius
255 1559 443 1594 ablativus
498 1564 680 1605 „propter
720 1561 791 1594 1100
832 1571 873 1595 80

137 1609 255 1649 811181,
280 1603 468 1649 φίλαυτός
491 1607 591 1648 ἐστι,
621 1610 777 1652 propter
801 1608 873 1642 hoc

139 1663 181 1688 80
206 1653 356 1697 laudat;
346 1655 378 1674 ·“
405 1665 518 1699 (1118111
535 1655 783 1689 accusativus.
811 1653 873 1688 Sic

138 1699 215 1734 Sat.
241 1702 282 1743 2,
307 1703 349 1744 7,
373 1703 438 1735 31:
474 1703 530 1735 ila
555 1705 589 1735 te
614 1703 755 1744 felicem
786 1703 873 1735 dicis

138 1755 314 1789 masque
346 1749 443 1792 (te.)
492 1748 559 1783 Est
591 1752 762 1783 nostrum
797 1750 872 1782 sich

138 1796 211 1836 aus
230 1796 350 1829 elwa!
363 1804 408 1829 zu
432 1798 515 1837 aule
541 1798 643 1830 than.

186 1843 250 1876 55-
252 1844 309 1876 63.
333 1842 530 1886 quondam]
550 1844 710 1886 „abhinc
726 1843 875 1888 aliquot

138 1899 272 1924 8111108.
277 1890 295 1908 “
323 1908 366 1913 -
391 1891 603 1934 Marsaeus]
628 1891 739 1924 homo
765 1890 873 1935 igno-

137 1938 213 1970 tus.
310 1937 495 1980 Orioim's]
531 1938 691 1980 „Romae
716 1937 875 1971 fuerunt

137 1982 286 2026 (eodem
315 1986 505 2029 tempore,
538 1985 692 2019 circiter
717 1996 750 2019 a.
776 1995 814 2018 u.
842 1994 874 2018 c.

137 2030 237 2072 ⁰110.)
262 2033 340 2065 tres
364 2031 583 2066 meretrices
601 2031 874 2073 nobilissimae,

139 2075 275 2122 Origo,
331 2077 487 2123 Lycoris
542 2082 579 2112 et
625 2078 873 2112 Arbuscula.“

140 2123 268 2158 0011.
300 2124 422 2163 GRUQ.
458 2125 682 2171 Lycoridem
708 2125 873 2170 Virgilii,

139 2180 230 2204 vero
255 2172 407 2205 nomine
433 2172 693 2216 Cytheridem,
718 2172 873 2206 Antonii

140 2219 180 2255 ,et
216 2216 384 2251 Cornelii
421 2217 522 2251 Galli
558 2219 713 2253 amicam
754 2219 873 2253 fuisse

139 2263 235 2298 dicit
259 2264 412 2299 Servius
437 2265 485 2299 ad
510 2265 589 2299 Ecl.
617 2268 672 2308 10,
698 2267 732 2299 2.
750 2285 794 2289 -
812 2267 874 2298 (10-

138 2311 221 2354 nat]
244 2311 291 2345 H.
317 2311 341 2344 1.
366 2312 407 2345 in
432 2313 692 2357 propositione
718 2312 876 2346 relativa

140 2368 320 2402 praesens
344 2370 414 2403 pro
439 2360 624 2404 perfecto,
650 2362 693 2393 ut
718 2359 809 2393 alibi
834 2358 875 2392 in

141 2405 424 2441 narrationibus
450 2407 617 2441 directis.
646 2406 743 2440 Vide
756 2407 875 2440 omni-

141 2462 192 2486 no
217 2451 264 2486 ad
290 2451 365 2487 Sat.
392 2456 424 2495 1,
450 2456 483 2495 6,
511 2456 566 2487 13.
595 2453 775 2499 Madvigii
801 2453 877 2487 dis-

141 2500 386 2544 putationem.
410 2500 559 2534 Etenim
582 2500 649 2534 alii
674 2511 743 2544 pro
767 2510 876 2544 prae-

142 2545 246 2580 teriti
271 2556 438 2591 syncopa
462 2547 559 2582 male
583 2547 733 2582 habent.
753 2566 796 2570 —
814 2548 878 2581 Nil

142 2593 255 2634 suerit
279 2595 330 2626 mi
354 2594 444 2637 cet.]
484 2594 683 2629 Manifesto
713 2594 876 2628 Mai-saei

143 2641 234 2673 sunt
256 2640 390 2683 verba,
422 2651 499 2675 non
526 2640 697 2683 Salustii,
729 2641 796 2686 qui
823 2641 877 2674 sic

144 2685 243 2720 idem
280 2687 340 2721 bis
377 2687 532 2722 diceret.
572 2707 615 2712 —-
655 2690 787 2722 Verum
828 2691 879 2721 ese

920 1184 1013 1227 cet]
1065 1184 1170 1227 „At“,
1219 1183 1426 1238 respondet
1462 1182 1655 1224 Horatius,

921 1242 1004 1274 „res
1030 1231 1099 1265 tibi
1125 1234 1182 1265 est
1206 1241 1292 1265 cum
1324 1230 1448 1264 mimis
1474 1234 1511 1264 et
1532 1239 1656 1284 111010-

920 1278 1092 1319 tricibus,
1117 1289 1137 1312 e
1156 1289 1317 1322 quarum
1334 1288 1459 1312 amore
1482 1277 1657 1329 graviora

921 1326 1033 1360 etiam
1066 1304 1186 1359 famae
1220 1336 1331 1369 quam
1365 1325 1422 1358 rei
1459 1322 1657 1358 familiaris

920 1373 1056 1406 damna
1081 1372 1290 1406 oriuntur.“
1319 1390 1362 1395 —
1389 1371 1526 1414 trahil]
1561 1369 1657 1412 „sibi

921 1419 1144 1453 contrahit.“
1173 1437 1216 1443 -
1247 1418 1469 1461 Personam]
1504 1417 1658 1460 „condi-

922 1467 1067 1503 cionem
1093 1476 1137 1500 ac
1164 1468 1304 1500 statum
1336 1465 1537 1507 alicuius“,
1569 1465 1606 1497 11.
1632 1464 1657 1498 l.

920 1515 1126 1547 matronae.
1153 1532 1196 1536 —
1222 1512 1369 1555 ubique]
1398 1512 1459 1554 „in
1486 1522 1658 1557 quacun-

922 1571 997 1604 que
1022 1570 1186 1604 persona
1210 1562 1379 1604 peccas.“
1399 1578 1443 1583 ——
1465 1558 1658 1602 oblimare]

921 1607 971 1640 Ut
1008 1607 1159 1641 illuvies
1199 1607 1342 1652 pingue
1382 1609 1534 1652 pratum
1574 1607 1659 1639 limo

922 1654 1078 1688 obducit
1114 1658 1226 1699 atque
1259 1654 1388 1693 sterile
1422 1653 1566 1695 reddit,
1604 1653 1660 1687 810

921 1702 1190 1746 patrimonium
1224 1712 1246 1735 a
1278 1701 1437 1746 prodigo
1470 1699 1661 1734 consumi-

1010 1750 1170 1790 ——Qut'd
1194 1750 1313 1782 inter·
1298 1748 1398 1791 -Esl]
1424 1748 1472 1782 ad
1498 1747 1658 1792 culpam.

922 1751 1065 1840 „li-egat
1090 1796 1275 1830 interesse
1295 1795 1514 1840 quidquam,
1532 1797 1661 1828 utrum

923 1843 1009 1887 quis
1035 1843 1075 1876 in
1102 1845 1271 1876 matrona
1304 1854 1351 1876 an
1379 1843 1418 1875 in
1444 1842 1585 1876 ancilla
1611 1852 1660 1876 an

923 1891 1033 1923 etiam
1068 1889 1116 1922 111
1142 1890 1316 1924 adultera
1350 1886 1566 1933 delinquat3
1602 1899 1660 1923 se-

924 1939 1033 1970 cutus
1068 1937 1285 1981 opinionem
1320 1937 1553 1978 Stoicorum,
1593 1935 1661 1980 qui

924 1984 1051 2018 omnia
1075 1987 1231 2028 peccata
1255 1984 1363 2028 paria
1383 1994 1467 2018 esse
1493 1982 1659 2017 dicunt.“

926 2030 1069 2065 Senon.
1102 2031 1158 2065 De
1176 2031 1291 2065 verbo
1316 2032 1416 2065 inter
1436 2030 1510 2064 duo
1527 2040 1661 2064 versus

925 2077 1047 2112 diviso
1074 2078 1172 2112 conf.
1200 2078 1275 2112 Sat.
1302 2079 1343 2120 2,
1369 2081 1410 2120 3,
1439 2078 1517 2111 117.
1565 2077 1662 2122 Epp.

923 2127 964 2167 2,
990 2128 1031 2167 2,
1058 2127 1114 2158 93.
1139 2125 1183 2158 A.
1209 2125 1251 2158 P.
1277 2127 1359 2158 424.
1386 2144 1428 2148 -
1456 2125 1629 2157 ancma-
1646 2140 1662 2148 -

922 2171 1071 2213 lomna]
1112 2171 1169 2205 Ita
1193 2172 1329 2216 iunge,
1367 2176 1409 2205 ut
1434 2171 1530 2205 duae
1556 2171 1663 2205 dum-

922 2220 1023 2252 taxat
1050 2218 1126 2252 sint
1148 2228 1355 2262 personae,
1387 2229 1464 2252 non
1497 2221 1594 2260 tres,
1620 2220 1663 2251 ut

924 2275 1011 2298 cum
1061 2264 1283 2299 Scholiastis
1326 2265 1403 2299 volt
1451 2265 1661 2299 Bentleius.

923 2311 1073 2345 Etenim
1098 2323 1166 2356 per
1193 2314 1308 2346 totam
1343 2312 1497 2346 satiram
1522 2312 1568 2346 de
1595 2321 1662 2345 an-

925 2359 1020 2391 cillis
1054 2359 1209 2403 proprie
1243 2359 1353 2393 dictis
1387 2370 1576 2404 nusquam
1608 2359 1663 2392 lo-

925 2405 1066 2450 quitur.
1093 2405 1153 2439 Sic
1179 2408 1305 2440 autem
1331 2407 1574 2451 contemptim
1600 2416 1663 2439 vo-

926 2455 987 2486 cat
1010 2452 1220 2495 libertinas,
1246 2464 1344 2497 quae
1369 2454 1500 2487 tunica
1518 2456 1555 2487 et
1576 2455 1663 2497 toga

925 2510 994 2544 pro
1019 2502 1276 2534 matronarum
1302 2500 1397 2534 stola
1423 2503 1460 2534 et
1482 2500 1586 2544 palla
1602 2509 1664 2532 ve-

926 2546 1149 2580 stiebantur.
1188 2566 1231 2571 —-
1266 2547 1463 2590 peccesne]
1504 2547 1662 2588 „bonam

926 2593 1061 2627 famam
1085 2593 1300 2638 perdendo,
1333 2605 1413 2627 rem
1439 2593 1662 2627 familiarem

927 2640 1177 2675 oblimando.“
1203 2641 1334 2674 Altera
1359 2640 1472 2674 lectio
1494 2648 1662 2682 peccesne

928 2687 1077 2722 8010008
1092 2687 1254 2722 videtur.
1281 2687 1476 2736 Bentleius
1500 2697 1570 2731 pro
1597 2697 1663 2720 uo-
