1774 2930
128 123 210 165 168

243 225 458 267 Nimirum
489 226 666 268 insanus
698 228 847 283 paucis
879 227 1088 282 videatur,
1109 243 1172 272 -eo
1205 230 1318 286 quod

629 96 838 160 nolum
862 126 1148 162 sumnum
1198 141 1201 143 Α

1560 233 1644 275 120

244 296 435 339 Maxima
465 312 564 354 pars
596 298 818 340 hominum
849 299 997 341 morbo
1029 300 1210 342 iactatur
1241 301 1406 344 eodem.

241 367 379 409 Filius
412 372 484 411 aut
516 370 645 411 etiam
676 369 783 411 haec
812 369 992 412 libertus
1023 375 1071 412 ut
1102 372 1248 414 ebibat
1278 373 1420 426 heres,

242 438 322 480 Dis
353 440 524 482 inimice
557 454 703 494 senex,
736 440 957 483 custodis?
985 441 1052 484 Ne
1083 443 1163 484 tibi
1194 443 1337 486 desit?

244 510 507 558 Quantulum
540 512 654 553 enim
686 526 878 555 summae
910 513 1095 555 curtabit
1127 514 1308 570 quisque
1339 515 1519 569 dierum,

242 582 414 637 Ungere
447 583 483 624 si
516 583 659 625 caules
692 584 785 626 oleo
817 584 993 626 meliore
1026 589 1236 641 caputque

1561 587 1644 628 125

243 652 450 709 Coeperis
483 654 655 710 impexa
686 654 859 697 foedum
890 655 1139 711 porrigine?
1170 655 1326 710 Quare,

243 723 290 765 Si
322 725 492 780 quidvis
526 726 631 767 satis
664 730 743 779 est,
775 727 984 782 periuraS,
1019 727 1211 783 surripiS,
1245 727 1388 770 aufers

241 795 473 851 Undique?
505 797 603 838 Tun
635 798 797 839 sanus?
826 797 1042 854 Populum
1073 798 1110 840 si
1142 798 1321 842 caedere
1353 799 1470 841 saxis

241 867 426 923 Incipias
459 882 660 911 servosve
693 873 802 922 tuos,
835 883 940 925 quos
974 883 1073 911 aere
1104 870 1283 925 pararis,

242 938 446 981 Insanum
476 943 519 981 te
551 954 699 982 omnes
731 941 854 996 pueri
887 941 1158 997 clamentque
1189 941 1386 997 puellae:

1563 942 1645 983 130

222 1070 299 1103 127.
322 1071 475 1110 peiuras
494 1069 578 1103 bSc.
593 1089 637 1093 w—
653 1071 734 1103 128.
759 1074 837 1103 lum
852 1079 965 1104 sanus
983 1070 1045 1113 bs,
1071 1074 1112 1104 lu
1135 1073 1287 1104 insanus
1312 1083 1344 1106 c.
1361 1091 1403 1095 —
1420 1073 1498 1106 129.
1523 1081 1598 1104 ser-

171 1125 276 1150 vosve
302 1127 387 1151 eum
413 1117 534 1160 libris,
559 1120 601 1151 ut
626 1117 786 1159 videtur,
812 1117 988 1152 omnibus
1014 1117 1103 1160 Lat,
1129 1118 1264 1161 Bentl.,
1290 1117 1379 1152 FM:
1404 1127 1598 1159 servosque

170 1163 282 1198 tacite
309 1163 512 1206 Heindorf,
537 1164 820 1210 Dillenburger‚
845 1165 1027 1207 Diintzer,
1053 1165 1088 1207 J,
1113 1166 1344 1199 alii.—tuos
1369 1176 1499 1200 omnes
1524 1167 1598 1200 mei

170 1213 208 1244 et
224 1211 411 1254 Pottierii,
437 1211 571 1245 LCtFJ
585 1224 592 1245 :
620 1214 682 1246 tuo
700 1212 746 1246 de
764 1213 861 1246 coni.
881 1212 922 1246 Τ.
940 1212 1054 1246 Fabri
1079 1213 1298 1248 confirmata
1320 1224 1343 1248 a
1364 1213 1462 1248 Feae
1481 1213 1597 1248 Oodd.

170 1259 261 1303 aliq.
287 1262 324 1293 et
349 1258 441 1317 Edd.
467 1260 712 1294 Ascensianis
738 1260 935 1294 Bentleius
962 1264 999 1294 et
1021 1259 1070 1293 M.

121 1379 195 1417 sur
221 1379 421 1411 Schabeu
445 1380 533 1411 und
557 1379 736 1413 Motteu.
786 1378 861 1412 Cfr.

120 1424 215 1469 Epp.
243 1427 282 1468 1,
309 1427 366 1468 20,
395 1428 450 1459 12.
487 1424 649 1460 Martial.
676 1429 709 1468 6,
735 1429 792 1469 60,
818 1428 861 1460 7:

123 1473 245 1513 Quam
277 1474 384 1506 mulli
418 1474 535 1506 cineas
570 1476 727 1515 pascum
767 1475 861 1507 blat-

122 1521 249 1560 tasque
290 1521 437 1554 diserti!
465 1540 507 1544 —
535 1521 732 1565 Nimirum]
774 1520 860 1555 Vid.

121 1566 167 1599 ad
194 1567 287 1612 Epp.
317 1570 349 1610 1,
373 1571 406 1610 9,
433 1571 520 1601 1.-
536 1569 712 1611 iactatur]
738 1568 861 1603 Motus

121 1613 420 1649 febricitantium
453 1616 611 1649 violenti
646 1616 862 1661 significan-

122 1663 196 1695 tur.
217 1664 361 1696 Iaclari
376 1663 477 1696 enim
491 1664 649 1697 verbum
663 1664 861 1708 proprium

121 1711 178 1742 est
195 1709 241 1743 de
259 1709 370 1752 febri,
388 1710 434 1744 de
453 1710 592 1744 furore.
620 1710 728 1744 Ovid.
748 1711 859 1744 Trist.

121 1758 153 1798 4,
182 1758 214 1795 3,
242 1759 309 1791 26:
335 1759 518 1799 Fessaque
544 1759 675 1791 iactati
698 1760 860 1799 corporis

121 1811 204 1836 ossa
242 1806 375 1838 dolent.
425 1806 537 1849 Apul.
562 1805 711 1840 Metam.
739 1808 779 1848 9,
815 1808 859 1839 3:

119 1851 198 1892 iuqi
221 1853 347 1893 furore
372 1854 519 1886 iactari.

170 1901 338 1933 122-132.
356 1901 422 1933 Dis
435 1899 593 1942 inimice]
611 1900 717 1942 θεοῖς
734 1900 860 1947 ἐχθρὲ,

123 1947 207 1987 „cui
234 1958 364 1981 omnes
391 1947 428 1980 di
463 1948 548 1981 irati
584 1947 706 1981 sunt.“
736 1966 778 1971 -—-
806 1949 860 1981 Ne

121 1994 186 2026 tibi
210 1994 348 2037 desim]
389 1994 558 2037 „Ideone
590 1994 776 2038 custodis,
811 2006 859 2029 ne

119 2040 216 2075 forte
242 2042 311 2076 tibi
338 2042 461 2076 desit?
493 2041 648 2076 Minime
675 2053 763 2076 vero
790 2042 859 2077 tibi

119 2087 251 2123 deesse
287 2090 444 2133 poterit;
491 2090 749 2134 quantulum“
789 2093 859 2124 cet.

121 2135 226 2177 (desit
253 2137 424 2171 absolute
450 2138 510 2171 vel
541 2137 859 2182 impersonaliter,

120 2185 164 2216 ut
188 2183 338 2218 Terent.
363 2184 523 2229 Adelph.
551 2187 591 2228 5,
618 2187 658 2227 4,
684 2187 752 2219 27:
789 2187 860 2218 De·-

121 2232 214 2263 erit:
249 2233 289 2265 id
324 2241 408 2265 mea
441 2233 587 2265 minime
624 2234 758 2275 refert,
797 2234 860 2273 qui

118 2286 200 2309 sum
237 2282 329 2312 natu
364 2280 583 2322 maximus.)
611 2299 653 2302 —
685 2280 859 2323 curtabit]

122 2325 349 2366 ,‚.absumet“
379 2346 422 2350 —
453 2329 620 2367 Unqere-
630 2329 752 2361 caules
778 2328 858 2361 oleo

118 2373 284 2416 meliore]
312 2373 417 2407 Conf.
442 2373 517 2408 Sat.
537 2376 569 2416 2,
587 2376 620 2415 2,
639 2376 683 2408 59
704 2386 787 2419 sqq.
813 2394 858 2398 —

119 2420 281 2462 impexa]
302 2421 507 2465 „pectendo
526 2432 602 2454 non
618 2422 856 2476 repurgata.“

122 2468 413 2511 —porriqineJ„
418 2469 653 2503 furfuribus“
659 2466 859 2516 ,πιτυριοί-

121 2525 191 2554 σει,
216 2516 545 2556 Kleienqrind.
594 2516 726 2550 Celsus
753 2519 786 2559 6,
812 2518 857 2550 2:

119 2563 278 2604 Porriqo
297 2565 357 2605 est,
375 2564 438 2595 ubi
454 2564 549 2595 inter
562 2564 657 2604 pilos
676 2565 857 2604 quaedam

120 2611 227 2649 quasi
250 2611 466 2650 squamulae
491 2613 650 2651 sur-qum
677 2620 813 2652 eaeque
832 2620 856 2644 a

120 2659 199 2690 cute
224 2658 478 2697 νεεοῑυυηιιινς
513 2660 546 2690 et
570 2659 751 2691 interdum
777 2667 856 2692 ma-

119 2704 216 2745 dem,
244 2706 359 2738 mullo
383 2706 530 2746 saepius
553 2706 669 2738 siccae
693 2708 788 2740 sunl.
806 2724 820 2730 -
838 2723 854 2730 -

910 1380 1073 1420 Fereque
1096 1380 1135 1412 id
1159 1380 1198 1411 in
1223 1380 1358 1421 capillo
1382 1380 1432 1422 fit,
1457 1380 1583 1413 rarius
1607 1381 1648 1414 in

911 1428 1044 1469 barba,
1078 1427 1280 1467 aliquanao
1315 1427 1426 1461 etiam
1458 1427 1497 1459 in
1520 1435 1647 1469 super-

911 1475 1007 1507 cilio.
1025 1494 1040 1500 -
1057 1492 1071 1498 -
1091 1475 1317 1508 Commodius
1343 1476 1394 1507 est
1417 1475 1569 1508 subinde
1583 1483 1647 1516 pe-

910 1523 1036 1555 ctendo
1070 1530 1273 1563 repurqare
1312 1521 1434 1564 (unde
1467 1521 1504 1555 h.
1531 1521 1556 1555 1.
1580 1523 1648 1555 im-

907 1570 1028 1612 pexa)
1064 1578 1175 1610 quam
1209 1570 1247 1602 id
1273 1579 1319 1603 ew
1343 1571 1417 1602 toto
1440 1570 1644 1611 prohibere.

911 1635 954 1639 —
965 1616 1154 1659 periuras]
1180 1616 1220 1649 in
1246 1616 1370 1650 soluta
1394 1626 1448 1650 or.
1473 1617 1646 1650 molliore

909 1663 1220 1707 pronuntiatione
1251 1664 1433 1704 peierare.
1461 1682 1503 1686 —
1528 1665 1646 1697 surri-

907 1711 975 1753 pis,
1001 1710 1142 1754 aufers]
1180 1710 1277 1744 illud
1303 1709 1540 1753 clanculum,
1573 1711 1647 1745 hoc

909 1757 957 1790 vi.
975 1776 1021 1781 --
1038 1757 1205 1800 caedere]
1233 1758 1417 1803 „graviter
1435 1758 1646 1801 volnerare,

909 1805 1116 1839 nonnullos
1138 1805 1298 1839 fortasse
1311 1805 1425 1839 etiam
1439 1805 1622 1840 occidere.
1627 1806 1645 1824 “

909 1871 954 1876 ——
978 1861 1126 1886 servos·
1137 1855 1228 1895 tuos,
1255 1861 1343 1893 quos
1369 1861 1455 1886 aere
1477 1853 1644 1896 pararis]

908 1897 1221 1946 ἀργυρωνήτους,
1247 1896 1530 1946 χρυσωνήτους.
1581 1899 1647 1935 Sa-

909 1947 997 1981 lust.
1032 1947 1113 1992 Iug.
1149 1950 1215 1980 31:
1253 1949 1351 1981 servi
1387 1955 1473 1981 aere
1506 1949 1646 1990 parali.

909 1994 983 2034 Qui
1000 1997 1063 2028 tuo
1081 1997 1344 2037 correxerunt,
1368 1994 1647 2029 inconcinnita-

909 2044 984 2076 tem
1016 2042 1204 2086 quandam
1237 2042 1276 2075 in
1311 2042 1474 2076 lectione
1499 2042 1648 2087 volgata

909 2089 1054 2123 odorati
1081 2091 1182 2123 sunt.
1234 2088 1307 2132 „Si
1331 2089 1484 2132 enim“,
1522 2089 1648 2134 inquit

908 2136 1117 2179 Bentleius,
1145 2138 1282 2180 „semel
1308 2139 1388 2170 tuos
1406 2136 1559 2180 dixeris,
1586 2137 1645 2170 ni-

907 2184 963 2218 hil
988 2184 1123 2219 attinet
1155 2184 1222 2219 illa
1246 2184 1414 2218 adiicere
1439 2193 1528 2225 quos
1553 2192 1641 2218 aere

904 2233 1074 2274 pararis,
1109 2236 1152 2266 ut
1182 2243 1230 2266 ne
1260 2231 1395 2266 addam
1419 2240 1540 2265 servos
1565 2233 1647 2265 tuos

908 2288 996 2320 quos
1021 2281 1253 2323 κακοφωνίᾳ
1285 2290 1355 2313 sua
1387 2289 1498 2313 aures
1531 2278 1646 2312 offen-

908 2327 997 2361 dere
1023 2329 1061 2361 et
1084 2326 1315 2360 volnerare.“
1359 2325 1432 2360 Sed
1458 2325 1647 2360 sententia

909 2375 998 2408 satis
1025 2374 1214 2408 concinna
1245 2374 1338 2407 haec
1369 2375 1448 2407 est:
1485 2382 1644 2415 „servos

908 2424 1005 2463 tuos,
1031 2431 1126 2466 quos
1152 2423 1277 2455 tamen
1302 2420 1457 2465 proprio
1476 2430 1562 2454 aere
1580 2430 1645 2464 pa-

908 2469 1023 2512 raris,
1058 2468 1150 2502 adeo
1176 2470 1218 2501 ut
1251 2467 1420 2512 lapidum
1452 2466 1554 2501 iactu
1580 2477 1644 2501 eos

908 2516 1098 2550 caedendo
1139 2515 1287 2548 tibimet
1326 2515 1402 2559 ipsi
1442 2514 1643 2548 maximum

907 2563 1083 2597 damnum
1100 2563 1253 2605 inferas,
1273 2561 1374 2596 unde
1387 2564 1548 2607 augetur
1566 2571 1643 2595 ma-

907 2611 1045 2645 nifesta
1069 2609 1240 2644 insaniae
1271 2609 1451 2653 species.“
1469 2626 1517 2632 -
1530 2609 1642 2649 pueri

905 2677 924 2682 -
934 2658 1104 2700 puellae]
1144 2657 1252 2691 conf.
1278 2655 1352 2691 Sat.
1381 2658 1420 2699 1,
1449 2658 1488 2697 1,
1514 2657 1571 2689 85.
1599 2674 1642 2679 -

904 2703 1154 2747 clamentque]
1191 2704 1247 2738 De
1273 2702 1503 2748 transposita
1526 2701 1644 2747 parti-
