1774 2930
137 132 223 189 408

608 133 817 168 HORA'rn
840 134 1188 170 EPISTOLARUM

254 233 372 277 Inter
402 248 507 290 quos
540 234 789 277 referendus
822 235 934 277 erit?
964 239 1191 280 veteresne
1222 241 1389 294 poetas,

254 303 325 346 An
357 319 462 361 quos
495 309 538 348 et
567 320 773 361 praesens
806 309 849 348 et
879 309 1053 362 postera
1082 312 1258 364 respuat
1289 310 1465 352 aetas?

251 375 339 418 Iste
371 376 542 432 quidem
572 380 740 419 veteres
773 376 885 419 inter
915 382 1098 433 ponetur
1130 379 1325 434 honeste,

253 445 337 494 Qui
367 447 436 489 vel
466 461 614 490 mense
644 447 766 490 brevi
797 447 866 490 vel
895 450 986 490 toto
1017 453 1084 492 est
1114 449 1257 492 iunior
1288 465 1414 493 anno.

251 517 358 559 Utor
387 518 597 574 permisso
630 518 876 574 caudaeque
908 519 1019 575 pilos
1050 523 1098 562 ut
1129 521 1312 577 equinae

1595 522 1650 563 45

251 588 468 630 Paulatim
499 589 612 632 vello
646 592 688 631 et
720 589 844 632 demo
877 604 1026 644 unum,
1059 590 1185 634 demo
1218 595 1262 634 et
1291 592 1395 635 item
1426 606 1570 647 unum,

250 658 367 701 Dum
399 659 522 702 cadat
554 660 700 703 elusus
733 661 901 703 ratione
933 662 1099 703 ruentis
1131 663 1293 717 acervi,

252 729 336 778 Qui
368 730 479 773 redit
509 731 555 772 in
587 730 721 773 fastos
754 735 797 774 et
828 731 1035 775 virtutem
1067 733 1267 775 aestimat
1298 734 1441 788 annis,

249 800 513 858 Miraturque
545 802 677 855 nihil,
710 802 795 844 nisi
828 802 943 858 quod
971 802 1166 846 Libitina
1197 805 1394 847 sacravit.

226 933 282 965 46.
321 934 354 965 et
378 933 473 965 idem
498 931 540 974 E,
566 942 611 965 ex
636 931 720 966 aliis
748 930 864 965 Oodd.
889 931 1108 967 Bentleius:
1143 934 1267 967 itidem
1293 933 1335 977 S,
1360 933 1416 977 M,
1449 935 1559 968 etiam
1585 933 1608 968 b

177 981 215 1012 et
240 989 258 1012 c
298 977 379 1023 (sed
403 980 464 1013 hic
489 979 529 1012 in
555 979 715 1021 rasura),
740 979 830 1012 item
850 978 1084 1024 Guelferbyt.
1111 979 1310 1024 Schmidii,
1335 981 1449 1024 LOts,
1475 982 1607 1014 iterum

178 1025 267 1060 cod.
292 1026 552 1061 Lovaniensis.
595 1026 688 1060 Tres
715 1029 804 1060 sunt
828 1026 1142 1070 interpolationes
1169 1028 1357 1071 diversae,
1385 1038 1514 1063 omnes
1540 1039 1602 1063 ae-

175 1084 249 1118 que
273 1073 523 1118 importunae.
551 1092 593 1097 -
620 1075 678 1107 48.
702 1073 755 1116 in]
781 1073 830 1106 ad
854 1083 950 1108 corr.
977 1084 1014 1116 c,
1040 1074 1115 1108 duo
1143 1074 1323 1109 Schmidii
1350 1077 1388 1110 et
1414 1075 1522 1110 LOts.

128 1193 251 1233 §araia
287 1192 390 1235 finis]
442 1217 459 1235 „
475 1191 652 1226 Definitio
687 1190 867 1236 temporis

130 1241 334 1284 certusque
367 1239 554 1273 terminus
581 1239 732 1272 dirimat
762 1239 868 1272 litem

128 1288 167 1320 et
214 1286 509 1321 controversiam
558 1286 794 1330 componat.“
823 1305 865 1309 —

123 1333 434 1377 perficillrfflunc
458 1335 582 1378 ipsum
608 1333 802 1368 absolvit.“
825 1352 867 1357 -

127 1382 297 1424 deperiit]
340 1380 401 1415 Sic
427 1381 586 1415 Ovidius
613 1381 727 1415 Trist.
752 1383 786 1423 4,
815 1383 870 1422 10,

127 1429 183 1462 82.
209 1429 322 1463 verbo
345 1431 469 1470 perire
494 1439 587 1463 usus
614 1431 671 1462 est
702 1429 791 1462 item
823 1427 870 1462 de

129 1478 248 1509 morte
275 1477 454 1510 naturali.
479 1476 640 1510 Martial.
659 1478 691 1517 8,
711 1478 774 1510 69:
800 1477 871 1510 Mi-

126 1524 224 1556 raris
249 1526 404 1566 veteres,
438 1525 613 1565 Vacerra,
647 1524 760 1565 solos,
797 1524 869 1557 Nec

129 1570 260 1603 laudas
286 1572 357 1604 nisi
380 1574 546 1605 mortuos
577 1573 716 1613 poetas.
761 1573 869 1612 lano-

124 1625 205 1651 scas
235 1619 411 1661 petimus,
441 1620 624 1653 Vacerra:
658 1619 751 1651 tami
787 1619 870 1652 Non

127 1667 198 1707 est,
230 1668 271 1698 ul
293 1666 465 1707 placeam
489 1667 573 1709 libi,
601 1667 794 1708 perire.
823 1684 867 1688 —

126 1730 171 1735 —
194 1715 323 1753 poetas
349 1731 364 1737 -
390 1731 405 1737 -
431 1713 547 1756 aetas]
574 1711 868 1756 ὁμοιοτέλευτον

128 1759 224 1793 conf.
251 1759 293 1793 A.
319 1760 360 1793 P.
387 1763 443 1794 99.
473 1763 550 1794 100.
578 1780 621 1784 -
649 1760 736 1803 Iste]
766 1760 866 1803 „iste

126 1808 236 1848 tuus,
263 1818 375 1851 quem
403 1810 443 1841 tu
469 1807 579 1841 modo
607 1807 865 1852 significasti.“

127 1871 171 1876 —
199 1854 367 1897 honeste]
420 1856 517 1897 „mit
557 1856 698 1896 Ehren,
736 1855 789 1887 ita
826 1856 868 1886 ut

125 1900 239 1934 huius
266 1901 398 1934 iudicii
425 1901 614 1935 neminem
640 1901 783 1945 pudere
802 1901 865 1934 de-

124 1946 246 1982 beat.“

173 2044 326 2076 45—49.
353 2045 494 2077 caudae
512 2062 528 2070 -
545 2061 559 2067 -
579 2043 748 2086 equinae]
773 2042 865 2076 For-

125 2090 224 2123 tasse
256 2090 527 2125 recordabatur
562 2092 673 2124 notae
706 2090 753 2124 de
781 2088 866 2123 Ser-

125 2137 223 2171 torio
272 2138 583 2172 narratiunculae
625 2137 726 2182 apud
766 2137 865 2170 Plut.

125 2183 221 2217 Sert.
250 2186 305 2219 17.
354 2185 412 2228 Is,
446 2188 488 2219 ut
522 2184 665 2219 milites
700 2195 787 2219 suos
819 2184 866 2218 ad

125 2232 367 2267 concordiam
405 2235 443 2267 et
474 2232 695 2277 patientiam
729 2231 865 2266 adhor-

123 2280 289 2322 taretur,
328 2280 554 2324 produxisse
592 2279 734 2313 dicitur
771 2279 865 2313 duos

125 2335 261 2369 equos,
287 2327 447 2362 alterum
474 2328 586 2372 plane
611 2326 803 2360 infirmum
830 2328 866 2360 et

124 2372 199 2406 iam
236 2376 422 2417 veterem,
464 2375 624 2409 alterum
662 2384 865 2418 procerum

125 2421 162 2453 et
194 2420 392 2455 robustum
426 2425 463 2456 et
497 2422 653 2456 caudam
686 2421 783 2455 mira
807 2421 864 2465 pi-

122 2467 246 2500 lorum
289 2469 489 2503 crebritate
532 2469 743 2503 habentem.
801 2468 863 2501 In-

123 2513 230 2548 firmo
269 2526 366 2560 equo
404 2516 576 2550 adstabat
611 2516 667 2549 vir
705 2525 863 2560 magnus

124 2564 162 2594 et
187 2561 352 2605 validus,
383 2563 539 2597 robusto
565 2574 704 2607 parvus
731 2573 775 2596 ac
800 2562 864 2596 de-

124 2607 233 2652 bilis;
271 2609 346 2644 iam
384 2621 467 2644 cum
506 2613 666 2655 uterque
706 2610 863 2644 caudam

124 2665 222 2699 equo
249 2658 411 2693 evellere
443 2658 652 2700 iuberetur,
683 2657 864 2692 robustus

123 2702 263 2736 infirmi
290 2706 378 2750 equi
405 2705 559 2740 caudam
588 2707 720 2746 totam,
759 2704 863 2738 debi-

917 1192 965 1226 lis
983 1192 1129 1226 robusti
1160 1193 1329 1238 singulos
1354 1193 1464 1237 pilos,
1490 1193 1555 1227 ille
1573 1194 1658 1238 qui-

917 1239 1001 1273 dem
1027 1239 1147 1273 risum
1178 1240 1440 1284 spectantibus
1471 1240 1657 1284 praebuit,

917 1286 977 1320 hic
1003 1287 1085 1320 sine
1112 1288 1233 1322 multo
1259 1287 1387 1321 labore
1412 1297 1552 1332 equum
1570 1297 1657 1321 cau-

920 1333 967 1367 da
1003 1334 1175 1378 privavit.
1225 1333 1331 1369 Conf.
1364 1334 1476 1368 etiam
1513 1335 1658 1379 sophis-

919 1392 979 1416 ma
1011 1377 1258 1429 (Φαλακρόν)
1289 1381 1489 1416 Eubulidis
1519 1381 1658 1416 Milesii

920 1428 1051 1474 (Diog.
1076 1428 1203 1463 Laert.
1230 1431 1270 1472 2,
1298 1429 1409 1471 108),
1442 1428 1580 1464 soritae
1606 1429 1656 1464 si-

919 1476 1020 1519 mile,
1046 1487 1122 1521 quo
1149 1477 1361 1521 quaesitum
1378 1475 1539 1519 videtur,
1564 1479 1658 1521 quot

920 1524 1005 1567 quis
1030 1523 1119 1568 pilis
1145 1523 1323 1568 deinceps
1348 1524 1496 1558 amissis
1528 1524 1656 1558 calvus

919 1571 1165 1615 appellandus
1196 1573 1308 1605 esset.
1333 1590 1379 1595 -
1405 1574 1438 1604 el
1463 1571 1563 1615 item]
1589 1570 1655 1605 Vi-

919 1618 1029 1652 detur
1063 1618 1247 1652 sermonis
1283 1618 1492 1663 quotidiani
1525 1618 1656 1660 fuisse,

917 1665 1081 1710 ideoque
1106 1666 1231 1710 aptius
1257 1668 1315 1700 est
1339 1666 1519 1710 epistolae
1543 1675 1655 1709 quam

916 1714 1059 1755 itidem3
1105 1714 1212 1746 etiam
1248 1723 1294 1746 ex
1334 1713 1558 1758 glossemate
1595 1713 1654 1746 vel

918 1759 1134 1804 corruptela
1167 1762 1234 1794 est.
1282 1759 1461 1793 Horatius
1495 1769 1541 1792 ex
1577 1761 1656 1793 tota

918 1806 1039 1840 cauda
1065 1806 1206 1850 equina
1231 1805 1377 1840 duobus
1402 1805 1492 1850 pilis
1516 1806 1654 1841 evolsis

916 1863 1128 1887 sermonem
1153 1853 1349 1895 abscindit,
1375 1852 1414 1886 id
1437 1853 1539 1897 quod
1563 1863 1653 1887 sane

915 1901 989 1934 alio
1022 1900 1136 1934 verbo
1171 1911 1284 1945 quam
1321 1901 1432 1934 etiam
1469 1900 1654 1934 indicare-

914 1950 976 1981 tur
1011 1957 1167 1981 necesse
1200 1947 1282 1981 fuit.
1308 1966 1353 1971 —
1379 1949 1488 1981 cadat
1518 1947 1653 1991 elusus]

915 1997 958 2029 ut
990 1995 1174 2039 gladiator
1209 1994 1254 2028 ab
1285 1994 1502 2029 adversario
1535 1997 1654 2029 artem

914 2042 1032 2087 magis
1071 2042 1231 2076 callente
1271 2042 1392 2075 elusus
1429 2044 1466 2076 et
1503 2042 1654 2076 tandem

915 2089 1038 2124 victus
1085 2089 1264 2123 concidit.
1291 2108 1334 2112 —
1359 2090 1503 2123 ratione
1543 2097 1653 2123 ruen-

916 2138 960 2170 tis
987 2136 1122 2179 acervi]
1157 2136 1316 2179 „eodem
1339 2136 1461 2179 modo,
1487 2147 1562 2181 quo
1590 2147 1654 2170 ne-

915 2183 1078 2218 cessario
1114 2184 1256 2218 corruit
1293 2183 1444 2217 tandem
1482 2193 1654 2226 acervus,

915 2232 977 2265 cui
1011 2231 1190 2265 continuo
1224 2241 1345 2264 unum
1377 2241 1536 2276 granum
1568 2234 1654 2275 post

915 2279 1076 2313 alterum
1101 2278 1351 2321 subtraxeris3
1378 2288 1464 2312 cum
1480 2278 1577 2312 scita
1594 2288 1652 2312 so-

914 2326 1010 2360 ritae
1044 2336 1072 2359 s.
1105 2326 1433 2367 argumentationis
1471 2326 1652 2360 acervatis

915 2373 1017 2415 (Cic.
1043 2372 1089 2406 de
1122 2372 1286 2407 Divinat.
1313 2374 1352 2414 2,
1377 2374 1418 2415 4,
1447 2374 1501 2406 11.
1557 2371 1652 2406 Aca-

915 2420 1011 2454 dem.
1038 2422 1079 2462 2,
1108 2422 1166 2461 16,
1193 2420 1264 2462 49.)
1291 2419 1579 2464 significatione.
1606 2438 1650 2443 —

915 2469 987 2509 Qui
1018 2467 1112 2501 redit
1146 2468 1186 2499 in
1217 2467 1350 2510 fastos]
1395 2467 1498 2508 „Qui
1536 2466 1649 2500 unice

914 2514 1150 2559 antiquitatis
1175 2514 1360 2548 rationem
1391 2514 1498 2548 init.“
1547 2513 1650 2547 Haeo

914 2561 1026 2595 lectio
1045 2562 1179 2595 melius
1199 2571 1311 2605 quam
1328 2561 1447 2595 altera
1470 2562 1520 2594 ad
1535 2561 1648 2601 fastos

913 2608 1099 2654 significat
1121 2608 1357 2653 antiquarios
1380 2607 1473 2642 istos
1491 2617 1649 2652 operose

915 2666 1096 2700 quaerere
1121 2656 1160 2689 in
1191 2655 1298 2689 fastis
1323 2654 1456 2689 aetatis
1482 2654 1651 2699 singulo-

914 2714 998 2738 rum
1025 2703 1252 2747 scriptorum
1277 2701 1502 2738 testimonia.
1535 2702 1648 2736 Prae-
