1786 2912
169 115 252 156 120

669 113 879 149 HORATH
904 114 1188 149 SATIRARUM

282 215 469 270 Mollius,
502 230 551 258 ac
582 216 620 257 si
652 216 746 271 quis
778 215 959 272 pedibus
993 215 1095 271 quid
1125 216 1321 259 claudere
1353 217 1481 272 senis,

283 287 380 329 Hoc
410 290 578 329 tantum
609 290 836 329 contentus
869 290 984 329 amet
1015 288 1238 343 scripsisse
1269 288 1474 331 ducentos

1631 288 1695 331 60·

281 357 396 401 Ante
429 358 572 400 cibum
603 372 768 411 versus,
800 357 979 400 totidem
1012 362 1212 413 cenatus3
1243 358 1417 402 Etrusci

283 428 419 477 Quale
451 428 532 470 fuit
565 428 691 471 Cassi
723 428 872 485 rapido
904 428 1141 472 ferventius
1174 430 1288 472 amni

281 499 520 556 Ingenium,
555 501 696 556 capsis
731 514 858 556 quem
889 499 1003 542 fama
1035 504 1102 542 est
1134 515 1230 543 esse
1261 501 1468 557 librisque

281 570 540 613 Ambustum
571 572 771 628 propriis.

816 570 966 614 Fuerit
995 571 1204 626 Lucilius,
1237 572 1426 628 inquam,

282 642 427 684 Comis
460 647 503 685 et
533 643 743 696 urbanus,
776 642 905 685 fuerit
937 643 1124 684 limatior
1155 643 1269 685 idem

1631 645 1684 685 65

282 713 421 762 Quam
452 713 568 755 rudis
602 718 645 756 et
679 714 857 756 Graecis
895 714 1044 756 intacti
1077 714 1276 756 carminis
1308 717 1468 768 auctor,

159 844 326 898 Longin.
350 847 395 878 8:
422 845 684 888 πεποιηαένην
709 842 810 886 λέξιν
835 855 901 877 και

162 888 361 938 τροπικήν,
388 892 450 925 cui
468 892 672 936 opponitur
698 889 742 924 τὸ
760 888 902 935 ἁτοὶη-

162 949 239 972 τοι.
268 939 343 972 Cic.
370 939 416 972 de
443 938 545 973 Orat.
572 941 679 981 3‚48,
700 941 789 972 184:
817 948 901 972 ora-

161 987 314 1029 tionem,
349 995 443 1027 quae
476 988 623 1027 quidem
654 965 699 1020 s'it
722 988 841 1028 polita
867 990 900 1020 et

160 1035 263 1075 sacta
290 1036 447 1074 quodam
472 1036 590 1067 modo.

209 1083 360 1115 59—64.
387 1091 431 1115 ac
454 1083 486 1114 si
511 1081 597 1124 cet.]
633 1092 777 1126 „quam
804 1092 900 1126 quos

160 1128 242 1173 ipse
269 1128 387 1162 nimia
411 1129 654 1163 festinatione
690 1140 782 1163 usus
809 1129 901 1162 effu-

160 1176 277 1209 tivit.“
328 1176 384 1210 De
418 1177 620 1221 particulis
653 1186 697 1210 ac
728 1180 765 1210 et
790 1179 900 1217 atque

160 1226 246 1267 post
279 1225 575 1268 comparativum
606 1224 692 1258 vide
725 1235 840 1268 supra
865 1235 898 1257 V.

159 1272 218 1304 34.
244 1274 282 1305 et
312 1271 360 1304 ad
386 1271 461 1306 Sat.
494 1274 532 1313 1,
558 1274 599 1314 6,
626 1273 706 1306 130.
733 1290 776 1295 —
799 1272 901 1313 pedi-

160 1319 254 1351 bus·
270 1319 441 1352 claudere
466 1318 576 1361 sem's]
610 1318 685 1353 Sat.
712 1321 744 1361 2,
773 1321 805 1361 l,
831 1321 899 1352 28:

158 1374 216 1398 me
240 1367 391 1407 pedibus
410 1367 565 1399 delectat
592 1367 763 1400 claudere
787 1367 900 1400 verba

159 1414 279 1446 Lucili
315 1414 403 1447 ritu.
454 1413 561 1447 conf.
600 1413 647 1448 ad
687 1413 760 1447 Sat.
800 1416 840 1455 1,
866 1415 899 1456 4,

159 1462 216 1494 40.
243 1480 288 1484 -
314 1462 395 1494 Hoc
421 1463 564 1494 lantum
582 1461 783 1504 contentus]
808 1460 900 1495 Pro-

158 1508 312 1541 nomine
337 1509 402 1541 hoc
427 1511 653 1552 repetuntur
675 1509 789 1543 verba
813 1519 899 1552 pro-

158 1554 259 1588 xime
309 1556 579 1599 praecedentia
618 1557 770 1597 pedibus
812 1557 900 1596 quid

158 1603 331 1636 claudere
355 1604 472 1646 scni33
514 1603 612 1643 „hac
639 1614 717 1636 una
742 1614 783 1636 re
811 1613 899 1636 con-

158 1651 306 1692 tentus,
343 1652 387 1684 ut
420 1650 571 1684 claudat
605 1650 696 1694 quid
725 1649 898 1684 versibus

159 1696 420 1732 hexametris.“
457 1717 500 1721 -
534 1697 758 1740 scrint-6355«3]¹
790 1695 900 1744 ἀορί-

160 1755 270 1786 στως.
297 1764 340 1768 —-
367 1747 538 1779 ducentos
565 1745 650 1787 cet.]
689 1744 764 1778 Sat.
791 1746 831 1785 1,
857 1746 898 1787 4,

159 1794 204 1825 9:
229 1793 268 1824 in
292 1794 385 1826 hora
409 1801 517 1834 saepe
542 1794 724 1833 ducentos,
754 1794 795 1825 Ul
820 1800 899 1824 ma-

160 1848 290 1881 qnwm,
328 1849 454 1874 versus
484 1841 646 1873 dictabat
680 1838 897 1882 (Lucilius)

158 1889 258 1919 stans
272 1888 364 1928 pede
380 1889 421 1920 in
438 1896 522 1920 uno.
533 1906 575 1910 —-
586 1887 898 1929 Etrusci—-Cassij

160 1933 314 1968 Cassius
340 1935 403 1968 hic
429 1935 602 1969 diversus
628 1934 701 1968 fuit
725 1945 748 1968 a
768 1933 898 1968 Cassio

158 1980 377 2024 Parmensi,
420 1992 505 2015 cum
544 1982 657 2016 laude
693 1983 897 2015 memorato

158 2028 252 2072 Epp.
285 2031 324 2072 1,
351 2032 392 2072 4,
420 2031 472 2071 3.‚
511 2029 577 2074 qui
616 2039 691 2073 quo
728 2031 897 2072 tempore

157 2076 251 2110 haec
278 2076 394 2110 satira
420 2077 628 2121 composita
653 2078 727 2119 est,
760 2086 792 2109 a.
810 2087 847 2109 u.
866 2086 897 2109 c.

160 2124 253 2165 723„
271 2124 310 2157 in
329 2123 424 2158 vivis
443 2127 534 2158 erat.
559 2124 771 2162 Praeterea,
790 2123 898 2167 quid-

159 2170 250 2214 quid
289 2171 423 2205 dicunt
462 2170 711 2214 Scholiastae,
751 2170 898 2213 Parma,

157 2216 338 2251 Boiorum
360 2219 526 2262 primum
545 2219 735 2263 oppidum,
761 2218 897 2252 deinde

159 2265 310 2298 colonia
341 2266 510 2300 Romana
542 2266 583 2299 in
619 2266 744 2300 Gallia
769 2265 897 2310 Cispa-

159 2311 277 2354 dana,
311 2313 357 2346 ad
383 2313 571 2347 Etruriam
605 2313 743 2347 referri
774 2313 898 2346 neuti-

159 2370 271 2403 quam
298 2363 457 2404 poterat.
502 2360 611 2399 Quod
638 2363 764 2395 autem
791 2360 897 2394 Gom-

157 2409 344 2440 mentator
385 2407 499 2452 Cruq.
535 2408 672 2441 tradit:
714 2408 897 2450 „Cassius

158 2454 299 2488 multos
317 2465 450 2488 versus
468 2455 575 2499 parvi
600 2455 780 2489 momenti
807 2455 898 2489 scri-

158 2500 290 2544 bebat;
307 2500 392 2535 ideo
407 2506 492 2545 post
506 2503 587 2536 eius
602 2506 759 2536 mortem
769 2503 898 2536 decre-

159 2548 212 2581 vit
235 2550 400 2591 senatus,
427 2553 469 2582 ut
492 2549 581 2582 libri
607 2560 691 2582 cum
716 2550 896 2584 cadavere

159 2597 465 2630 exurerentur:“
515 2607 673 2640 prorsus
715 2597 897 2631 absonum

159 2653 261 2684 esse,
288 2643 381 2677 scite
408 2643 679 2677 demonstravit
703 2644 898 2678 Weichert

159 2690 204 2722 de
232 2690 371 2735 Cassio?
389 2691 509 2724 Parm.
536 2701 572 2734 p.
592 2692 672 2724 219.
700 2691 801 2730 Quin
827 2693 897 2725 hoc

948 844 1090 888 ipsum,
1117 844 1221 889 quod
1246 846 1376 879 narrat
1399 844 1598 887 Horatius,
1623 855 1685 878 ur-

950 891 1039 925 bani
1073 891 1236 926 alicuius
1269 891 1431 926 hominis
1466 902 1510 926 ac
1543 891 1686 927 deriso-

949 939 1002 972 ris
1045 939 1116 973 fuit
1157 940 1363 973 inventum.
1396 959 1439 963 -—
1473 940 1685 982 ferventius]

949 986 1011 1019 hie
1052 987 1151 1020 mala
1192 986 1481 1032 significatione.
1547 987 1687 1022 Contra

950 1033 1018 1067 Od.
1045 1037 1085 1076 4,
1112 1036 1154 1076 2,
1179 1036 1200 1068 7
1215 1045 1223 1068 :
1260 1035 1389 1068 Fervet
1421 1035 1687 1076 immensusque

948 1083 1026 1114 ruit
1064 1083 1250 1123 profundo
1291 1083 1475 1115 Pindarus
1524 1090 1599 1115 ore.
1643 1100 1686 1106 —
1702 1080 1717 1093 ⁶

949 1130 1068 1170 capsis
1095 1137 1202 1170 quem
1226 1130 1331 1170 sama
1357 1131 1408 1162 est
1433 1129 1519 1172 cet.]
1546 1130 1687 1172 „cuius

949 1178 1053 1210 tanta
1079 1179 1160 1210 erat
1184 1176 1368 1210 librorum
1395 1176 1441 1211 ab
1464 1187 1508 1211 eo
1527 1177 1687 1222 scripto-

948 1234 1033 1256 rum
1059 1226 1096 1257 et
1114 1234 1323 1268 capsarum,
1349 1224 1390 1258 in
1408 1224 1547 1268 quibus
1566 1234 1687 1259 asser·
1701 1227 1709 1237 ‘

949 1271 1153 1313 vabantur,
1179 1271 1305 1315 eopia,
1337 1273 1380 1304 ut
1404 1271 1486 1305 eius
1511 1271 1687 1306 cadaveri

948 1318 1203 1352 comburendo
1243 1318 1503 1353 sufficerent.“
1531 1337 1575 1343 —-
1602 1320 1686 1357 Am-

949 1365 1106 1408 bustu-m]
1140 1365 1209 1400 Od.
1235 1367 1276 1409 4,
1305 1368 1368 1408 n,
1394 1367 1462 1399 25:
1499 1363 1686 1400 ammaus

948 1414 1146 1447 Phaethon.
1171 1412 1353 1447 Consulto
1378 1413 1506 1447 mitius
1531 1413 1687 1447 verbum

949 1460 1081 1505 elegit,
1116 1471 1164 1494 ne
1190 1461 1302 1494 nimis
1326 1471 1406 1494 rem
1433 1464 1687 1506 exaggeraret,

949 1518 1025 1541 non
1064 1509 1307 1550 combustum,
1350 1510 1393 1541 ut
1430 1507 1546 1542 Codd.
1585 1507 1687 1552 apud

948 1554 1077 1589 Lamb.
1121 1558 1157 1589 et
1204 1554 1404 1589 Markland
1455 1555 1684 1589 coniectura.

949 1602 1024 1635 Cfr.
1067 1605 1190 1636 tamen
1242 1602 1353 1636 etiam
1399 1602 1592 1646 Inscriptt.
1635 1613 1683 1635 m.

948 1649 1071 1682 Latin.
1097 1649 1140 1683 N.
1168 1651 1271 1683 2602.
1298 1649 1344 1683 de
1370 1649 1560 1683 Enehari:
1586 1650 1684 1682 Lau-

947 1697 1029 1738 des,
1062 1698 1169 1730 decus
1193 1697 1308 1730 Silem
1340 1698 1505 1730 ambusto
1535 1704 1686 1738 corpore

949 1746 982 1777 et
1010 1739 1237 1777 lelo‘lacent.
1262 1743 1346 1778 Nisi
1363 1754 1452 1778 vero
1478 1743 1596 1778 mavis
1625 1754 1687 1777 ex-

947 1791 1083 1835 plicari
1121 1793 1328 1824 ambustum
1364 1791 1528 1835 primum
1563 1791 1685 1835 capsis

948 1841 986 1872 et
1010 1837 1138 1881 libris,
1178 1838 1314 1872 deinde
1349 1839 1431 1884 ipso
1467 1849 1557 1884 rogo
1588 1846 1687 1872 com-

949 1887 1102 1919 bustum.

996 1935 1117 1967 64-67.
1135 1933 1275 1976 Fuerit]
1298 1933 1359 1975 „id
1377 1933 1479 1977 quod
1496 1943 1562 1967 vos
1580 1932 1685 1966 iden-

948 1980 1064 2014 tidem
1090 1981 1236 2023 dicifis,
1271 1991 1341 2025 ego
1372 1991 1449 2014 non
1481 1979 1612 2025 nego.“
1640 1999 1683 2002 —

950 2029 1069 2069 Quam
1082 2029 1185 2061 rudis
1204 2028 1289 2071 cet.]
1318 2037 1453 2072 „quam
1472 2027 1684 2072 exspectari

947 2078 1096 2119 poterat
1121 2076 1168 2110 ab
1193 2077 1347 2109 auctore
1374 2074 1552 2108 carminis
1578 2073 1685 2108 rudis

948 2126 985 2156 et
1003 2122 1158 2157 Graecis
1177 2123 1342 2156 intacti.“
1369 2121 1529 2167 Egregie
1547 2121 1594 2155 de
1615 2120 1686 2155 dif-

947 2170 1036 2203 ficili
1074 2171 1146 2204 hoc
1183 2171 1267 2204 loco
1301 2170 1457 2203 meritus
1491 2170 1548 2203 est
1578 2167 1617 2202 C.
1643 2168 1684 2201 F.

947 2217 1188 2251 Hermannus
1211 2218 1252 2250 in
1272 2217 1404 2262 Progr.
1421 2215 1683 2260 Marburgensi

951 2267 1064 2307 1841„
1089 2265 1199 2299 cuius
1217 2264 1568 2308 interpretationem
1582 2272 1684 2296 nunc

948 2323 1107 2356 sequor,
1140 2312 1192 2346 ita
1218 2314 1260 2344 ut
1284 2311 1465 2344 Horatius
1490 2310 1606 2343 verba
1629 2309 1685 2343 fa-

948 2360 1022 2393 ciat
1055 2360 1102 2394 de
1133 2358 1299 2399 Lucilio,
1332 2368 1410 2392 non
1444 2356 1685 2402 quemadmo-

947 2406 1036 2440 dum
1061 2406 1234 2452 plerique
1260 2406 1449 2446 statuunt,
1475 2404 1522 2438 de
1545 2404 1683 2438 Ennio.

946 2454 987 2487 P.
1015 2456 1083 2488 47.
1074 2465 1083 2473 ·
1110 2453 1302 2496 „Primum
1318 2454 1410 2486 rude
1428 2462 1505 2485 non
1524 2453 1582 2486 est
1598 2462 1683 2496 pra-

946 2511 1032 2534 vum
1051 2479 1407 2541 ve1”man0um,sed
1432 2499 1525 2533 artis
1550 2508 1683 2543 expers

947 2551 984 2582 et
997 2548 1220 2593 impolitum,
1234 2546 1336 2591 quod
1350 2546 1440 2580 lima
1454 2548 1579 2580 careat
1596 2555 1684 2580 nec-

947 2596 1035 2629 dum
1061 2595 1266 2629 multorum
1291 2593 1487 2628 hominum
1508 2592 1683 2626 manibus

947 2645 1146 2677 tractatum
1188 2642 1256 2684 sit,
1296 2641 1349 2675 ita
1391 2643 1433 2674 ut
1473 2639 1682 2684 sequentia,

947 2690 1086 2735 quibus
1126 2690 1276 2724 Graecis
1315 2687 1493 2721 intactum
1530 2686 1683 2728 dicitur,
