1786 2912
682 151 778 188 Lm.
799 153 850 188 11.
900 152 1003 188 SAT.
1025 152 1094 187 m.

1592 154 1646 194 41

252 254 363 299 Cum
390 258 696 312 prorepserunt
724 254 875 310 primis
906 253 1109 296 animalia
1136 253 1286 306 terris,

250 325 418 368 Mutum
437 329 481 369 et
500 330 626 382 turpe
644 338 790 381 meus,
812 323 1012 380 glandem
1031 327 1161 380 atque
1177 323 1336 366 cubilia
1355 328 1532 380 propter
1566 323 1650 365 100

202 438 207 440 .
251 396 476 453 Unguibus
506 399 551 439 et
578 396 754 452 pugnis,
786 394 887 438 dein
916 394 1121 447 fustibus,
1154 398 1283 450 atque
1313 394 1376 436 ita
1405 407 1531 450 porro

243 466 510 523 Pugnabant
539 467 687 519 armis,
720 479 830 522 quae
859 468 959 522 post
988 464 1271 508 fabricaverat
1299 478 1425 517 usus,

249 537 400 580 Donec
429 537 579 590 verba,
613 537 768 592 quibus
798 549 925 579 voces
957 549 1196 591 sensusque
1227 539 1445 588 notarent,

249 607 520 664 Nominaque
550 608 776 660 invenere3
808 606 965 650 dehine
995 606 1206 648 absistere
1235 605 1369 659 bello,

253 678 423 735 Oppida
453 681 686 734 coeperunt
715 677 882 720 munire
913 681 956 719 et
986 690 1148 733 ponere
1178 676 1321 732 leges,

1567 676 1652 718 105

250 748 319 792 Ne
349 749 445 806 quis
475 748 544 791 fur
574 752 709 801 esset,
741 761 827 790 neu
855 747 986 801 latro,
1016 761 1102 790 neu
1133 747 1228 803 quis
1262 746 1442 789 adulter.

134 877 259 913 Laert.
286 879 517 920 10,150.ex
534 876 691 933 Epicuri
708 876 868 931 Κυρίαις

134 922 266 968 δόξαις
281 925 374 959 haec
390 925 516 959 affert.
544 922 597 957 Τὸ
622 923 691 968 τῆς
713 920 869 965 φύσεως

135 970 286 1006 δίκαιον
302 971 384 1006 ἐστὶ
401 968 601 1015 σύμβολον
618 971 688 1004 τοῦ
714 973 868 1014 συμφέ-

206 1030 287 1062 rog,
312 1020 367 1061 εις
390 1017 435 1052 τὸ
458 1016 516 1063 μὴ
540 1013 724 1058 βλάπτειν
747 1015 868 1073 αλλή-

158 1077 227 1109 ους
249 1065 347 1110 μηδὲ
370 1063 620 1106 βλάπτεσθαι.
630 1063 794 1098 ---οὗκ
819 1066 869 1122 ἠν

134 1123 173 1147 τι
194 1113 283 1147 καθ’
307 1111 424 1147 ἑαυτὸ
456 1110 702 1156 δικαιοσύνη,
735 1110 817 1144 ἀλλ’
842 1108 869 1156 ἧ

134 1160 176 1194 ἐν
134 1164 285 1203 ενταϊς
314 1162 398 1204 μετ’
428 1157 604 1215 ἀλλήλων
629 1170 726 1193 συσπ
775 1163 871 1201 φαΐς

134 1207 225 1241 καθ’
258 1205 467 1263 ὁπηλικους
498 1204 547 1251 δή
580 1217 670 1241 ποτε
702 1203 723 1240 ἔ
745 1218 779 1240 ει
803 1203 871 1240 τό-

135 1265 233 1298 κους
248 1251 449 1311 συνθήκην
466 1252 551 1288 τινὰ
568 1254 765 1288 ποιεῖσθαι
776 1251 870 1302 ὑπὲρ

135 1312 206 1383 {5⁶0⁰
226 1298 579 1392 ὥῗειῗῖῗἯᾏη
585 1298 870 1392 .ἓῖ”ἑῖ)ἶ,”“ἷ;

138 1397 172 1437 6,
200 1398 231 1429 1.
250 1415 295 1420 —
318 1395 452 1438 mater]
476 1395 594 1430 Rutil.
619 1395 752 1439 Lupus
770 1397 803 1437 2,
830 1397 871 1429 6:

140 1443 374 1476 macutum
405 1445 526 1476 mater
559 1446 609 1476 est
643 1443 807 1476 avaritia
839 1444 872 1475 et

137 1491 250 1531 pam
270 1491 390 1531 [uror.

185 1537 332 1571 99-106.
365 1538 454 1571 cum
482 1540 746 1578 prorepserunt
780 1537 871 1580 oet]

138 1581 232 1617 Loci
267 1583 411 1618 similes
444 1583 491 1617 de
521 1583 642 1628 primo
676 1584 871 1618 hominm

138 1632 240 1664 statu
276 1633 369 1665 sunt
396 1630 546 1664 'Critiae
582 1630 698 1664 Baoh.
731 1642 767 1675 p.
801 1633 872 1674 56.,

136 1675 367 1712 Ποεοὶιίοιιίε
392 1677 493 1722 apud
511 1677 611 1711 Stob.
637 1677 679 1711 Ε
696 1677 764 1711 Ph
788 1678 816 1711 Ι.
835 1690 872 1722 p.

138 1724 220 1758 240.
252 1723 299 1758 H.
331 1724 483 1759 Lucret-
510 1727 543 1767 5,
575 1726 645 1759 788
671 1735 756 1770 sqq.
804 1725 872 1759 Vi-

137 1773 307 1817 trum2,
342 1774 374 1805 1.
423 1771 581 1806 Critias.
622 1772 687 1805 Ἠν
719 1769 862 1820 χρόνος

137 1812 195 1851 ὅτ’
209 1817 265 1873 ἦν
273 1814 439 1861 ἄτακτος
459 1815 672 1874 ἀνθρώπων
689 1818 782 1864 ,βίος
798 1820 874 1853 Καὶ

137 1862 344 1946 θηῖιόδὲς,
369 1863 503 1908 ἰσχύος
526 1851 558 1898 δ’
578 1863 780 1914 ὕπηοέτης,
793 1864 872 1900 “Or'

310 1912 403 1946 θλον
439 1924 527 1946 ουτε
559 1918 642 1955 τοῖς
674 1914 873 1948 ἐσθλοῖσιν

138 1959 205 2003 ῆν,
239 1957 326 1993 οὔτ’
350 1960 400 1993 αὐ
425 1958 608 2004 κόλασμα
634 1966 714 2003 τοῖς
737 1966 875 2004 κακοῖς

138 2006 319 2063 &tyn-ro·
368 2003 539 2042 Κᾶπειτα
579 2020 650 2051 μοι
689 2008 873 2042 δοκοῦσιν

136 2054 338 2108 ανθρωκοι
352 2052 498 2098 νόμους
514 2055 664 2089 Θέσθω
680 2054 875 2099 κολαστὰς

138 2097 320 2144 ἀνομίης,
347 2102 392 2135 ἵν’
417 2100 443 2145 ἦ
467 2101 556 2145 δίκη
580 2103 711 2157 Κρατῇ
735 2101 873 2158 τύραν-

138 2158 217 2189 νος,
234 2146 306 2192 τήν
324 2148 359 2181 θ’
376 2145 488 2206 ὕβριν
504 2146 646 2192 δούλην
662 2146 745 2196 ἐχη-
769 2149 874 2194 Ἐζη-

138 2194 279 2237 μιοῦτο
302 2195 335 2227 δ’
360 2194 399 2228 εἴ
418 2206 474 2237 τις
506 2193 762 2243 ἐξαμαρτάνοι
794 2197 872 2230 κτλ.

140 2241 218 2275 Gfr.
244 2242 355 2277 etiam
381 2242 542 2276 Luciani
567 2243 725 2277 Amores
752 2246 808 2278 33.
827 2264 871 2268 —

136 2289 291 2330 Μῆδ-
301 2289 431 2333 emis]
466 2299 583 2332 „nova
608 2292 763 2324 tellure*
798 2290 873 2324 Lu-

140 2338 231 2370 cret.
248 2337 318 2371 l.1.
342 2336 472 2370 Iuven.
500 2340 532 2379 6,
561 2340 623 2371 11:
650 2339 761 2371 aliter
787 2340 872 2372 tunc

140 2384 226 2416 orbe
242 2390 335 2418 novo
352 2386 526 2425 caeloque
539 2387 677 2420 recenti
697 2387 872 2420 vivebam

141 2431 314 2467 hommes.
340 2450 384 2455 ——
411 2433 613 2476 ammana]
639 2433 685 2467 de
709 2434 873 2467 homini-

139 2475 211 2510 bus
234 2477 420 2522 imprimis
444 2479 625 2523 loquitur.
639 2495 688 2504 ·--
713 2481 872 2524 Mutum]

141 2523 247 2564 ‚sine
272 2525 405 2577 lingua
436 2526 667 2560 articulatim
692 2528 873 2562 distincta

140 2572 178 2604 et
202 2570 249 2604 ad
272 2575 335 2606 res
351 2572 535 2607 notandas
559 2575 678 2618 apta.“
707 2574 769 2609 Sic
793 2584 873 2610 mu-

140 2618 200 2650 tae
230 2619 366 2653 bestiae
390 2619 467 2653 Cic.
501 2620 546 2654 de
571 2620 730 2656 Finibus
758 2624 788 2664 1,
815 2625 871 2664 21,

139 2664 197 2696 71.
216 2683 260 2689 -
274 2665 400 2709 pecus]
428 2666 649 2709 „brutorum
666 2669 787 2703 instar
802 2680 872 2704 ·ra-

139 2709 242 2744 tione
268 2713 473 2747 carentes.“
491 2733 536 2738 ——
554 2715 740 2758 alaudem]
764 2716 871 2762 Virg.

917 875 983 910 Ge.
1020 879 1057 919 1,
1093 878 1138 909 8:
1171 879 1291 910 vestro
1325 875 1478 919 (Liberi
1512 878 1551 909 st
1585 872 1653 910 Ce'-
1684 907 1698 909 ,

916 923 1039 965 reris)
1073 925 1105 956 ει·
1136 931 1286 956 munere
1318 923 1427 956 lellus
1454 924 1653 956 Chaoniam

914 971 1046 1012 pinam·
1094 971 1268 1011 ulandem
1316 971 1473 1003 mutavit
1522 971 1653 1003 amia.

916 1017 1065 1052 vitruv.
1093 1017 1118 1050 l.
1145 1017 1189 1051 1.:
1214 1018 1391 1051 Homines
1415 1018 1531 1051 veteri
1553 1025 1654 1051 more

916 1067 958 1098 ul
991 1066 1095 1106 serae
1129 1066 1167 1097 in
1199 1065 1301 1097 silvis
1337 1067 1371 1097 et
1403 1064 1586 1105 speluncis
1621 1067 1655 1098 et

918 1113 1124 1145 nemoribus
1134 1113 1381 1145 nascebamur
1390 1112 1538 1152 ciboque
1548 1119 1655 1153 aare·

916 1160 964 1192 m·
1001 1160 1178 1193 vescendo
1214 1160 1327 1192 vitam
1366 1160 1569 1200 emebant.
1610 1177 1653 1183 —

917 1205 1183 1248 fabricaverat]
1209 1205 1290 1240 Hac
1315 1205 1436 1240 forma
1452 1206 1575 1239 utitur
1592 1204 1656 1240 Sa-

919 1253 1078 1295 lustius,
1111 1256 1190 1287 tum
1214 1253 1296 1287 fere
1319 1254 1473 1297 poetae,
1506 1253 1657 1297 passiva

919 1301 1101 1341 fabricari
1116 1300 1302 1344 imprimis
1321 1299 1594 1339 Quintilianus.
1610 1318 1654 1324 —-

918 1347 1027 1389 usus]
1079 1347 1353 1391 „indigentia.“
1421 1346 1566 1380 Senon.
1610 1353 1674 1371 —-·

919 1395 1078 1427 verbu„
1087 1393 1332 1436 Nominaque]
1345 1394 1500 1428 Inverso
1519 1393 1655 1429 ordine

921 1438 1250 1484 Θιωοίῗόνόματα
1261 1442 1329 1474 καὶ
1342 1438 1508 1488 ῥήματα,
1526 1451 1656 1476 omnes

921 1488 1105 1523 orationis
1138 1491 1266 1533 partes
1298 1488 1357 1522 his
1384 1488 1582 1532 complexi.
1609 1507 1654 1512 —

920 1535 1037 1579 voces]
1050 1536 1343 1578 Naturlaute,
1362 1545 1476 1570 sonos
1489 1535 1577 1570 illos
1590 1536 1657 1570 ho-

920 1583 1014 1616 mini
1032 1583 1228 1617 naturales
1243 1583 1413 1617 nondum
1431 1585 1572 1617 certam
1589 1582 1659 1617 ali-

921 1641 1031 1674 quam
1057 1630 1251 1664 notionem
1276 1630 1547 1674 exprimentes,
1574 1631 1657 1675 qui-

921 1678 992 1712 bus
1033 1679 1159 1712 tamen
1196 1679 1283 1711 ante
1327 1677 1516 1722 linguam,
1557 1688 1656 1722 quae

920 1724 1075 1770 proprie
1092 1725 1245 1767 dicitur,
1262 1724 1456 1759 inventam
1473 1724 1521 1759 ad
1539 1725 1657 1759 animi

920 1772 1228 1816 perturbationes
1250 1775 1364 1817 etque
1384 1772 1541 1807 affectus
1564 1772 1658 1815 (setun

920 1820 995 1863 sus)
1022 1820 1279 1864 qualicunque
1304 1820 1415 1854 modo
1442 1819 1659 1866 significan-

921 1866 989 1900 dos
1020 1867 1245 1910 utebantur3
1278 1870 1410 1912 postea
1440 1867 1658 1903 inconditos

920 1914 1084 1958 primum
1108 1915 1177 1948 hos
1192 1925 1317 1949 sonos
1342 1914 1575 1949 articulatim
1600 1914 1658 1948 di-

922 1961 1134 2006 stincteque
1153 1963 1380 2006 compositos
1397 1962 1524 1996 verbis
1550 1965 1658 1996 nota-

921 2008 1030 2051 bant,
1055 2009 1095 2042 id
1121 2011 1196 2051 est,
1223 2010 1336 2043 certis
1361 2009 1488 2044 verbis
1516 2012 1658 2044 certam

922 2055 1237 2101 significationem
1271 2056 1548 2099 attribuerunt,
1582 2067 1658 2102 qua

921 2102 962 2136 in
995 2114 1168 2137 sermone
1202 2104 1424 2148 quotidiano
1458 2104 1531 2138 sibi
1570 2114 1658 2139 con-

922 2153 1064 2184 stanter
1090 2153 1127 2184 et
1152 2151 1421 2185 convenienter
1446 2154 1656 2186 uterentur.

926 2198 1031 2230 Voces
1056 2206 1252 2248 sensusque
1278 2200 1336 2232 est
1365 2198 1485 2243 igitur
1510 2198 1657 2253 βραχυ-

922 2243 1034 2287 λογία
1058 2255 1149 2288 pro:
1186 2255 1320 2287 „voces
1346 2245 1508 2300 singulis
1535 2246 1657 2280 sensi-

921 2290 991 2324 bus
1018 2291 1332 2336 respondentes‘,
1364 2292 1405 2326 id
1439 2296 1497 2328 est
1524 2304 1656 2337 „voces

922 2338 1093 2383 singulos
1118 2339 1314 2373 hominum
1333 2350 1468 2376 sensus
1486 2342 1658 2377 indican-

922 2388 978 2420 tes
1010 2386 1138 2431 potius
1171 2398 1284 2432 quam
1318 2388 1418 2423 clare
1452 2390 1656 2424 etiamtunc

922 2434 1197 2469 enuntiantes.“
1223 2434 1372 2469 Vitruv.
1390 2439 1424 2478 2,
1445 2438 1483 2470 1:
1501 2439 1547 2470 In
1565 2437 1656 2482 (pri-

921 2482 1005 2523 mo)
1038 2483 1222 2516 hominum
1247 2492 1441 2525 conor-essu
1466 2493 1547 2518 cum
1569 2493 1656 2526 pro-

921 2530 1169 2570 fundebantur
1202 2531 1313 2564 aliter
1338 2541 1356 2564 e
1380 2533 1513 2572 spiritu
1537 2540 1655 2574 voces,

922 2577 1138 2616 quotidiana
1172 2579 1428 2611 consuetudine
1461 2579 1655 2621 vocabula,

920 2626 960 2655 ut
978 2625 1195 2666 obtinerunt,
1221 2626 1501 2666 constituerunt,-
1527 2626 1656 2660 deinde

920 2671 1160 2713 riquino-ando
1184 2681 1244 2705 res
1267 2673 1414 2713 saepius
1438 2673 1477 2704 in
1501 2681 1583 2715 usu,
1610 2682 1656 2707 ez

923 2719 1048 2751 eventu
1085 2720 1163 2759 fari
1198 2720 1349 2760 fortuito
1388 2722 1585 2760 coepmmt
1621 2723 1655 2753 et
