1774 2930
607 166 701 201 Lm.
723 167 754 201 L
801 165 954 200 EPIST.
977 164 1080 200 xlx.

1506 165 1591 206 393

209 263 282 311 Ac*
302 282 357 310 ne
386 282 455 310 me
485 267 597 310 foliis
627 266 726 310 ideo
754 266 1020 310 brevioribus
1053 280 1196 319 ornes,

210 338 333 388 Quod
361 339 485 380 timui
513 343 679 381 mutare
708 337 856 380 modos
887 341 931 380 et
961 337 1159 380 carminis
1190 340 1351 379 artem:
1372 342 1381 398 ἰ1

209 409 439 465 Temperat
467 408 713 451 Archilochi
742 408 910 450 Musam
939 407 1050 464 pede
1080 407 1268 449 mascula
1299 406 1489 477 Sappho,

210 480 442 536 Temperat
471 479 676 533 Alcaeus,
710 479 786 521 sed
812 479 942 521 rebus
975 483 1018 521 et
1049 478 1196 520 ordine
1227 478 1395 534 diepam

209 550 300 594 Nec
329 564 523 593 socerum
555 550 739 606 quaerit,
771 563 898 605 quem
928 549 1124 591 versibus
1156 549 1319 591 oblinat
1349 549 1469 602 atris,

1538 548 1595 588 30

209 621 300 664 Nec
330 635 512 677 sponsae
543 621 742 677 laqueum
772 620 934 662 famoso
967 620 1153 662 carmine
1185 620 1330 661 nectit.

94 751 434 785 Hermesianactem
472 751 512 792 2,
560 751 616 783 47.
666 749 821 783 Schnei-

96 799 204 833 dew:
233 796 400 838 Λέσβιος
422 796 589 838 Ἀλκαῖος
612 795 650 829 δὲ
677 793 823 837 πόσους

93 843 311 887 (ἐνεδείξατο
326 841 492 887 κώμους,
517 843 702 885 Σατφοῦς
725 854 823 890 φορ-

94 894 211 936 μίζων
252 888 452 939 ἱμερόεντα
498 887 646 933 πόθον,
682 887 824 934 Γιγνώ-

96 949 210 980 σκεις·
244 949 291 972 ex
321 941 479 973 venusta
503 938 549 972 de
574 937 822 971 Anacreontis

96 989 135 1021 et
170 986 341 1031 Sapphus
377 985 567 1020 amoribus
603 984 744 1021 fabula.
779 1003 822 1007 —

95 1041 265 1067 numeros
290 1032 514 1076 animosque]
543 1034 681 1073 „metra
698 1034 735 1065 et
750 1031 823 1065 fer-

96 1089 223 1114 vorem
234 1080 490 1123 impetumque
502 1078 723 1123 poeticum.“
742 1075 823 1111 Hoc

94 1127 198 1160 enim
222 1126 407 1172 significat
430 1136 462 1159 v.
489 1127 622 1167 animi,
654 1136 750 1166 non,
783 1127 824 1159 ut

96 1173 162 1207 alii
186 1176 356 1216 vertunt,
382 1174 499 1215 Geist,
535 1174 657 1215 esprit.
685 1191 727 1195 —
754 1174 823 1205 Ar-

97 1221 261 1264 chilochi]
285 1220 554 1255 Archilochum
578 1220 731 1254 Parium
750 1219 823 1263 Gy-

98 1267 156 1312 gis
173 1267 256 1312 (qui
272 1268 443 1312 regnavit
459 1267 569 1301 annis
587 1278 620 1301 a.
635 1266 721 1300 Chr.
740 1268 825 1300 716-

99 1314 195 1356 678.)
229 1314 423 1358 aequalem
447 1314 566 1348 fuisse
591 1314 684 1347 dicit
708 1313 826 1346 Hero-

101 1360 211 1394 dotus
238 1364 269 1403 1,
298 1363 352 1394 12.
379 1361 575 1394 Cornelius
601 1363 727 1394 autem
750 1359 823 1393 Ne-

98 1417 168 1451 pos
194 1408 276 1452 (ap.
301 1406 466 1442 Gellium
492 1410 556 1449 17,
583 1409 639 1449 21,
665 1407 713 1447 8.)
741 1417 826 1440 eum

99 1454 211 1488 Tullo
250 1454 413 1488 Hostilio
459 1454 598 1488 Romae
645 1456 824 1497 regnante

102 1502 235 1544 (annis
260 1503 459 1542 673-642.)
492 1501 612 1535 fuisse
643 1501 824 1544 poematis

99 1548 245 1582 clarum
271 1550 308 1582 et
332 1548 495 1582 nobilem
522 1547 646 1582 tradit.
671 1547 729 1580 Ad
753 1547 827 1581 Ro-

101 1594 196 1628 muli
228 1597 385 1630 aetatem
423 1606 507 1629 eum
544 1595 659 1628 refert
697 1594 826 1628 Cicero

103 1641 213 1676 Tusc.
254 1645 292 1685 1,
327 1644 366 1684 1‘,
400 1644 432 1675 3.
466 1660 510 1666 ——
543 1650 616 1674 non
650 1651 710 1674 res
743 1641 827 1684 cet.]

104 1688 353 1733 „neutiquam
394 1700 481 1723 vero
523 1688 745 1732 simpliciter
787 1689 827 1721 in

100 1735 276 1770 Latinum
322 1736 489 1770 converti
529 1735 747 1769 Archilochi
787 1736 828 1768 in

100 1783 302 1824 Lycamben
333 1783 491 1828 eiusque
523 1782 620 1816 filias
648 1783 827 1817 iambos.“

102 1829 149 1863 V.
173 1830 220 1863 ad
243 1829 360 1874 Epod.
386 1833 425 1872 6,
452 1832 506 1863 13.
548 1829 655 1863 Ovid.
679 1830 733 1863 Ib.
760 1832 828 1863 53:

99 1877 143 1909 in
166 1878 199 1909 te
221 1878 309 1910 mihi
334 1878 422 1910 liber
444 1878 587 1910 iambus
611 1879 738 1910 Tincta
762 1878 829 1918 Ly-

101 1925 250 1957 cambeo
261 1925 439 1965 sanquine
453 1925 526 1957 tela
539 1925 650 1957 dabit.
662 1943 704 1948 -
720 1932 830 1965 auen-

105 1970 173 2011 tia]
194 1970 406 2014 „agitantia,
422 1971 707 2014 persequentia3
733 1982 829 2015 quae

107 2026 193 2050 eum
226 2016 272 2050 ad
309 2017 556 2061 suspendium
589 2017 829 2062 adegerunt.“

79 2098 83 2101 ,
107 2062 259 2096 Terent.
283 2061 352 2096 Ad.
378 2065 411 2105 3,
436 2066 469 2104 2,
493 2065 558 2096 21:
586 2065 725 2097 Ceteros
749 2072 832 2097 rue-

107 2117 196 2150 rem,
222 2117 408 2152 averem,
434 2118 614 2151 rape-rem,
633 2112 831 2152 ιαπαετεπι,

106 2158 384 2196 prosternerem.
417 2156 534 2200 Epod.
561 2158 600 2197 5,
626 2159 693 2189 89:
731 2158 832 2190 Diris

110 2211 219 2243 aqam
242 2211 304 2236 vos
330 2222 373 2226 —
398 2204 495 2244 soliis
512 2222 527 2228 -
545 2203 672 2246 ornes]
705 2203 773 2237 Od.
799 2207 832 2245 4,

111 2250 143 2290 3,
169 2251 207 2282 6:
232 2250 347 2283 Deliis
372 2251 550 2283 ornatum
574 2251 672 2291 soliis
697 2251 833 2284 ducem.

110 2314 154 2319 —
179 2297 421 2340 brevioribus]
449 2297 719 2339 „minoribus;“
746 2308 833 2339 non,

109 2345 152 2376 ut
174 2342 240 2377 alii
264 2343 414 2386 volunt,
452 2355 557 2387 „mox
581 2344 834 2378 flaccescenti-

110 2389 219 2431 bus,“
259 2390 329 2423 etsi
363 2390 532 2425 novimus
565 2392 672 2425 breve
707 2393 833 2433 lilium,

109 2437 261 2469 nimium
286 2438 406 2471 breves
431 2439 536 2479 liores
560 2446 677 2471 rosae.
718 2439 834 2472 Recte

108 2482 183 2517 iam
220 2483 497 2519 Commentator
534 2484 718 2530 Cruquii:
757 2496 834 2527 „ne

110 2530 255 2565 minore
291 2541 431 2565 corona
470 2543 527 2566 me
565 2532 759 2575 decores;“
799 2535 836 2566 et
862 2530 869 2536 '

110 2575 341 2622 Porphyrio:
379 2589 456 2619 „ne
489 2590 546 2613 me
578 2580 731 2623 parcius
757 2579 835 2613 lau-

110 2621 197 2666 des,
227 2622 414 2669 tamquam
438 2626 479 2659 in
503 2627 632 2660 metris
658 2627 754 2660 nihil
778 2627 836 2660 in-

114 2679 248 2706 novare
272 2672 437 2706 ausum.“
490 2672 571 2714 „Ne
597 2676 658 2715 tu,
691 2673 834 2707 Maece-

114 2718 220 2757 nas,“
261 2718 402 2763 inquit,
445 2720 610 2761 „idcirco
652 2721 834 2755 minorem

871 748 1020 782 laudem
1045 749 1135 782 mihi
1162 749 1372 793 impertias,
1406 748 1506 793 quod
1532 759 1597 782 no-

872 795 926 828 lui
953 806 1176 840 componere
1210 807 1305 830 nova
1339 799 1455 830 metra
1480 799 1518 830 et
1542 797 1598 829 in-

870 842 999 876 venire
1046 853 1166 887 genus
1214 843 1338 887 poesis
1380 843 1535 877 melicae
1577 853 1598 876 a

873 889 1015 924 Graeca
1056 901 1212 934 prorsus
1255 889 1442 924 diversum
1485 890 1599 935 (quia

871 936 986 980 probe
1012 945 1292 981 perspexeram,
1318 937 1446 971 eadem
1470 940 1600 978 metra,

872 983 1010 1028 quibus
1036 983 1172 1017 Graeci
1197 985 1257 1018 usi
1283 987 1382 1024 sunt,
1407 985 1602 1028 aptissima

872 1041 954 1065 esse
981 1030 1136 1064 Latinae
1166 1042 1316 1076 quoque
1342 1032 1480 1075 poesi),
1506 1031 1599 1066 scito

871 1079 1103 1121 temperare“
1130 1082 1201 1112 cet.

920 1127 975 1159 28.
1026 1127 1081 1159 29.
1138 1127 1325 1167 Temperat
1374 1125 1466 1168 cet.]
1515 1125 1602 1159 Noli

873 1175 1094 1206 construere
1122 1183 1206 1206 cum
1231 1173 1337 1207 aliis:
1362 1173 1505 1214 Sappho
1523 1181 1602 1206 ma·

871 1221 975 1252 scula
1001 1222 1175 1261 temperat
1200 1222 1289 1261 pede
1315 1220 1430 1262 (suo)
1456 1221 1602 1254 Musam

874 1267 1095 1308 Archilochi3
1138 1267 1222 1300 sed:
1258 1268 1402 1308 Sappho
1438 1267 1602 1300 mascula

874 1316 1050 1354 temperat
1075 1315 1222 1348 Musam
1249 1315 1392 1355 (suam)
1417 1316 1507 1355 pede
1532 1316 1601 1346 Ar-

875 1361 1025 1393 chilochi
1049 1361 1179 1404 sicque
1205 1361 1317 1394 etiam
1342 1364 1519 1402 temperat
1541 1362 1604 1393 At-

876 1416 999 1447 caeuS,
1035 1407 1134 1440 idem
1159 1408 1249 1441 facit
1273 1408 1440 1452 poen-iae
1465 1418 1605 1452 aequa-

873 1454 921 1487 lis
952 1454 1126 1488 Alcaeus.
1174 1455 1247 1488 Par
1281 1456 1351 1488 hoc
1384 1455 1512 1488 nobile
1546 1466 1604 1489 re-

872 1501 1001 1534 ferunt
1024 1512 1125 1534 nunc
1150 1502 1197 1535 ad
1218 1500 1362 1546 Olymp.
1381 1504 1438 1542 42,
1456 1503 1489 1535 2.
1507 1503 1604 1544 (611.

875 1559 907 1582 a.
947 1547 1057 1590 Chr.)
1102 1548 1279 1593 „Sappho
1323 1552 1360 1583 et
1400 1549 1602 1590 Alcaeus‚“

874 1595 1010 1638 inquit,
1036 1596 1289 1637 „carminibus
1314 1597 1392 1630 suis
1420 1597 1511 1630 scite
1537 1597 1604 1629 im-

875 1643 1109 1676 miscuerunt
1133 1654 1309 1676 numeros
1336 1640 1541 1689 (ῥυθμούς)
1569 1647 1606 1677 et

877 1690 979 1723 varia
1002 1700 1180 1724 versuum
1205 1701 1357 1734 genera,
1384 1691 1521 1734 quibus
1538 1691 1607 1724 Ar-

877 1737 1072 1770 chilochus
1098 1738 1156 1779 (ut
1173 1738 1232 1770 vel
1258 1748 1304 1771 ex
1328 1738 1409 1771 eius
1434 1737 1606 1781 reliquiis

877 1786 1045 1826 constat)
1078 1787 1228 1827 praeter
1261 1784 1402 1818 iambos
1433 1796 1525 1818 usus
1551 1788 1608 1819 est

878 1830 968 1873 (vid.
986 1831 1228 1873 Bentleium),
1246 1831 1313 1865 sed
1332 1831 1501 1876 dispares
1520 1835 1608 1865 sunt

877 1878 934 1911 illi
959 1880 1075 1919 rebus,
1103 1890 1158 1919 eo,
1185 1879 1286 1923 quod
1311 1879 1386 1912 alia
1410 1889 1608 1924 argumen-

879 1929 916 1958 ta
950 1928 1176 1966 tractarunt,
1210 1929 1246 1959 et
1270 1928 1396 1959 ordine
1428 1936 1608 1959 versuum

879 1972 925 2005 ab
942 1972 1168 2006 Archilocho
1187 1973 1437 2015 inventorum,
1465 1984 1510 2006 ex
1528 1974 1610 2017 qui-

879 2020 950 2052 bus
987 2019 1117 2052 Lesbii
1154 2023 1286 2063 poetae
1325 2031 1401 2053 una
1439 2031 1524 2053 cum
1562 2021 1609 2054 iis

881 2076 1120 2099 numerorum
1138 2077 1181 2099 ac
1199 2077 1374 2100 versuum
1394 2067 1610 2111 generibus,

882 2122 976 2155 quae
1019 2112 1091 2155 ipsi
1144 2113 1390 2154 invenerunt,
1438 2114 1610 2157 strophas

881 2169 969 2192 suas
1011 2164 1313 2202 composuerunt.
1362 2160 1485 2204 Atque
1526 2171 1611 2204 pro-

881 2208 963 2248 pter
980 2205 1051 2238 hoc
1064 2206 1232 2247 maxime,
1251 2206 1352 2250 quod
1369 2207 1445 2240 alia
1462 2210 1499 2241 et
1515 2218 1612 2242 nova

882 2256 1101 2296 argumenta
1120 2253 1192 2287 sibi
1208 2258 1501 2297 proposuerunt,
1525 2265 1612 2288 ean-

883 2298 966 2332 dem
999 2299 1148 2333 laudem
1182 2304 1374 2334 merentur
1405 2304 1518 2346 atque
1544 2302 1614 2335 Ar-

883 2346 1089 2386 chilochus,
1107 2348 1222 2381 totius
1237 2348 1387 2392 generis
1401 2348 1610 2382 inventor.“

884 2411 927 2416 ——
942 2393 1047 2436 pede]
1076 2395 1299 2435 „numeris-‘⁶
1328 2395 1402 2429 Cfr.
1429 2395 1497 2429 Od.
1519 2398 1553 2437 4,
1580 2399 1613 2435 6,

883 2442 947 2474 35:
984 2442 1148 2475 Lesbium
1172 2444 1316 2475 servate
1340 2444 1478 2483 pedem.
1502 2444 1546 2476 A.
1572 2443 1612 2476 P.

884 2489 947 2521 79:
971 2489 1227 2522 Archilochum
1242 2491 1393 2530 proprio
1410 2491 1532 2523 rabies
1550 2499 1614 2522 ar-

883 2536 994 2568 mavit
1030 2536 1171 2569 iambo:
1210 2538 1319 2569 Hunc
1355 2539 1449 2569 socci
1487 2545 1614 2577 cepere

881 2583 1009 2622 pedem
1026 2582 1189 2623 (versum
1208 2583 1411 2625 senarium)
1437 2585 1614 2624 orande-³·

885 2636 953 2668 que
979 2630 1154 2662 cothurni.
1182 2649 1224 2653 -—
1250 2631 1417 2663 mascula
1441 2630 1611 2672 Sappho]

886 2686 1024 2719 „quae,
1058 2687 1282 2720 quamquam
1307 2677 1463 2717 mulier,
1489 2680 1613 2710 tamen

884 2722 1029 2767 ingenii
1078 2724 1223 2757 viribus
1266 2734 1308 2757 ac
1351 2724 1477 2757 furore
1527 2734 1614 2757 vere
