1774 2930
44 0 152 27 JWYF'T'
155 0 160 8 '¹

646 156 741 191 Lm.
762 157 795 191 Ι.
842 155 996 190 ΕΡΙΒΤ.
1019 155 1103 189 XX.

1544 153 1629 195 397

239 259 412 302 Scilicet
439 264 488 301 ut
516 262 684 315 prostes
716 257 935 300 Sosiorum
963 256 1132 312 pumice
1162 254 1358 298 mundus.

239 329 380 373 Odisti
409 330 549 372 claves
579 333 623 371 et
652 332 774 385 grata
802 327 946 383 sigilla
972 326 1150 383 pudico;

236 399 392 443 Paucis
423 399 589 443 ostendi
621 400 757 455 gemis
789 403 832 441 et
862 398 1102 440 communia
1130 397 1298 450 laudas,

119 535 351 581 Augustum,
387 535 640 570 Maecenatem
676 535 850 578 aliosque

120 583 287 617 fautores
325 586 362 617 et
399 583 537 616 amicos
579 582 730 616 missam
768 591 850 615 esse

121 629 317 664 existimet.
367 629 452 668 Qua
487 629 638 674 quidem
673 628 850 672 opinione

120 676 216 710 nihil
241 676 391 710 videtur
416 676 713 721 improbabilius.
752 675 851 714 Quo-

122 724 221 758 circa
251 723 485 757 Dfintzerum
523 723 705 767 imprimis
747 733 850 756 nunc

122 774 272 805 secutus
306 771 360 804 sic
394 770 442 804 de
476 771 618 804 ultimis
651 769 850 803 versiculis

121 817 358 852 statuendum
399 818 580 852 arbitror:
630 817 710 850 Hoc
746 816 851 850 dum-

120 867 221 899 taxat
258 864 369 906 dicit,
407 875 446 899 se
483 875 516 899 a.
551 876 587 898 u.
620 874 651 897 c.
690 865 769 897 733.
803 863 850 897 ad

120 911 445 957 quadragesimum
494 914 671 956 quartum
712 911 847 944 aetatis

120 969 260 992 annum
284 959 523 1003 pervenisse,
546 958 764 1002 neutiquam
789 968 850 991 ve-

119 1015 181 1047 ro,
214 1016 255 1040 se
286 1005 370 1050 ipso
403 1004 470 1039 illo
501 1015 601 1040 anno
635 1005 731 1038 hanc
761 1003 850 1048 Epi-

119 1052 252 1087 stolam
278 1053 551 1096 composuisse;
576 1052 687 1085 immo
708 1051 848 1096 scripta

118 1098 267 1133 videtur
299 1109 331 1134 a.
366 1100 469 1141 734.,
506 1109 582 1144 quo
620 1099 715 1133 duae
752 1098 848 1132 aliae

119 1145 192 1188 (12.
217 1147 256 1180 et
281 1145 359 1188 18.)'
382 1157 422 1180 re
454 1156 544 1180 vera
577 1148 667 1180 sunt
700 1156 848 1190 compo-

119 1192 235 1235 sitae3
266 1203 464 1227 numerum
498 1196 621 1227 autem
654 1193 760 1226 illum
792 1193 848 1226 in-

118 1239 268 1282 dicavit,
293 1241 382 1285 quia
405 1239 596 1274 commode
621 1250 664 1273 ac
691 1243 847 1274 venuste

118 1286 318 1321 versiculis
348 1287 505 1331 exprimi
535 1289 693 1332 poterat.
744 1286 849 1320 Cete-

118 1343 203 1366 rum
226 1333 362 1367 festiva
384 1333 520 1368 ludens
545 1333 685 1379 dilogia
709 1333 846 1367 librum

120 1389 229 1414 suum
254 1380 382 1414 eadem
413 1390 496 1414 cum
529 1380 783 1414 sollicitudine
810 1383 846 1414 et

120 1436 212 1461 cura
234 1425 375 1461 ficticia
397 1427 467 1461 hac
484 1427 656 1471 Epistola
679 1438 701 1461 a
726 1438 765 1460 se
792 1427 846 1460 di-

118 1472 233 1507 mittit
266 1484 309 1508 ac
341 1473 516 1508 dominus
549 1474 739 1517 servulum
773 1474 844 1508 sibi

121 1530 261 1563 carum,
286 1521 350 1566 qui
366 1531 485 1566 prope
509 1521 582 1554 iam
606 1520 733 1554 liberti
758 1531 846 1555 con-

120 1566 268 1601 dicione
294 1570 405 1602 utens
436 1571 539 1602 extra
571 1567 719 1602 domum
744 1568 844 1602 heri-

119 1613 195 1648 lem
218 1614 369 1660 evagari
392 1625 435 1648 ac
461 1614 638 1649 liberiore
664 1615 739 1649 vita
768 1615 843 1648 frui

110 1659 243 1705 cupit,
278 1672 409 1695 verum
441 1665 595 1706 propter
618 1662 689 1695 hoc
722 1662 843 1706 ipsum

117 1707 259 1750 multis,
281 1707 466 1753 imprimis
492 1709 758 1753 corruptionis,
781 1720 845 1754 pe-

117 1754 251 1788 riculis
290 1755 483 1799 expositus
524 1759 590 1790 est.
646 1755 843 1790 Rationem

118 1801 273 1836 candem
296 1802 376 1836 fere
400 1803 469 1836 tibi
493 1802 612 1848 finge,
644 1814 739 1848 quae
773 1803 845 1837 fuit

116 1848 216 1882 inter
241 1848 462 1883 Ciceronem
479 1852 516 1883 et
532 1850 722 1892 Tironem,
746 1849 843 1884 Atti·

117 1905 203 1930 cum
226 1899 265 1930 et
286 1895 444 1940 Alexin,
477 1897 614 1950 quibus
640 1898 757 1931 servis
784 1908 843 1931 ca-

117 1942 276 1976 rissimis
299 1942 440 1977 domini
461 1944 524 1977 ιίι
548 1944 755 1989 quidquam
780 1956 845 1978 ne-

117 1998 206 2066 {arc
238 1991 422 2033 poterant.
468 1990 542 2024 Per
573 1992 687 2024 totam
720 1994 844 2033 autem

149 2035 324 2079 pistolam
339 2037 448 2080 pueri
474 2036 625 2070 delicati
643 2040 679 2071 et
695 2038 845 2071 venusti

75 2095 80 2098 ·
119 2080 206 2114 libri
231 2081 369 2126 duplex
396 2083 516 2128 imago
541 2083 678 2117 mirum
702 2085 742 2116 in
767 2095 844 2118 mo-

120 2126 208 2161 dum
253 2129 432 2172 permixta
484 2131 521 2163 et
571 2130 728 2164 confusa
777 2135 843 2164 est.

119 2172 236 2208 Recte
267 2175 341 2209 iam
366 2174 639 2210 commentator
665 2176 843 2221 Cruquii:

122 2220 223 2263 „Hac
238 2220 408 2266 Epistola
422 2222 637 2277 alloquitur
655 2224 845 2268 metapho-

120 2267 219 2302 ticos
243 2267 383 2302 librum
403 2280 514 2304 suum
533 2269 640 2314 quasi
665 2281 742 2304 rem
768 2271 847 2304 ani-

121 2317 256 2349 matam
278 2326 514 2371 puerumque
534 2317 846 2361 prostituendum,

248 2372 338 2397 cans
349 2373 434 2396 eum
442 2364 482 2397 in
491 2363 686 2408 publicum
696 2364 846 2408 quidem

119 2408 216 2443 velle
224 2409 441 2454 procedere,
453 2421 493 2445 se
508 2421 595 2446 vero
608 2411 844 2455 prohibere.“

168 2481 200 2512 1.
218 2481 251 2514 2.
279 2481 524 2524 Vertumnum]
549 2481 660 2515 deum
678 2481 846 2515 omnium

117 2525 423 2561 vicissitudinum
436 2538 480 2562 ac
492 2529 740 2562 mutationum
754 2527 845 2571 (Sat.

121 2573 162 2614 2,
185 2575 228 2616 ’1,
253 2574 325 2617 14.)
340 2599 350 2616 ,
378 2574 468 2608 hinc
492 2575 603 2609 etiam
630 2575 846 2617 „vertenda-

120 2629 203 2653 rum
227 2622 396 2664 rerum‚“
429 2621 469 2655 id
492 2625 570 2664 est,
605 2623 845 2657 emendarum

122 2667 161 2699 ct
182 2668 380 2702 venalium.
403 2668 442 2702 Is
465 2668 513 2703 ad
535 2669 673 2703 Forum
697 2669 737 2703 in
762 2670 844 2703 vico

121 2712 264 2748 turario
288 2725 317 2748 s.
334 2714 457 2750 Tusco
482 2716 660 2750 sacellum
687 2727 770 2750 cum
796 2717 846 2750 si·

899 533 1069 568 mulacro
1094 532 1264 573 habebat,
1290 532 1330 565 in
1356 531 1467 565 cuius
1493 530 1630 564 vicinia

899 583 981 614 erat
1014 582 1127 613 Ianus
1162 579 1245 623 (cfr.
1271 579 1363 623 Epp.
1392 582 1430 620 1,
1465 581 1504 619 1,
1538 578 1628 619 54.);

899 627 951 661 ibi
977 628 1087 661 etiam
1113 626 1259 661 librarii
1287 637 1373 660 suas
1398 625 1574 659 tabernas
1593 627 1630 658 et

898 675 995 718 pilas
1021 685 1049 708 s.
1077 674 1269 708 columnas
1302 673 1398 715 (Sat.
1426 676 1466 715 1,
1498 675 1538 713 4,
1573 673 1628 705 71.

898 721 942 755 A.
956 721 996 755 P.
1015 722 1123 763 373.),
1150 721 1214 755 sed
1240 722 1395 754 lenones
1421 730 1574 764 quoque
1593 722 1630 753 et

899 769 1116 802 meretrices
1133 769 1297 802 fornices
1324 778 1412 802 suos
1430 777 1473 801 ac
1491 776 1628 811 pergu-

899 815 954 849 las
980 815 1180 850 habebant.
1199 835 1242 839 —
1267 815 1444 856 spectare!
1473 824 1630 859 „magna

899 873 982 896 cum
1032 862 1312 907 exspectatione
1353 872 1396 895 ac
1440 861 1629 895 desiderio

899 910 1027 944 oculos
1069 920 1113 943 eo
1155 909 1351 954 dirigere.“
1392 928 1434 932 —
1473 907 1628 951 Scilicet]

899 967 982 990 cum
1006 956 1203 996 irrisione.
1235 957 1447 998 [reilich.
1476 975 1518 979 —
1542 963 1629 996 pro·

895 1004 980 1047 stes]
999 1004 1155 1038 verbum
1180 1003 1397 1048 ambiguum
1422 1002 1469 1036 de
1496 1002 1627 1047 quavis

897 1061 1040 1093 merce,
1074 1051 1184 1085 etiam
1218 1050 1264 1084 de
1297 1050 1558 1084 meretricibus
1592 1052 1629 1083 et

897 1098 1031 1132 scortis
1069 1097 1320 1141 (prostibulis).
1355 1117 1397 1121 —
1428 1096 1627 1140 sosiomm]

898 1144 993 1179 Sosii
1011 1145 1146 1179 fratres
1164 1145 1271 1179 fuere
1288 1144 1528 1189 bibliopolae,
1551 1155 1628 1178 me-

896 1192 1031 1226 morati
1073 1193 1184 1226 etiam
1223 1192 1268 1225 A.
1309 1192 1349 1225 P.
1391 1194 1472 1226 345.
1523 1191 1629 1233 (Sosii

896 1241 1106 1273 Seneciones
1131 1250 1224 1284 gens
1242 1239 1390 1283 plebeia
1414 1250 1491 1273 non
1519 1238 1628 1283 igno-

897 1288 944 1320 ta.
995 1288 1029 1319 C.
1054 1288 1176 1320 sosius
1210 1286 1345 1320 consul
1377 1286 1449 1319 fuit
1473 1297 1505 1319 a.
1530 1297 1568 1319 u.
1595 1295 1627 1319 c.

898 1334 978 1366 722.
1027 1333 1263 1377 Bibliopolae
1300 1344 1387 1366 vero
1424 1333 1572 1367 Horatii
1605 1343 1626 1366 e

894 1390 1031 1424 genere
1065 1380 1245 1414 libertino
1270 1379 1446 1414 videntur
1478 1379 1626 1422 fuisse.)

895 1445 937 1450 ——
963 1427 1123 1470 numice]
1150 1427 1299 1461 Partem
1323 1427 1625 1461 membranarum

894 1473 1130 1516 exteriorem,
1155 1485 1251 1519 quae
1269 1474 1440 1518 asperior
1463 1478 1531 1515 est,
1555 1485 1625 1519 pu-

895 1520 989 1554 mice
1022 1521 1235 1566 levigabant
1259 1524 1296 1555 et
1318 1521 1514 1565 poliebant
1543 1522 1625 1566 glu-

894 1568 1087 1602 tinatores.
1130 1568 1265 1602 Catull.
1299 1570 1364 1610 22,
1398 1571 1438 1602 6:
1476 1570 1624 1602 chartae

894 1617 1034 1657 reqiae,
1074 1617 1157 1649 novi
1192 1617 1291 1657 libri,
1324 1617 1418 1649 Novi
1450 1617 1624 1658 umbilici,

895 1662 976 1695 lora
1024 1663 1159 1704 rubra,
1214 1664 1428 1696 membrana
1478 1664 1625 1696 Direcla

889 1710 1051 1750 plumbo,
1078 1712 1111 1743 et
1133 1711 1277 1751 pumice
1302 1711 1426 1743 omnia
1452 1712 1624 1751 aequata.

940 1781 972 1812 3.
998 1782 1030 1812 4.
1056 1781 1176 1813 claves
1201 1780 1416 1823 el-siqilla]
1443 1780 1519 1814 Cfr.
1542 1791 1623 1813 ver-

891 1836 958 1860 sus
982 1826 1165 1861 Martialis
1194 1830 1232 1868 1,
1265 1830 1328 1869 66,
1353 1829 1375 1860 5
1401 1838 1483 1872 sqq.
1509 1838 1625 1871 supra

891 1872 1038 1908 allatos.
1094 1873 1294 1908 Librorum
1343 1875 1537 1908 volumina
1582 1875 1622 1908 in

892 1921 1014 1974 capsis
1031 1922 1334 1963 asservabantur,
1360 1932 1454 1966 quas
1472 1923 1511 1955 in
1530 1922 1622 1955 scri-

893 1967 968 2001 niis
993 1968 1134 2002 domini
1168 1969 1281 2002 anulo
1316 1969 1475 2014 signatis
1501 1972 1624 2003 custo·

892 2013 1058 2048 diebant.
1094 2014 1155 2048 Sic
1181 2016 1293 2050 etiam
1317 2016 1505 2049 interdum
1531 2027 1623 2049 uxo·
1659 2019 1662 2021 '

893 2071 972 2102 res,
1022 2062 1273 2103 concubinae,
1320 2064 1431 2106 pueri
1468 2063 1621 2096 delicati

894 2106 994 2140 domi
1042 2108 1082 2140 in
1132 2088 1302 2142 custodia
1348 2109 1623 2150 retinebantur,

895 2153 1003 2187 ostiis
1040 2155 1164 2199 sigillo
1203 2156 1369 2190 munitis.
1418 2155 1623 2190 Menander

893 2201 1190 2244 pag.185.M.:
1227 2198 1357 2244 ‘'Octug
1388 2202 1428 2235 δὲ
1459 2203 1622 2246 ιιοχλοῖς

894 2249 959 2279 καὶ
991 2246 1054 2280 διὰ
1086 2246 1389 2306 σφραγισμάτων
1413 2247 1528 2292 Σώζει
1555 2248 1624 2283 δά-

893 2294 1294 2383 31332‘103‘2‘223‘3
1320 2294 1622 2398 ww&

895 2393 1042 2435 φρονεῖ.
1090 2389 1193 2424 Haec
1225 2393 1351 2425 autem
1383 2391 1467 2436 ipsa
1499 2396 1623 2426 custo-

894 2435 956 2470 dia
978 2447 1097 2480 puero
1119 2439 1271 2480 pudico,
1298 2439 1361 2472 cui
1385 2441 1620 2483 propositum

894 2484 952 2516 est
976 2483 1043 2516 uni
1066 2484 1158 2518 hero
1184 2495 1326 2519 morem
1342 2496 1486 2531 gerere,
1512 2489 1621 2527 orata

895 2529 1047 2572 accidit,
1080 2540 1164 2564 cum
1190 2532 1242 2565 ita
1265 2532 1349 2566 eius
1373 2532 1533 2566 fidelitas
1560 2543 1622 2566 ex-

893 2578 952 2610 tra
976 2587 1122 2611 omnem
1151 2578 1421 2613 dubitationem
1446 2582 1620 2623 ponatur.

894 2642 940 2647 —
953 2625 1099 2668 Paucis]
1113 2625 1274 2667 „Amicis
1287 2627 1478 2660 dumtaxat
1491 2626 1619 2660 meis.“

895 2669 970 2704 Cfr.
996 2670 1071 2706 Sat.
1098 2674 1136 2711 1,
1162 2675 1203 2711 4,
1230 2674 1285 2706 73.
1330 2672 1447 2707 Recte
1472 2673 1619 2707 Franke

892 2717 934 2751 F,
970 2717 1015 2751 H.
1051 2729 1088 2763 p.
1128 2721 1201 2752 72:
1254 2720 1487 2764 „Antequam
1525 2721 1620 2754 liber
