1774 2930
149 151 235 193 298

623 150 832 185 HORATII
855 151 1204 187 EPISTOLARUM

268 250 437 300 Quaere
470 251 618 308 fugam
648 252 800 294 morbi.
833 251 912 294 Vis
943 257 1059 296 recte
1089 253 1258 296 vivere:
1291 255 1387 310 quis
1418 256 1537 298 non?

267 321 314 364 Si
344 324 479 365 virtus
511 323 592 365 hoc
622 337 709 365 una
740 326 882 379 potest
913 322 1027 378 dare,
1059 323 1181 366 fortis
1211 326 1381 368 omissis

1611 327 1668 368 30

268 393 364 436 Hoc
395 409 475 450 age
507 394 687 436 deliciis.
723 394 936 436 Virtutem
966 395 1099 437 verba
1127 400 1254 451 putas
1286 400 1330 439 et

266 464 433 507 Lucum
463 465 605 521 ligna:
640 480 743 508 cave
774 479 829 508 ne
861 469 1009 521 portus
1042 471 1220 522 occupet
1250 468 1372 522 alter,

265 536 331 578 Ne
365 536 625 592 Cibyratica,
659 551 714 579 ne
742 537 934 593 Bithyna
963 538 1139 592 negotia
1167 537 1346 594 perdam

267 607 383 650 Mille
414 608 580 650 talenta
609 607 905 661 rotundentur,
936 608 1115 651 totidem
1147 609 1294 664 altera,
1325 624 1452 666 porro
1483 614 1527 653 et

243 739 298 771 31.
320 741 429 779 pules
446 738 488 780 E,
514 739 685 783 quinque
711 738 871 773 Codices
892 738 1063 783 Cruquii‚
1089 739 1355 774 Bentleius.--
1370 742 1404 774 et
1430 751 1620 785 superser.

196 788 235 818 ul
264 785 300 827 S,
326 789 366 818 ul
395 787 599 830 (super-scr.
628 787 676 828 el)
703 786 737 824 b,
764 789 804 819 uc
829 798 864 830 p,
892 786 981 820 item
1007 786 1131 828 Leto,
1155 789 1187 820 si
1212 787 1247 821 (1.

148 881 180 922 3,
208 881 304 923 163.,
336 884 566 925 quapropter
592 891 677 914 eum
703 881 774 914 hoc
801 881 883 915 loco

147 926 351 961 delendum
378 931 506 962 censet
528 928 567 962 C.
585 928 624 961 F.
643 928 883 962 Hermannus

146 973 186 1007 in
225 974 355 1020 Progr.
389 975 578 1021 Marburg.
615 978 717 1009 1838.
756 987 791 1020 p.
828 979 882 1009 15.

144 1021 195 1054 At
212 1022 302 1056 satis
318 1022 535 1057 defenditur
553 1023 720 1057 membro
739 1023 885 1070 ,ταοαλ-

145 1066 249 1115 λήλω
276 1071 327 1103 cis
352 1073 448 1104 recte
473 1072 615 1114 vivere3
653 1074 695 1104 ut
728 1074 883 1113 taceam,

146 1127 190 1150 eo
209 1117 358 1151 sublato
377 1118 487 1152 nimis
506 1118 667 1162 abrupta
689 1118 757 1152 illa
780 1118 882 1153 fore:

147 1165 292 1206 Quaere
317 1166 447 1207 [uuam
471 1167 598 1199 morbi.

193 1213 254 1246 30-
259 1214 312 1246 33.
340 1214 500 1246 omissis·
509 1213 685 1256 -deliciisJ
710 1210 766 1256 μὴ
791 1210 885 1260 θρύ-

128 1258 254 1292 'nvom
284 1259 617 1302 „Renuntiandum
641 1263 699 1294 est
716 1261 884 1305 volupta-

145 1306 247 1341 tibus
273 1308 483 1352 harumque
510 1307 697 1342 desiderio
716 1309 884 1352 occulto,

109 1378 112 1381 -
146 1365 269 1399 neque
295 1366 461 1399 unquam
487 1355 785 1398 lamentandum,
817 1355 885 1389 du-

145 1413 223 1435 ram
242 1402 392 1436 vivendi
418 1403 602 1437 rationem
628 1414 651 1437 a
674 1406 709 1437 te
728 1404 883 1437 electam

146 1450 262 1483 esse.“
292 1469 335 1474 -—
362 1452 444 1484 Hoc
480 1451 573 1493 aye]
618 1452 714 1493 „uni
752 1451 884 1484 virtuti

144 1496 293 1531 fortiter
331 1498 474 1532 stude.“
538 1497 622 1531 Vid.
656 1498 703 1532 ad
742 1498 816 1532 Sat.
851 1500 884 1541 2,

146 1545 377 1586 3‚152.—
407 1547 582 1579 Virtutem
623 1548 736 1579 verba
775 1548 885 1601 putas

146 1592 230 1635 cet]
262 1593 400 1626 Eadem
435 1593 588 1626 omissio
614 1593 824 1648 particulae
851 1595 884 1626 si

146 1641 203 1672 est
227 1639 346 1684 Epist.
374 1643 413 1683 2,
441 1642 481 1682 2,
509 1643 596 1674 201;
628 1643 711 1675 Non
736 1642 882 1682 aqimur

145 1688 293 1720 tumidis
318 1689 408 1721 velis
440 1690 613 1729 aquilone
636 1683 810 1730 secundo,
845 1691 883 1721 et

145 1733 234 1768 alibi
261 1735 361 1769 haud
392 1746 490 1770 raro
516 1755 559 1759 -
589 1735 760 1778 „Quodsi
794 1746 882 1769 0011-

145 1784 221 1824 tra,
260 1794 356 1827 quae
390 1783 435 1817 de
468 1782 607 1816 virtute
642 1783 882 1827 disputantur

145 1839 167 1862 a
190 1830 439 1874 philosophis,
465 1830 595 1863 inania
620 1830 736 1863 verba
760 1834 881 1874 putas,

145 1879 188 1909 ut
212 1877 383 1911 lucorum
410 1877 633 1922 religionem
658 1877 768 1910 multi
793 1888 881 1911 con-

145 1926 336 1966 temnunt,
372 1935 511 1969 eosque
538 1925 635 1957 nihil
667 1924 742 1958 nisi
772 1925 881 1958 arbo-

145 1982 206 2005 res
233 1974 367 2015 putant
392 1983 468 2006 non
495 1972 640 2005 numini
676 1972 792 2005 alicui
826 1983 883 2006 sa-

145 2021 286 2062 cratas,
322 2020 388 2053 sed
422 2020 615 2053 hominum
647 2020 804 2063 profano
839 2030 882 2053 ac

144 2067 362 2110 promiscuo
402 2067 489 2101 usui
528 2066 755 2108 destinatas,
793 2067 883 2100 huic

146 2125 280 2148 rursus
314 2114 454 2149 rationi
485 2115 756 2148 convenienter
782 2115 883 2157 vive3

146 2171 236 2206 ergo
286 2162 540 2207 negotiatione
586 2164 623 2196 et
672 2164 885 2196 mercatura

147 2219 286 2252 quaere
305 2210 372 2244 tibi
392 2221 493 2254 opes.
500 2211 517 2227 ⁶⁶
534 2229 577 2233 —
591 2210 718 2252 verba]
745 2209 884 2243 Ultima

145 2256 253 2289 Bruti
288 2268 360 2291 vox
393 2257 511 2311 apud
526 2257 686 2291 Dionem
707 2259 776 2301 ,47,
810 2259 883 2290 49:

153 2303 197 2335 Ὠ
224 2304 368 2348 τλῆμον
393 2301 523 2360 ᾱοετή,
554 2302 671 2348 λόχος
695 2303 756 2351 ἀρ’
768 2282 885 2348 ἦσθ’·

146 2349 220 2394 eya)
247 2351 288 2384 δέ
311 2363 354 2385 σε
368 2350 432 2393 Ὡς
456 2348 569 2398 ἔργον
595 2349 754 2395 ἤσκουν,
781 2349 828 2384 σύ

148 2395 344 2440 ἐδούλευες
370 2398 477 2445 τύχῃ.
509 2399 584 2433 cfr.
611 2400 688 2434 Cic.
715 2399 826 2432 Tusc.
852 2401 886 2441 5,

147 2448 206 2487 41,
234 2449 310 2480 119.
343 2446 436 2491 Epp.
456 2450 487 2489 1,
509 2449 563 2489 17,
582 2449 646 2480 41:
671 2449 744 2480 Aul
769 2448 886 2479 virt-us

147 2502 279 2527 nomen
303 2495 416 2527 inane
444 2497 503 2535 esc,
530 2497 603 2527 Aut
621 2496 728 2528 decus
755 2496 787 2526 et
802 2502 885 2534 pre-

147 2542 239 2574 tium
270 2544 366 2575 recle
396 2542 485 2582 petit
521 2543 710 2582 experiens
744 2542 814 2574 vir.
842 2560 883 2563 —

144 2591 257 2630 putas
284 2588 331 2632 el]
364 2588 467 2622 Haec
493 2589 603 2622 lectio
630 2589 766 2622 melius
793 2588 885 2620 mihi

148 2636 228 2670 visa
241 2639 299 2670 est
311 2636 519 2680 exprimere
537 2646 747 2669 sermonem
761 2636 884 2679 ipsum

148 2684 333 2726 hominis,
367 2683 433 2727 qui
468 2686 505 2716 et
530 2683 720 2716 doctrinas
747 2680 888 2726 ἠθικὰς

149 2734 187 2765 01
224 2730 428 2775 religiones
461 2730 635 2775 publicas
669 2741 788 2774 aeque
822 2740 887 2763 ne·

933 881 1044 927 gligit
1062 892 1105 915 ac
1130 881 1299 916 deridet:
1327 881 1538 926 „Virtutem
1555 882 1670 918 verba

932 932 1024 972 puto
1063 932 1096 962 et
1134 929 1309 963 similiter
1344 930 1473 963 lucum
1510 929 1667 975 ligna:“

934 987 1044 1020 quam
1079 976 1111 1010 si
1149 977 1426 1021 comparatione
1463 977 1550 1020 (ul)
1586 977 1669 1022 ipse

931 1026 1113 1057 uteretur.
1147 1042 1194 1048 —-
1226 1025 1395 1067 occupet]
1432 1030 1454 1067 ·,,
1465 1035 1670 1070 praeoccu-

931 1073 1028 1115 pet.“
1081 1071 1155 1104 Gfr.
1183 1070 1250 1105 od.
1278 1074 1310 1114 2,
1339 1074 1393 1113 12,
1419 1074 1475 1106 28,
1529 1071 1609 1106 Liv.
1637 1075 1669 1115 1,

934 1121 996 1152 14:
1032 1119 1166 1152 bellum
1190 1121 1314 1160 facere
1340 1121 1530 1160 occupant.
1551 1139 1594 1143 —
1612 1120 1670 1153 al-

932 1166 1000 1209 ler]
1035 1165 1110 1200 Cfr.
1138 1166 1212 1200 Sat.
1241 1169 1272 1208 1,
1300 1169 1331 1208 1,
1357 1168 1413 1200 40.

981 1215 1118 1247 33-36.
1153 1215 1206 1248 Ne
1224 1215 1432 1256 Cibyratica
1457 1213 1542 1257 001.]
1581 1239 1598 1256 ,,
1613 1212 1669 1247 Si-

933 1261 1011 1294 mul
1046 1271 1089 1294 80
1122 1272 1225 1295 mare
1258 1264 1428 1306 apertum
1461 1262 1537 1303 est,
1574 1261 1669 1296 alios

932 1308 1182 1352 praeveniens
1206 1308 1253 1342 ad
1283 1310 1534 1342 mercaturam
1565 1318 1670 1342 exer-

934 1355 1088 1389 cendam
1133 1357 1243 1399 (nam
1281 1355 1326 1389 de
1364 1357 1571 1390 mercatore
1607 1355 1671 1389 hic

933 1403 1068 1448 agitur,
1094 1413 1170 1437 non
1189 1403 1236 1437 de
1259 1403 1510 1448 negotiatore)
1535 1403 1672 1448 naviga

934 1450 1109 1495 Cibyram
1127 1461 1298 1496 magnam
1317 1450 1466 1493 (urbem
1484 1450 1670 1495 Phrygiae

932 1509 1107 1543 magnae,
1138 1501 1294 1543 propter
1317 1498 1547 1533 ferramenta
1572 1497 1671 1532 cele-

933 1545 1090 1579 bratam.
1143 1546 1275 1579 Strabo
1302 1547 1372 1588 13,
1382 1557 1419 1589 p.
1446 1547 1534 1579 651.
1554 1541 1671 1579 ”Idm

931 1592 961 1624 δ’
980 1593 1085 1626 ἐστὶν
1110 1593 1150 1626 ἑν
1175 1589 1326 1647 Κιβύρᾳ
1350 1591 1395 1626 τὸ
1421 1590 1489 1626 τὸν
1511 1591 1670 1672 aldmffiv

933 1638 1158 1688 τοοεύεσθαι
1183 1637 1367 1687 ῥᾳδίως),
1401 1643 1514 1684 atque
1539 1650 1580 1672 ln

931 1672 1109 1732 thyniam,
1137 1699 1212 1732 quo
1230 1690 1317 1721 ante
1341 1687 1508 1722 aemulos
1535 1686 1670 1731 appul-

931 1745 995 1768 sus
1022 1736 1179 1779 optimas
1206 1745 1375 1778 quasque
1407 1744 1552 1768 merces
1586 1743 1670 1778 pre-

930 1783 983 1816 tio
1023 1793 1135 1826 quam
1176 1783 1328 1815 minimo
1366 1784 1528 1816 coeman.
1587 1781 1670 1815 Hac

931 1829 1128 1874 diligentia
1154 1840 1302 1872 semper
1325 1828 1495 1863 adhibita
1517 1828 1671 1862 tandem

931 1887 975 1910 eo
1012 1876 1231 1920 pervenies,
1269 1879 1311 1910 ut
1347 1876 1670 1920 locupletissimus

930 1923 1031 1957 fias.“
1059 1923 1117 1956 Ad
1136 1923 1275 1967 triplex
1288 1933 1333 1957 ne
1347 1923 1414 1957 eft.
1427 1923 1517 1957 item
1530 1923 1670 1967 triplex

930 1972 962 2003 si
986 1971 1080 2014 Epp.
1108 1974 1146 2012 1,
1174 1973 1229 2013 17,
1256 1974 1288 2004 6.
1316 1989 1358 1994 -
1383 1970 1546 2013 perdas]
1591 1980 1669 2011 „ne

932 2022 1010 2051 111111
1037 2018 1187 2052 (1011111111
1213 2018 1306 2052 illuc
1330 2018 1550 2062 pervenias,
1583 2028 1669 2051 cum

931 2066 1085 2110 negotia
1111 2069 1357 2110 quaestuosa,
1393 2065 1440 2099 ab
1476 2065 1563 2099 aliis
1599 2064 1669 2098 tibi

931 2116 1148 2157 praerepta,
1183 2124 1314 2158 gerere
1340 2113 1414 2147 iam
1440 2123 1517 2146 11011
1543 2111 1666 2146 licet.“

932 2180 978 2184 —
991 2162 1153 2201 Bithyna
1171 2159 1331 2203 neqotia]
1345 2159 1431 2194 Vid.
1445 2159 1493 2193 ad
1506 2158 1574 2193 Od.
1589 2161 1623 2200 3,
1635 2160 1669 2201 7,

935 2211 977 2241 3:
1012 2209 1137 2249 Thyna
1170 2217 1288 2241 merce
1313 2209 1469 2241 beatum.
1497 2225 1540 2230 -—
1565 2206 1670 2242 Mille

933 2256 1086 2297 talenta]
1114 2255 1170 2288 Ex
1194 2258 1324 2289 nostra
1348 2254 1588 2298 computandi
1611 2264 1671 2287 ra-

934 2305 1036 2337 tione
1055 2302 1225 2337 efficiunt
1242 2302 1394 2336 circiter
1406 2303 1594 2343 5‚000‚000
1606 2300 1668 2334 Fr.

853 2350 885 2383 δ’
937 2351 1031 2384 Gall.
1058 2369 1102 2373 —
1127 2350 1385 2391 rotundenlurl
1427 2348 1669 2392 „complean-

934 2401 1007 2432 tur.
1013 2399 1029 2415 ⁴⁴
1058 2396 1176 2430 Omne
1201 2397 1312 2435 enim,
1339 2395 1440 2440 quod
1463 2394 1669 2428 rotundum

935 2453 1011 2482 est,
1037 2444 1083 2478 ab
1110 2444 1210 2478 omni
1235 2446 1341 2487 parte
1365 2443 1519 2497 plenum
1545 2444 1602 2476 est
1626 2451 1671 2475 ac

934 2493 1152 2537 perfectum.
1203 2490 1284 2532 (Ad
1319 2491 1440 2535 ipsius
1465 2488 1668 2523 millenarii

936 2539 1083 2573 numeri
1093 2538 1365 2582 perfectionem
1376 2538 1494 2572 refert
1505 2536 1668 2570 Torren-

935 2587 1010 2620 tius
1034 2590 1071 2620 et
1095 2585 1294 2619 Obbarius.
1319 2584 1402 2618 Non
1421 2586 1533 2625 recte,
1557 2585 1670 2626 puto3

935 2635 1046 2668 11111110
1073 2633 1214 2666 dictum
1241 2636 1317 2674 est,
1355 2635 1397 2665 ut
1420 2631 1573 2664 Petron.
1600 2631 1673 2667 76:

934 2690 1008 2715 uno
1030 2689 1140 2714 cursu
1164 2681 1294 2713 centies
1317 2679 1522 2712 sestertium
1546 2684 1668 2710 corro-

936 2730 1098 2762 laudavi.
1135 2727 1258 2771 Atque
1278 2726 1332 2760 sic
1349 2725 1462 2760 etiam
1480 2725 1520 2758 in
1538 2733 1669 2758 reeen-
