1774 2930
0 0 164 27 3⁷>W.³*,'³1⁷‘7
173 0 226 21 ἦθ’
256 4 261 9 “
315 0 323 7 ”

604 164 706 199 Lma·
722 163 756 199 1.
801 160 955 197 nrm.
979 160 1083 196 xm.

1514 159 1617 200 339·

208 267 405 311 Caesaris
435 265 601 322 accepit
630 263 812 320 genibus
841 262 1003 318 minor3
1034 274 1167 305 aurea
1193 259 1338 317 fruges

206 338 357 381 Italiae
385 336 513 394 pleno
543 334 740 378 defundit
770 334 908 390 Copia
936 346 1084 376 cornu.

583 493 919 538 EPISTOLA
946 493 1095 536 xm.

209 578 267 621 Ut
296 578 635 635 proficiscentem
665 575 789 618 docui
819 579 863 617 te
893 589 1023 631 saepe
1053 573 1233 632 diuque,

187 674 244 707 29.
269 673 434 715 defundit
451 671 522 717 Sep
549 674 586 706 et
610 682 666 716 pr.
692 670 736 704 b:
760 668 899 711 defudit
923 667 965 711 E,
989 669 1158 710 diaundu
1182 679 1280 703 corr.
1298 668 1335 712 b,
1359 668 1503 709 diffudit
1519 667 1554 700 d.

94 749 236 794 legatos
273 752 386 793 atque
427 747 681 788 submissus;“
725 756 822 779 nun-

93 806 206 840 quam
230 795 331 829 enim
363 796 443 840 ipse
467 795 623 828 Romam
656 795 822 834 venerat,

871 745 1047 789 perfectis
1085 745 1210 778 cecidit
1249 747 1287 778 et
1322 744 1474 785 accepit.
1525 742 1601 777 Cfr.

870 791 1011 826 Arnob.
1038 793 1071 833 6,
1097 793 1160 825 25;
1192 792 1356 824 Fortuna
1380 799 1462 824 cum
1486 798 1601 823 cornu

94 845 141 876 ut
170 853 210 876 se
243 841 290 876 ad
313 842 477 887 Augusti
510 842 626 886 pedes
659 842 823 884 proster-
868 839 1002 881 pomis,
1025 839 1102 880 ficis
1125 841 1191 872 aut
1215 839 1382 880 travibus
1405 839 1602 871 autumna-

93 892 203 924 neret
218 890 328 934 eique
355 889 597 934 supplicaret.
620 887 822 932 Imperium

92 939 219 970 autem
243 937 405 982 Augusti
436 936 600 980 accepit,
634 937 822 978 quatenus

94 984 141 1018 ob
166 985 307 1017 metum
323 983 427 1025 belli,
452 981 554 1027 quod
578 981 639 1015 hic
665 981 738 1025 ipsi
756 980 824 1014 mi-

97 1030 299 1072 nitabatur,
319 1030 486 1075 captivos
508 1039 553 1063 ex
573 1028 711 1070 Crassi,
724 1027 823 1061 Ven-

94 1076 178 1110 tidii
203 1080 242 1111 et
263 1077 417 1111 Antonii
444 1075 673 1110 exercitibus
698 1075 822 1120 signa-

92 1134 168 1168 que
191 1123 369 1158 militaria
394 1122 528 1158 Crasso
554 1122 727 1166 adempta
748 1121 823 1155 Ro-

94 1181 191 1205 mam
222 1171 368 1205 remisit
399 1173 437 1205 et
467 1170 565 1204 filios
590 1172 823 1214 nepotesque

95 1217 246 1252 obsides
269 1218 441 1263 Augusto
468 1217 581 1251 dedit.
612 1216 701 1250 Tac.
723 1217 822 1249 Anu.

94 1266 129 1306 2,
144 1267 184 1298 1:
200 1266 558 1298 Phraates--cuncta
570 1265 824 1297 venerantium

94 1312 218 1353 officia
241 1313 291 1345 ad
313 1313 513 1353 Awmlum
537 1313 708 1344 verterat.
748 1310 824 1343 Au·

94 1360 228 1402 gustus
251 1357 334 1402 ipse
350 1359 422 1392 hoc
444 1358 544 1391 inter
569 1368 631 1391 res
657 1357 729 1390 sibi
746 1368 823 1390 ma-

94 1404 193 1438 xime
209 1404 393 1449 gloriosas
406 1405 551 1438 rettulit
563 1405 700 1448 partim
718 1415 824 1436 num-

95 1451 168 1485 mis
201 1451 303 1485 cusis
335 1462 420 1485 cum
451 1452 522 1485 hac
553 1450 824 1495 inscriptione:

97 1506 235 1532 sloms.
247 1506 467 1532 Pmmcxs.
477 1505 675 1542 messus,
688 1497 824 1542 partim

96 1545 157 1579 his
189 1545 314 1580 vorbis
344 1545 510 1579 Menum.
534 1546 672 1589 Ancyr.
706 1556 742 1588 p.
767 1547 824 1578 35.

97 1591 157 1625 ed.
172 1591 317 1633 Franz„
342 1603 438 1637 quae
463 1603 579 1636 supra
596 1591 738 1625 Graece
762 1592 826 1625 ha-

95 1638 180 1672 bes:
205 1640 361 1672 Parthos
374 1640 486 1672 trium
511 1640 735 1672 exercituum
751 1640 825 1672 Ro-

95 1693 291 1719 manorum
320 1687 440 1728 spolia
473 1689 506 1719 et
536 1687 644 1727 siqua
673 1687 826 1719 reddere

96 1733 513 1775 maisupplicesque
537 1734 737 1766 amicitiam
758 1742 825 1774 po-

93 1780 177 1820 pali
198 1781 358 1814 Romam·
378 1783 501 1822 petere
526 1780 637 1820 coiai.
673 1781 732 1813 Ea
757 1789 825 1813 au-

94 1829 168 1859 lem
188 1828 295 1868 simut
319 1828 359 1860 in
371 1828 565 1869 penetrali,
591 1828 687 1867 quod
711 1829 762 1860 est
785 1829 825 1859 in

96 1874 230 1914 templo
276 1876 410 1908 Martis
461 1875 612 1912 Ultoris.
667 1875 824 1915 reposui.

95 1919 199 1954 Idem
231 1924 357 1955 autem
389 1924 447 1955 est
479 1923 536 1954 ius
570 1923 603 1953 et
633 1922 826 1962 imperium

97 1966 261 2001 alicuius
291 1969 455 2009 accipere
488 1971 601 2011 atque
636 1968 824 2012 „imperio

99 2024 245 2056 parere,
268 2014 310 2046 in
323 2015 381 2047 ius
398 2016 646 2054 dicionemque
663 2015 825 2048 alicuius

98 2061 246 2101 recipi“‚
277 2059 357 2093 Liv.
391 2061 455 2100 21,
488 2063 545 2093 61.
595 2060 672 2094 Cfr.
698 2061 765 2094 Od.
793 2063 826 2103 3,

101 2107 142 2147 5,
171 2108 192 2139 3
226 2116 282 2150 sq.
329 2106 386 2139 De
419 2106 580 2140 Phraate
612 2108 678 2140 cfr.
712 2107 826 2141 etiam

100 2150 170 2185 od.
195 2154 229 2194 2,
254 2154 287 2194 2,
315 2155 370 2186 17.

149 2200 206 2233 29.
233 2199 358 2242 Copia]
383 2199 636 2233 abundantiae
655 2202 692 2233 et
718 2200 827 2233 uber-

102 2245 189 2279 tatis
214 2245 295 2289 dea,
319 2250 362 2279 ut
387 2246 507 2280 Carm.
533 2246 613 2280 Sec.
639 2249 696 2280 60.
736 2246 826 2281 Eam

100 2301 254 2327 auream
277 2296 402 2335 vocat,
434 2294 473 2327 id
499 2297 573 2335 est,
597 2294 761 2335 beatam,
786 2298 829 2327 ut

101 2339 180 2373 fere
207 2339 274 2373 od.
302 2343 334 2381 1,
359 2343 392 2382 5,
421 2343 453 2374 9.
480 2342 512 2382 2,
540 2343 595 2383 10,
620 2342 654 2374 5.
704 2340 827 2383 „Haec

100 2389 225 2420 autem
237 2387 358 2421 omnis
368 2388 517 2432 generis
526 2387 654 2433 fruges
664 2388 829 2422 fructus-

102 2444 176 2477 que
193 2434 304 2478 quasi
320 2434 366 2468 de
384 2435 487 2468 caelo
511 2435 551 2468 in
569 2438 708 2468 terram
724 2446 828 2469 nunc

101 2481 285 2523 defundit,
327 2491 348 2515 e
389 2492 506 2515 cornu
549 2493 618 2516 suo
656 2482 827 2516 omnibus

101 2526 336 2562 abundanter
361 2529 553 2573 largitur.“
598 2528 664 2570 „Si
690 2531 829 2571 defudit

102 2573 260 2618 legeris,
291 2578 375 2619 post
407 2586 566 2609 messem
592 2576 731 2620 scripta
756 2576 829 2610 erit

103 2618 288 2665 Epistola3
321 2622 354 2656 si
379 2623 561 2665 defundit,
587 2623 670 2667 ipso
696 2623 827 2657 messis

104 2666 303 2710 tempore.“
344 2669 489 2703 Bes-11..
530 2669 659 2703 Lectio
690 2672 829 2712 defudit

107 2715 190 2746 orta
233 2714 381 2749 videtur
427 2727 474 2750 ex
518 2716 828 2761 praecedentibus

874 887 965 919 libus
987 886 1106 927 pleno.
1145 885 1295 919 Similes
1319 888 1445 919 autem
1471 883 1601 918 laudes

873 932 1043 967 Caesaris
1068 932 1183 967 aetati
1208 932 1375 976 impertit
1399 933 1510 977 poeta
1533 930 1601 965 od.

871 983 905 1023 4,
931 982 964 1021 5,
992 982 1034 1013 17
1060 990 1142 1024 sqq.
1168 982 1202 1022 4,
1230 981 1285 1021 15,
1310 981 1331 1012 5
1358 989 1441 1024 sqq.
1563 1012 1568 1023 ,

917 1026 1019 1060 xm.
1055 1027 1184 1069 „Hanc
1215 1026 1421 1071 Epistulam
1455 1025 1502 1060 ad
1534 1024 1602 1059 Vi-

872 1074 976 1108 nium
1001 1074 1165 1108 Asellam
1193 1073 1268 1116 (vel
1285 1073 1438 1107 Asinam
1463 1083 1496 1107 v.
1515 1070 1602 1115 w),

872 1121 1049 1166 quisquis
1062 1121 1126 1155 ille
1143 1121 1227 1163 fuit,
1243 1120 1394 1155 missam
1409 1131 1490 1155 esse
1505 1131 1602 1154 nuu-

873 1179 982 1213 quam
1008 1168 1174 1202 adducar
1200 1172 1243 1201 ut
1267 1167 1428 1202 credam.
1457 1167 1502 1201 In
1526 1168 1602 1201 Au-

872 1216 973 1260 gusti
998 1216 1125 1260 potius
1154 1216 1310 1260 gratiam
1335 1215 1476 1259 scripta
1500 1214 1601 1249 vide-

872 1266 952 1303 tur,
986 1263 1047 1295 cui
1072 1265 1183 1306 poeta
1207 1262 1469 1296 verecundiam
1495 1272 1602 1296 suam

872 1310 933 1343 vix
957 1312 1105 1353 poterat
1121 1309 1384 1346 commendare
1407 1309 1601 1343 urbanius.

872 1356 1043 1390 Paratam
1060 1356 1191 1390 eadem
1214 1356 1376 1390 habebat
1391 1356 1603 1390 excusatio-

874 1414 971 1445 nem,
997 1403 1029 1437 si
1046 1403 1141 1437 forte
1157 1405 1330 1448 poemata
1346 1414 1416 1437 sua
1431 1403 1602 1448 Aug-usto

875 1450 921 1484 ab
962 1451 1093 1484 micis
1133 1450 1246 1484 nimis
1287 1450 1465 1484 officiosis
1505 1451 1602 1484 male

874 1500 1001 1531 essent
1016 1497 1155 1531 tradita
1170 1501 1236 1532 aut
1257 1497 1384 1531 minus
1401 1500 1487 1542 apte
1504 1508 1603 1531 com-

875 1544 1080 1578 mendata.“
1118 1544 1273 1578 Iacens.
1314 1544 1461 1578 Festive
1485 1544 1601 1590 igitur

875 1591 1026 1625 simulat
1051 1602 1092 1625 se
1116 1595 1267 1636 praeter
1292 1591 1478 1633 mandata,
1504 1603 1602 1636 quae

874 1638 975 1672 domi
1011 1638 1086 1673 iam
1129 1649 1239 1683 saepe
1275 1639 1420 1683 diuque
1461 1639 1602 1672 homini

874 1685 991 1727 bono,
1026 1685 1093 1719 sed
1118 1686 1328 1731 pinguioris
1354 1685 1517 1731 ingenii,
1546 1686 1603 1719 in-

874 1733 1051 1774 culcarit,
1085 1743 1133 1766 ne
1158 1733 1224 1767 illa
1251 1734 1325 1767 iam
1349 1733 1422 1767 iter
1446 1733 1601 1774 faciens,

873 1780 991 1824 magis
1025 1780 1137 1814 etiam
1174 1790 1255 1814 cum
1285 1780 1326 1813 in
1350 1780 1491 1814 Urbem
1515 1791 1600 1824 per-

873 1827 1030 1869 venerit,
1054 1827 1311 1870 obliviscatur,
1337 1827 1467 1861 eadem
1490 1827 1602 1861 etiam

874 1874 1010 1908 litteris
1047 1875 1288 1918 consignare,
1325 1875 1468 1918 hasque
1505 1875 1603 1908 litte-

874 1932 946 1963 ras,
972 1932 1065 1965 quas
1082 1922 1224 1963 Asella,
1250 1924 1292 1955 ut
1314 1921 1510 1965 probabile
1536 1926 1602 1964 est,

874 1979 1069 2012 nunquam
1086 1969 1191 2011 vidit,
1206 1973 1294 2012 post
1306 1969 1388 2003 eius
1401 1969 1601 2014 profectio-

875 2026 960 2048 nem
978 2026 1024 2048 ex
1039 2016 1192 2058 praedio
1210 2015 1348 2049 Sabino
1366 2027 1434 2060 per
1447 2016 1603 2050 tabella-

875 2062 972 2094 rium
1004 2063 1165 2095 mittere.
1212 2062 1300 2095 Fuit
1332 2066 1458 2096 autem
1494 2063 1603 2104 (nam

874 2118 1036 2151 persona
1060 2109 1144 2152 ipsa
1166 2119 1256 2142 vera
1281 2115 1355 2150 est,
1381 2112 1420 2142 et
1442 2109 1602 2143 fortasse

876 2158 986 2188 notus
1011 2155 1120 2188 homo
1146 2159 1227 2188 erat
1249 2156 1439 2200 Augusto)
1466 2156 1526 2190 vel
1551 2157 1603 2189 vi-

875 2201 983 2234 cinus
1007 2201 1174 2244 Horatii,
1207 2202 1267 2236 vel
1299 2213 1399 2236 unus
1432 2203 1603 2247 quinque

874 2247 1027 2281 illorum
1052 2248 1236 2282 bonorum
1260 2252 1428 2293 patrum,
1452 2250 1603 2286 colono-

876 2306 959 2328 rum
984 2295 1247 2339 partiariorum
1272 2297 1312 2329 in
1339 2297 1420 2331 cius
1443 2297 1601 2332 Sabino:

876 2352 1006 2376 servus
1039 2346 1141 2377 certe
1174 2343 1394 2378 tabellarius
1419 2355 1495 2378 non
1518 2345 1603 2387 fuit,

877 2399 960 2422 cum
986 2389 1059 2423 tria
1082 2391 1234 2424 nomina
1258 2390 1394 2425 Latina
1418 2392 1603 2434 habuerit,

878 2435 918 2469 C.
949 2436 1086 2471 Vinius
1119 2437 1258 2471 Fronto
1291 2438 1351 2471 vel
1382 2438 1529 2480 Asella,
1561 2443 1604 2472 ut

876 2483 983 2517 aiunt
1008 2483 1250 2518 Scholiastae.
1284 2484 1430 2530 Scripta
1454 2485 1602 2519 videtur

875 2528 1044 2574 Epistola
1060 2530 1301 2566 Lachmanno
1319 2533 1377 2566 vel
1394 2533 1549 2566 ineunte
1567 2543 1600 2565 a.

877 2578 956 2610 730.
981 2578 1039 2611 vel
1064 2582 1151 2612 ante
1177 2579 1336 2613 hiemem
1361 2590 1393 2612 a.
1413 2581 1510 2622 732.;
1536 2590 1602 2622 per

877 2624 1038 2658 medium
1057 2625 1155 2659 enim
1172 2629 1318 2670 tempus
1336 2629 1442 2659 extra
1457 2626 1603 2660 Italiam

878 2671 979 2716 degit
1001 2672 1208 2717 Augustus.
1256 2673 1404 2706 Franke
1430 2672 1471 2706 F.
1494 2672 1541 2706 Η.
1566 2684 1603 2717 p.

877 2719 933 2752 68.
958 2719 1075 2753 refert
1097 2719 1145 2754 ad
1169 2731 1202 2754 a.
1227 2722 1307 2754 731.
