1774 2930
186 161 272 202 310

653 161 862 211 HORATII
885 162 1235 198 EPISTOLARUM

302 261 487 318 Inspice,
520 262 557 303 si
587 276 763 318 possum
794 262 951 305 donata
980 278 1189 320 reponere
1218 265 1371 308 laetus.

304 332 434 375 Haud
463 333 576 375 male
609 333 907 387 Telemachus,
938 335 1080 391 proles
1111 336 1314 392 patientis
1344 328 1516 380 Ulixei:

1644 339 1703 380 40

303 403 401 446 Non
434 408 500 446 est
530 408 656 460 aptus
689 405 810 460 equis
840 405 986 447 Ithace
1016 406 1150 460 locus,
1181 411 1230 448 ut
1258 421 1399 464 neque
1429 409 1568 465 planis

303 475 531 517 Porrectus
565 475 716 531 spatiis
746 490 827 518 nec
857 476 1017 519 multae
1047 477 1251 534 prodigus
1282 478 1464 533 herbae,

301 546 467 599 Atride,
500 547 639 602 magis
673 551 774 603 apta
803 547 882 588 tibi
913 552 987 589 tua
1017 548 1129 591 dona
1158 549 1410 606 relinquam.

301 617 489 659 Parvum
520 632 653 673 parva
683 618 859 672 decent3
891 619 997 660 mihi
1029 620 1115 662 iam
1146 634 1233 662 non
1262 621 1384 676 regia
1411 619 1564 674 Roma,

303 687 388 731 Sed
420 703 601 731 vacuum
634 689 769 731 Tibur
799 690 941 746 placet
972 693 1046 732 aut
1074 691 1247 734 imbelle
1276 691 1524 734 Tarentum.

1644 693 1703 733 45

278 832 334 864 40.
360 832 536 872 sapientis
555 830 670 865 Codd.
689 831 791 875 aliq.,
818 834 859 864 ut
877 831 1028 866 volebat
1043 831 1253 867 Markland.
1269 851 1311 856 —
1329 834 1447 867 Ulixei
1472 833 1535 876 cE,
1561 843 1656 868 corr.

231 877 274 919 b,
307 877 360 911 o=
398 879 495 912 mm
522 878 592 921 Sd,

625 890 680 923 pr.
707 878 749 921 b,
782 878 838 922 M,
867 880 1002 920 Ulyssei.
1026 879 1145 913 LCtF.
1172 899 1215 904 —
1241 882 1299 914 41.
1332 882 1482 914 Ithacae
1507 880 1656 924 bc,LCt.

233 925 297 967 (Ut
322 936 403 967 nos,
428 925 652 971 Porphyrio,
679 925 760 959 SEd
787 929 823 960 et
848 936 913 960 sex
938 926 1140 970 Pottierii.)

182 1033 255 1065 es.u
296 1031 372 1066 Cfr.
390 1031 464 1067 Sat.
484 1034 517 1075 2,
535 1035 567 1075 6,
586 1034 642 1066 20.
679 1032 774 1077 Epp.
802 1034 834 1075 1,
862 1034 917 1075 16,

185 1081 239 1112 17.
255 1098 297 1102 —
314 1081 466 1122 Inspice,
483 1081 515 1113 si
529 1088 675 1122 possum
693 1080 778 1123 cet.]
799 1079 916 1125 „Age-

965 1035 1104 1077 partes.
1179 1033 1239 1069 Sic
1296 1035 1498 1068 laboriosus
1546 1037 1704 1068 vocatur

965 1079 1248 1124 Epod.17,16.
1277 1101 1319 1105 -
1346 1081 1494 1124 Ithace]
1527 1080 1707 1116 Nomina-

182 1126 270 1160 dum
289 1128 471 1171 experire,
495 1138 542 1161 an
560 1138 637 1161 non
661 1127 824 1172 possim“
845 1130 915 1162 cet.
964 1127 1064 1162 tivus
1087 1127 1255 1162 Graecus
1281 1128 1404 1174 aptior
1430 1131 1487 1163 est
1510 1129 1548 1162 h.
1566 1129 1590 1162 l.
1616 1140 1705 1173 pro-

181 1173 413 1208 Indicativus
440 1177 584 1208 certum
610 1174 836 1220 firmumque
861 1185 921 1208 ac-

183 1224 292 1265 cepta
304 1221 531 1255 restituendi
546 1222 780 1276 propositum
799 1222 921 1266 expri-

182 1269 261 1310 mit,
288 1272 324 1302 et
349 1269 570 1313 frequenter
597 1269 651 1303 sic
671 1269 824 1303 Comici.
852 1269 920 1303 Te-

182 1319 278 1349 rent.
305 1315 456 1350 Phorm.
484 1319 516 1359 3,
535 1319 567 1358 3,
586 1319 649 1350 2Ο;
679 1318 764 1350 Vide
790 1318 866 1358 opis
890 1318 922 1349 si

184 1365 271 1404 quid
284 1366 389 1405 poles
407 1366 542 1405 afferre
558 1365 651 1398 huic.
666 1384 711 1388 —-
729 1364 919 1407 reponere]

185 1411 431 1455 ,Mrependere
466 1411 662 1445 1·.“eddere
716 1412 844 1454 „Hanc
871 1411 921 1445 si-

182 1458 433 1492 militudinem
449 1458 661 1492 Schmidius
679 1470 701 1493 a
715 1459 843 1493 codice
861 1470 919 1493 ac-

183 1505 281 1550 cepti
301 1509 338 1539 et
361 1507 516 1551 expensi
535 1508 720 1550 sumptam
742 1508 844 1540 recte
862 1517 920 1540 ar-

182 1552 377 1587 bitratur.“
422 1553 568 1587 OBBAR.
606 1554 728 1588 Plaut.
754 1554 860 1588 Pers.
890 1556 920 1597 1,

186 1603 224 1643 1,
251 1602 318 1634 37:
356 1603 397 1634 Ul
429 1603 519 1634 mihi
552 1602 612 1634 des
644 1610 808 1635 nummos
838 1610 920 1634 sesr-

183 1651 355 1686 cenlos‚·-
374 1649 503 1690 -Quos
529 1650 714 1682 continuo
728 1650 792 1682 tibi
817 1657 921 1690 repo-

183 1704 269 1728 nam
305 1697 341 1728 in
374 1697 439 1728 hoc
464 1698 586 1730 triduo
613 1699 677 1729 aul
711 1697 919 1737 quatriduo.

186 1741 244 1776 Sic
264 1742 374 1776 etiam
393 1743 701 1787 interpretandus
720 1746 778 1777 est
790 1743 857 1776 Iuv
861 1754 919 1776 en.

186 1792 462 1831 1,1·Semper
486 1799 551 1831 eqo
577 1792 726 1824 auditor
751 1791 920 1823 tantum?

184 1845 419 1877 nunquamne
446 1839 647 1878 reponam?

232 1886 383 1918 40-43.
410 1886 524 1918 Haud
548 1884 663 1927 male]
701 1893 799 1927 „aar
826 1885 920 1917 nicht

183 1933 429 1973 unpassend.“
471 1951 512 1954 —
552 1933 782 1965 Telemachus
824 1931 919 1974 cet.]

186 1978 297 2020 „Non
334 1979 459 2013 minus
497 1982 668 2023 prompto
707 1979 830 2013 animo
873 1978 919 2012 ad

185 2027 310 2060 omnia
364 2027 431 2060 tibi
482 2026 718 2060 restituenda
766 2028 920 2070 paratus

185 2084 286 2113 sum,
322 2084 432 2118 quam
459 2085 533 2119 quo
561 2074 808 2108 Telemachus
835 2073 922 2107 olim

184 2122 460 2165 pulcherrimos
477 2132 595 2166 equos
614 2122 653 2154 in
670 2121 794 2166 patria
810 2121 922 2154 nimis

185 2179 319 2213 aspera
343 2169 499 2203 inutiles
528 2169 598 2203 sibi
624 2169 774 2202 futuros
800 2179 822 2202 a
844 2167 921 2202 Me-

186 2217 294 2250 nelao
310 2217 407 2250 dono
421 2218 595 2260 accipere
610 2215 767 2251 noluitf‘
788 2215 922 2269 Odyss.

184 2262 215 2302 ὁ,
242 2266 337 2297 601:
350 2260 510 2305 Ἵπτους
534 2263 566 2296 ὁ’
591 2275 644 2306 εις
665 2259 824 2318 ἶυΙθάκην
849 2274 921 2295 ουκ

184 2308 346 2354 ἅξοιιαι,
385 2309 483 2344 cim&
520 2312 585 2344 σοὶ
627 2308 730 2366 αὐτῷ
764 2306 922 2343 Ενθάδε

185 2358 309 2399 λείψω
359 2355 523 2402 ἄγαλμα·
567 2356 613 2391 σι)
663 2356 734 2404 γὰρ
777 2357 921 2391 πεδίοιο

184 2403 369 2469 ἀνάσσεις
393 2403 611 2460 Εῦρέος--·
636 2406 697 2439 ‘1131
730 2404 760 2437 ὸ’
790 2401 921 2450 Ιθάκῃ

185 2449 264 2486 θέτ’
290 2465 339 2500 αρ
360 2450 498 2500 ὁοόμοι
523 2451 607 2499 εὗρε
603 2455 649 2495 ἐς
673 2449 760 2486 οὔτε
787 2463 820 2486 τι
846 2452 922 2485 λει-

185 2498 280 2543 μῶν·
306 2485 526 2544 Αἰγίβοτος,
561 2503 626 2533 καὶ
655 2499 802 2543 μᾶλλον
828 2497 923 2543 ⁶³:07¹-

187 2559 302 2594 ρατος
328 2545 570 2587 ἱπποβότοιο.
586 2567 628 2571 —
640 2547 828 2590 pacientis]
855 2547 922 2581 Est

187 2596 429 2630 Homericum
445 2592 541 2628 πολύ
537 2594 585 2628 τ7
588 2607 644 2636 ας,
663 2594 922 2649 ταλασίφρων,

187 2645 379 2688 epitheton
414 2643 540 2677 herois
573 2645 819 2686 perpetuum,
860 2642 922 2676 cui

187 2693 283 2726 male
296 2691 576 2726 substituerunt
589 2690 764 2723 nonnulli
779 2691 923 2731 sapien-

188 2741 249 2778 tis,
286 2739 393 2773 cuius
427 2737 550 2772 laudis
586 2737 646 2770 hic
679 2737 806 2770 nullae
834 2739 923 2770 sunt

969 1177 1052 1219 pter
1094 1175 1308 1210 iuncturam
1349 1186 1434 1209 cum
1475 1186 1532 1209 Π.
1577 1177 1704 1210 locus-

969 1224 1162 1256 Porreclas
1218 1233 1328 1268 quam
1385 1222 1574 1268 genitivus
1622 1223 1704 1257 Lat.

968 1268 1070 1303 Idem
1108 1270 1297 1314 reperitur
1331 1269 1438 1304 Ovid.
1471 1269 1584 1304 Trist.
1612 1272 1644 1312 1,
1669 1273 1703 1313 5,

970 1318 1027 1350 67.
1075 1316 1223 1351 Metam.
1260 1319 1316 1359 14,
1350 1319 1450 1359 169.,
1487 1327 1704 1361 quanquam

969 1366 1100 1398 notum
1134 1367 1191 1399 est
1223 1365 1263 1398 in
1297 1363 1430 1399 Satiris
1463 1367 1500 1398 et
1522 1363 1703 1408 Epistolis

967 1411 1166 1446 Horatium
1195 1412 1326 1446 formis
1351 1411 1516 1454 Latinis,
1550 1411 1704 1445 Graecis

968 1459 1007 1491 in
1041 1459 1187 1493 melicis
1217 1459 1442 1540 ple51umque
1474 1469 1584 1493 usum
1610 1469 1705 1493 esse.

970 1505 1045 1539 Ofr.
1081 1506 1156 1540 Sat.
1174 1508 1285 1554 2,5
1296 1532 1305 1549 ,
1340 1509 1398 1541 76.
1422 1523 1471 1531 —
1494 1506 1705 1550 Pom-ectus]

971 1552 1031 1587 Sic
1059 1544 1195 1588 Caesar
1226 1554 1269 1588 B.
1296 1553 1405 1596 G.2,
1432 1555 1499 1587 19:
1532 1555 1706 1595 porrecta

971 1602 1052 1634 loca
1093 1604 1233 1643 aperta.
1273 1620 1317 1625 —-
1354 1602 1493 1635 multae
1528 1602 1705 1642 prodique

969 1648 1119 1691 herbae]
1146 1648 1252 1682 Conf.
1271 1648 1397 1691 Od..1,
1424 1650 1479 1690 12,
1505 1650 1562 1681 38.
1590 1650 1621 1689 1,
1649 1648 1704 1690 18,

973 1698 1026 1729 16.
1043 1695 1242 1738 —spaliid
1270 1696 1391 1738 „locis
1417 1705 1597 1728 curruum
1624 1705 1705 1729 cer-

970 1743 1173 1776 taminibus
1191 1742 1320 1786 aptis.“
1349 1742 1425 1776 Cfr.
1439 1741 1545 1786 Virg.
1567 1741 1704 1787 Goorg.

972 1792 1002 1829 1,
1028 1791 1108 1823 513.
1143 1792 1176 1831 2,
1202 1791 1283 1823 541.
1301 1806 1348 1813 -—
1364 1789 1504 1831 Atride]
1530 1787 1704 1834 Ἀτρείδη.

970 1835 1111 1870 Contra
1126 1837 1256 1869 Atrida
1278 1836 1412 1870 ultima
1436 1839 1611 1881 correpta
1629 1835 1703 1870 Sat.

969 1885 1002 1926 2,
1028 1886 1061 1926 3,
1088 1885 1167 1917 187.
1193 1903 1238 1907 -
1264 1883 1351 1927 tibi]
1388 1884 1551 1917 refertur
1586 1886 1624 1917 et
1655 1883 1704 1917 ad

969 1941 1001 1964 v.
1028 1933 1118 1972 apta
1142 1934 1179 1964 et
1203 1930 1249 1964 ad
1275 1941 1308 1963 v.
1331 1931 1551 1972 relinquam,
1575 1933 1618 1963 ut
1634 1930 1704 1964 Od.

969 1979 1010 2020 2,
1036 1980 1068 2021 8,
1096 1980 1162 2012 17:
1194 1979 1307 2019 pubes
1337 1978 1401 2011 tibi
1425 1979 1552 2011 crescit
1576 1979 1703 2020 omnis,

967 2027 1130 2059 Servitus
1155 2025 1256 2068 (tibi)
1283 2026 1408 2058 crescit
1432 2033 1540 2058 nova.

1019 2075 1076 2106 44.
1102 2075 1158 2106 45.
1184 2073 1289 2114 reqia
1312 2071 1447 2115 Roma]
1474 2071 1549 2106 Ofr.
1576 2071 1644 2106 Od.
1670 2074 1704 2115 4,

971 2122 1011 2163 3,
1053 2122 1119 2154 13:
1161 2122 1300 2153 Romae
1334 2121 1509 2162 principis
1545 2120 1704 2153 arbium.
1739 2126 1741 2128 ’

972 2171 1008 2201 et
1033 2170 1073 2210 4,
1103 2170 1164 2210 14,
1195 2170 1263 2201 44:
1296 2168 1432 2200 Italiae
1462 2167 1705 2207 dominaeque

970 2217 1179 2248 Romae.-
1197 2214 1369 2258 vacuum]
1397 2224 1496 2256 „non
1521 2213 1703 2258 frequens

971 2265 1008 2296 et
1048 2262 1294 2307 populosum,
1336 2261 1402 2296 sed
1443 2263 1597 2306 propter
1633 2261 1705 2295 hoc

969 2309 1095 2354 ipsum
1136 2309 1297 2343 liberum
1334 2320 1356 2343 a
1393 2307 1554 2352 strepitu
1590 2307 1703 2342 Urbis

971 2357 1183 2401 studiisque
1216 2356 1309 2390 meis
1344 2355 1504 2400 aptum.“
1556 2354 1618 2388 Sic
1639 2364 1704 2388 va-

970 2413 1077 2437 cuum
1101 2412 1227 2437 nemus
1252 2402 1321 2437 od.
1348 2405 1381 2446 3,
1399 2404 1455 2445 25,
1483 2404 1538 2436 13.
1562 2411 1704 2436 vacuae

969 2453 1132 2485 Athenae
1172 2450 1266 2495 Epp.
1308 2452 1346 2492 2,
1388 2451 1427 2492 2,
1469 2451 1525 2483 81.
1565 2457 1704 2483 vacuae

968 2500 1127 2532 Acerrae
1161 2497 1265 2542 Virg.
1305 2497 1372 2531 Ge.
1405 2499 1447 2539 2,
1485 2498 1565 2531 225.
1625 2495 1703 2528 Alii

969 2546 1094 2579 minus
1119 2548 1222 2579 recte
1251 2543 1474 2587 „otiosum“
1502 2542 1702 2587 explicant.

971 2592 1046 2627 Cfr.
1074 2591 1143 2626 Od.
1169 2594 1209 2634 2,
1235 2594 1276 2634 6,
1302 2594 1323 2625 5
1349 2602 1432 2635 sqq.
1467 2609 1510 2613 —
1543 2589 1704 2632 imbelle]

972 2639 1066 2683 „ubi
1110 2640 1234 2673 omnia
1274 2637 1482 2682 tranquilla
1528 2639 1619 2671 sunt
1666 2639 1704 2670 et

970 2687 1151 2732 placata.“
1193 2686 1266 2720 Sat.
1293 2688 1324 2728 2,
1350 2687 1384 2728 4,
1411 2686 1474 2718 34:
1499 2685 1608 2718 ‘molle
1633 2685 1703 2717 Ta·

969 2737 1125 2769 rentum.
1678 2750 1683 2754 ⁴
