<?xml version="1.0" encoding="UTF-8"?>
<!DOCTYPE html PUBLIC "-//W3C//DTD XHTML 1.0 Transitional//EN"
    "http://www.w3.org/TR/xhtml1/DTD/xhtml1-transitional.dtd">
<html xmlns="http://www.w3.org/1999/xhtml" xml:lang="en" lang="en">
 <head>
  <title>
</title>
<meta http-equiv="Content-Type" content="text/html;charset=utf-8" />
  <meta name='ocr-system' content='tesseract 3.04.00' />
  <meta name='ocr-capabilities' content='ocr_page ocr_carea ocr_par ocr_line ocrx_word'/>
</head>
<body>
  <div class='ocr_page' id='page_1' title='image "./qhoratiusflaccus00horauoft_0344.png"; bbox 0 0 1774 2930; ppageno 0'>
   <div class='ocr_carea' id='block_1_1' title="bbox 129 139 216 180">
    <p class='ocr_par' dir='ltr' id='par_1_1' title="bbox 129 139 216 180">
     <span class='ocr_line' id='line_1_1' title="bbox 129 139 216 180; baseline 0.011 -1"><span class='ocrx_word' id='word_1_1' title='bbox 129 139 216 180; x_wconf 84' lang='lat'>236</span> 
     </span>
    </p>
   </div>
   <div class='ocr_carea' id='block_1_2' title="bbox 631 137 1211 175">
    <p class='ocr_par' dir='ltr' id='par_1_2' title="bbox 631 137 1211 175">
     <span class='ocr_line' id='line_1_2' title="bbox 631 137 1211 175; baseline 0.003 -2"><span class='ocrx_word' id='word_1_2' title='bbox 631 139 840 174; x_wconf 78' lang='lat' dir='ltr'>HORATII</span> <span class='ocrx_word' id='word_1_3' title='bbox 864 137 1211 175; x_wconf 66' lang='lat' dir='ltr'><strong>EPISTOL‘ARUM</strong></span> 
     </span>
    </p>
   </div>
   <div class='ocr_carea' id='block_1_3' title="bbox 245 239 1653 579">
    <p class='ocr_par' dir='ltr' id='par_1_3' title="bbox 247 239 1369 296">
     <span class='ocr_line' id='line_1_3' title="bbox 247 239 1369 296; baseline 0.002 -14"><span class='ocrx_word' id='word_1_4' title='bbox 247 239 330 282; x_wconf 91' lang='lat' dir='ltr'>Vel</span> <span class='ocrx_word' id='word_1_5' title='bbox 361 241 462 296; x_wconf 83' lang='lat' dir='ltr'>quia</span> <span class='ocrx_word' id='word_1_6' title='bbox 492 244 644 282; x_wconf 78' lang='lat' dir='ltr'>cuncta</span> <span class='ocrx_word' id='word_1_7' title='bbox 674 244 800 296; x_wconf 86' lang='lat' dir='ltr'>putas</span> <span class='ocrx_word' id='word_1_8' title='bbox 831 253 919 282; x_wconf 88' lang='lat' dir='ltr'>una</span> <span class='ocrx_word' id='word_1_9' title='bbox 947 240 1106 283; x_wconf 85' lang='lat' dir='ltr'>virtute</span> <span class='ocrx_word' id='word_1_10' title='bbox 1136 241 1369 284; x_wconf 69' lang='grc'>111111010.“</span> 
     </span>
    </p>

    <p class='ocr_par' dir='ltr' id='par_1_4' title="bbox 246 310 1286 368">
     <span class='ocr_line' id='line_1_4' title="bbox 246 310 1286 368; baseline 0.003 -16"><span class='ocrx_word' id='word_1_11' title='bbox 246 310 471 364; x_wconf 81' lang='lat' dir='ltr'>Miramur,</span> <span class='ocrx_word' id='word_1_12' title='bbox 505 311 542 352; x_wconf 86' lang='lat' dir='ltr'>si</span> <span class='ocrx_word' id='word_1_13' title='bbox 573 310 810 353; x_wconf 80' lang='lat' dir='ltr'><strong>Democriti</strong></span> <span class='ocrx_word' id='word_1_14' title='bbox 840 324 993 367; x_wconf 88' lang='lat' dir='ltr'>pecus</span> <span class='ocrx_word' id='word_1_15' title='bbox 1004 311 1094 353; x_wconf 90' lang='lat' dir='ltr'>edit</span> <span class='ocrx_word' id='word_1_16' title='bbox 1124 312 1286 368; x_wconf 81' lang='lat' dir='ltr'>agellos</span> 
     </span>
    </p>

    <p class='ocr_par' dir='ltr' id='par_1_5' title="bbox 248 381 1620 510">
     <span class='ocr_line' id='line_1_5' title="bbox 249 381 1620 440; baseline 0.004 -17"><span class='ocrx_word' id='word_1_17' title='bbox 249 381 474 438; x_wconf 85' lang='lat' dir='ltr'>Cultaque,</span> <span class='ocrx_word' id='word_1_18' title='bbox 508 381 609 423; x_wconf 90' lang='lat' dir='ltr'>dum</span> <span class='ocrx_word' id='word_1_19' title='bbox 639 395 821 437; x_wconf 86' lang='lat' dir='ltr'>peregre</span> <span class='ocrx_word' id='word_1_20' title='bbox 853 385 919 424; x_wconf 90' lang='lat' dir='ltr'>est</span> <span class='ocrx_word' id='word_1_21' title='bbox 945 382 1111 424; x_wconf 86' lang='lat' dir='ltr'>animus</span> <span class='ocrx_word' id='word_1_22' title='bbox 1144 383 1237 425; x_wconf 91' lang='lat' dir='ltr'>sine</span> <span class='ocrx_word' id='word_1_23' title='bbox 1268 397 1444 440; x_wconf 87' lang='lat' dir='ltr'>corpore</span> <span class='ocrx_word' id='word_1_24' title='bbox 1474 386 1620 440; x_wconf 81' lang='lat' dir='ltr'>velox3</span> 
     </span>
     <span class='ocr_line' id='line_1_6' title="bbox 248 451 1432 510; baseline 0.003 -16"><span class='ocrx_word' id='word_1_25' title='bbox 248 451 358 494; x_wconf 82' lang='lat' dir='ltr'>Cum</span> <span class='ocrx_word' id='word_1_26' title='bbox 389 456 436 493; x_wconf 92' lang='lat' dir='ltr'>tu</span> <span class='ocrx_word' id='word_1_27' title='bbox 467 452 580 494; x_wconf 87' lang='lat' dir='ltr'>inter</span> <span class='ocrx_word' id='word_1_28' title='bbox 611 453 800 495; x_wconf 80' lang='lat' dir='ltr'>scabiem</span> <span class='ocrx_word' id='word_1_29' title='bbox 831 456 993 495; x_wconf 83' lang='lat' dir='ltr'>tantam</span> <span class='ocrx_word' id='word_1_30' title='bbox 1026 458 1069 496; x_wconf 85' lang='lat' dir='ltr'>et</span> <span class='ocrx_word' id='word_1_31' title='bbox 1099 454 1299 510; x_wconf 84' lang='lat' dir='ltr'>contagia</span> <span class='ocrx_word' id='word_1_32' title='bbox 1326 455 1432 497; x_wconf 93' lang='lat' dir='ltr'>lucri</span> 
     </span>
    </p>

    <p class='ocr_par' dir='ltr' id='par_1_6' title="bbox 245 522 1653 579">
     <span class='ocr_line' id='line_1_7' title="bbox 245 522 1653 579; baseline 0.004 -15"><span class='ocrx_word' id='word_1_33' title='bbox 245 522 316 564; x_wconf 88' lang='lat' dir='ltr'>Nil</span> <span class='ocrx_word' id='word_1_34' title='bbox 348 537 527 578; x_wconf 80' lang='lat' dir='ltr'>parvum</span> <span class='ocrx_word' id='word_1_35' title='bbox 560 524 702 579; x_wconf 79' lang='lat' dir='ltr'>sapias</span> <span class='ocrx_word' id='word_1_36' title='bbox 736 528 779 566; x_wconf 89' lang='lat' dir='ltr'>et</span> <span class='ocrx_word' id='word_1_37' title='bbox 810 523 948 566; x_wconf 87' lang='lat' dir='ltr'>adhuc</span> <span class='ocrx_word' id='word_1_38' title='bbox 980 523 1180 567; x_wconf 82' lang='lat' dir='ltr'>sublimia</span> <span class='ocrx_word' id='word_1_39' title='bbox 1210 538 1356 568; x_wconf 86' lang='lat' dir='ltr'>cures:</span> <span class='ocrx_word' id='word_1_40' title='bbox 1597 528 1653 569; x_wconf 89' lang='grc'>15</span> 
     </span>
    </p>
   </div>
   <div class='ocr_carea' id='block_1_4' title="bbox 115 676 864 2753">
    <p class='ocr_par' dir='ltr' id='par_1_7' title="bbox 122 676 864 1183">
     <span class='ocr_line' id='line_1_8' title="bbox 126 676 863 721; baseline 0.004 -13"><span class='ocrx_word' id='word_1_41' title='bbox 126 685 211 717; x_wconf 88' lang='grc'>11118,</span> <span class='ocrx_word' id='word_1_42' title='bbox 229 676 349 710; x_wconf 88' lang='lat' dir='ltr'>bonae</span> <span class='ocrx_word' id='word_1_43' title='bbox 368 676 577 710; x_wconf 84' lang='lat' dir='ltr'>valetudini</span> <span class='ocrx_word' id='word_1_44' title='bbox 593 677 705 710; x_wconf 90' lang='lat' dir='ltr'>unice</span> <span class='ocrx_word' id='word_1_45' title='bbox 724 682 863 721; x_wconf 81' lang='lat' dir='ltr'>aptum,</span> 
     </span>
     <span class='ocr_line' id='line_1_9' title="bbox 127 723 863 768; baseline 0.001 -12"><span class='ocrx_word' id='word_1_46' title='bbox 127 723 282 756; x_wconf 83' lang='lat' dir='ltr'>servat.“</span> <span class='ocrx_word' id='word_1_47' title='bbox 327 723 446 768; x_wconf 84' lang='lat' dir='ltr'>Epod.</span> <span class='ocrx_word' id='word_1_48' title='bbox 472 726 506 765; x_wconf 84' lang='lat'>4,</span> <span class='ocrx_word' id='word_1_49' title='bbox 532 727 572 758; x_wconf 88' lang='lat'>6:</span> <span class='ocrx_word' id='word_1_50' title='bbox 598 725 763 757; x_wconf 78' lang='lat' dir='ltr'><em>Fortuna</em></span> <span class='ocrx_word' id='word_1_51' title='bbox 790 733 863 757; x_wconf 77' lang='lat' dir='ltr'>non</span> 
     </span>
     <span class='ocr_line' id='line_1_10' title="bbox 125 770 861 812; baseline 0.004 -10"><span class='ocrx_word' id='word_1_52' title='bbox 125 773 242 803; x_wconf 88' lang='lat' dir='ltr'>mutat</span> <span class='ocrx_word' id='word_1_53' title='bbox 261 779 383 812; x_wconf 72' lang='lat' dir='ltr'>oenus.</span> <span class='ocrx_word' id='word_1_54' title='bbox 404 770 543 805; x_wconf 84' lang='lat' dir='ltr'>Scholii</span> <span class='ocrx_word' id='word_1_55' title='bbox 563 771 647 805; x_wconf 90' lang='lat' dir='ltr'>loco</span> <span class='ocrx_word' id='word_1_56' title='bbox 666 774 745 805; x_wconf 90' lang='grc'>0010</span> <span class='ocrx_word' id='word_1_57' title='bbox 766 771 861 805; x_wconf 88' lang='lat' dir='ltr'>illud</span> 
     </span>
     <span class='ocr_line' id='line_1_11' title="bbox 126 816 862 863; baseline 0.001 -13"><span class='ocrx_word' id='word_1_58' title='bbox 126 816 296 852; x_wconf 82' lang='lat' dir='ltr'>Cornelii</span> <span class='ocrx_word' id='word_1_59' title='bbox 322 817 413 863; x_wconf 85' lang='lat' dir='ltr'>Nep.</span> <span class='ocrx_word' id='word_1_60' title='bbox 440 818 516 852; x_wconf 83' lang='lat' dir='ltr'>Att.</span> <span class='ocrx_word' id='word_1_61' title='bbox 544 821 606 852; x_wconf 86' lang='lat'>14:</span> <span class='ocrx_word' id='word_1_62' title='bbox 643 820 730 852; x_wconf 88' lang='lat' dir='ltr'>Cum</span> <span class='ocrx_word' id='word_1_63' title='bbox 756 821 862 852; x_wconf 76' lang='lat' dir='ltr'>tanta</span> 
     </span>
     <span class='ocr_line' id='line_1_12' title="bbox 123 863 864 908; baseline 0.001 -10"><span class='ocrx_word' id='word_1_64' title='bbox 123 863 305 905; x_wconf 62' lang='lat' dir='ltr'>pecuniae</span> <span class='ocrx_word' id='word_1_65' title='bbox 331 867 434 907; x_wconf 81' lang='lat' dir='ltr'>sacta</span> <span class='ocrx_word' id='word_1_66' title='bbox 460 868 548 899; x_wconf 79' lang='lat' dir='ltr'>esset</span> <span class='ocrx_word' id='word_1_67' title='bbox 576 868 744 908; x_wconf 79' lang='lat' dir='ltr'>accessio,</span> <span class='ocrx_word' id='word_1_68' title='bbox 771 868 864 899; x_wconf 69' lang='lat' dir='ltr'>nihil</span> 
     </span>
     <span class='ocr_line' id='line_1_13' title="bbox 125 913 862 955; baseline 0.001 -10"><span class='ocrx_word' id='word_1_69' title='bbox 125 913 167 945; x_wconf 79' lang='lat' dir='ltr'>de</span> <span class='ocrx_word' id='word_1_70' title='bbox 193 914 407 952; x_wconf 76' lang='lat' dir='ltr'>quotidiano</span> <span class='ocrx_word' id='word_1_71' title='bbox 433 914 535 946; x_wconf 87' lang='lat' dir='ltr'>cuttu</span> <span class='ocrx_word' id='word_1_72' title='bbox 566 915 771 955; x_wconf 85' lang='lat' dir='ltr'>mutavit,</span> <span class='ocrx_word' id='word_1_73' title='bbox 807 915 862 946; x_wconf 77' lang='lat' dir='ltr'>m·-</span> 
     </span>
     <span class='ocr_line' id='line_1_14' title="bbox 126 960 861 1002; baseline 0.003 -10"><span class='ocrx_word' id='word_1_74' title='bbox 126 960 178 992; x_wconf 76' lang='lat' dir='ltr'>hil</span> <span class='ocrx_word' id='word_1_75' title='bbox 202 961 245 992; x_wconf 87' lang='lat' dir='ltr'>de</span> <span class='ocrx_word' id='word_1_76' title='bbox 269 961 368 993; x_wconf 80' lang='lat' dir='ltr'>vitae</span> <span class='ocrx_word' id='word_1_77' title='bbox 387 962 656 1002; x_wconf 77' lang='lat' dir='ltr'>consuetudine,</span> <span class='ocrx_word' id='word_1_78' title='bbox 683 963 861 1001; x_wconf 74' lang='lat' dir='ltr'>tantaque</span> 
     </span>
     <span class='ocr_line' id='line_1_15' title="bbox 124 1008 861 1050; baseline 0.004 -12"><span class='ocrx_word' id='word_1_79' title='bbox 124 1015 210 1039; x_wconf 82' lang='lat' dir='ltr'>usus</span> <span class='ocrx_word' id='word_1_80' title='bbox 237 1010 286 1040; x_wconf 83' lang='lat' dir='ltr'>est</span> <span class='ocrx_word' id='word_1_81' title='bbox 309 1008 573 1050; x_wconf 77' lang='lat' dir='ltr'>moderatione,</span> <span class='ocrx_word' id='word_1_82' title='bbox 599 1010 782 1050; x_wconf 80' lang='lat' dir='ltr'>ut--pari</span> <span class='ocrx_word' id='word_1_83' title='bbox 804 1010 861 1049; x_wconf 89' lang='lat' dir='ltr'>sa-</span> 
     </span>
     <span class='ocr_line' id='line_1_16' title="bbox 122 1055 861 1096; baseline 0.003 -10"><span class='ocrx_word' id='word_1_84' title='bbox 122 1055 230 1095; x_wconf 74' lang='lat' dir='ltr'>stim&#39;o</span> <span class='ocrx_word' id='word_1_85' title='bbox 263 1056 402 1088; x_wconf 82' lang='lat' dir='ltr'>steterit</span> <span class='ocrx_word' id='word_1_86' title='bbox 436 1056 475 1087; x_wconf 78' lang='lat' dir='ltr'>in</span> <span class='ocrx_word' id='word_1_87' title='bbox 507 1058 664 1095; x_wconf 83' lang='lat' dir='ltr'>utraque</span> <span class='ocrx_word' id='word_1_88' title='bbox 697 1057 861 1096; x_wconf 78' lang='lat' dir='ltr'>fortuna.</span> 
     </span>
     <span class='ocr_line' id='line_1_17' title="bbox 123 1102 861 1144; baseline 0.001 -10"><span class='ocrx_word' id='word_1_89' title='bbox 123 1119 169 1125; x_wconf 83' lang='lat'>--</span> <span class='ocrx_word' id='word_1_90' title='bbox 187 1104 317 1135; x_wconf 73' lang='lat' dir='ltr'>cuncta</span> <span class='ocrx_word' id='word_1_91' title='bbox 338 1105 446 1143; x_wconf 80' lang='lat' dir='ltr'>putas</span> <span class='ocrx_word' id='word_1_92' title='bbox 465 1102 549 1144; x_wconf 78' lang='grc'>001]</span> <span class='ocrx_word' id='word_1_93' title='bbox 577 1113 621 1135; x_wconf 84' lang='lat' dir='ltr'>ex</span> <span class='ocrx_word' id='word_1_94' title='bbox 648 1102 861 1137; x_wconf 86' lang='lat' dir='ltr'>Stoicorum</span> 
     </span>
     <span class='ocr_line' id='line_1_18' title="bbox 123 1148 309 1183; baseline 0.011 -2"><span class='ocrx_word' id='word_1_95' title='bbox 123 1148 309 1183; x_wconf 86' lang='lat' dir='ltr'>doctrina.</span> 
     </span>
    </p>

    <p class='ocr_par' dir='ltr' id='par_1_8' title="bbox 115 1196 862 2753">
     <span class='ocr_line' id='line_1_19' title="bbox 171 1196 859 1239; baseline 0.003 -11"><span class='ocrx_word' id='word_1_96' title='bbox 171 1197 316 1229; x_wconf 85' lang='lat'>12-14.</span> <span class='ocrx_word' id='word_1_97' title='bbox 348 1198 536 1233; x_wconf 81' lang='lat' dir='ltr'>Miramur</span> <span class='ocrx_word' id='word_1_98' title='bbox 567 1196 652 1239; x_wconf 89' lang='lat' dir='ltr'>cet.]</span> <span class='ocrx_word' id='word_1_99' title='bbox 687 1196 859 1239; x_wconf 86' lang='lat' dir='ltr'>„Virtuti</span> 
     </span>
     <span class='ocr_line' id='line_1_20' title="bbox 122 1243 862 1278; baseline 0.003 -2"><span class='ocrx_word' id='word_1_100' title='bbox 122 1245 246 1277; x_wconf 89' lang='lat' dir='ltr'>autem</span> <span class='ocrx_word' id='word_1_101' title='bbox 280 1247 317 1277; x_wconf 86' lang='lat' dir='ltr'>te</span> <span class='ocrx_word' id='word_1_102' title='bbox 350 1244 410 1276; x_wconf 83' lang='lat' dir='ltr'>vel</span> <span class='ocrx_word' id='word_1_103' title='bbox 443 1244 603 1277; x_wconf 83' lang='lat' dir='ltr'>maxime</span> <span class='ocrx_word' id='word_1_104' title='bbox 639 1243 792 1278; x_wconf 89' lang='lat' dir='ltr'>studere</span> <span class='ocrx_word' id='word_1_105' title='bbox 825 1248 862 1278; x_wconf 88' lang='lat' dir='ltr'>et</span> 
     </span>
     <span class='ocr_line' id='line_1_21' title="bbox 121 1290 860 1336; baseline 0.003 -13"><span class='ocrx_word' id='word_1_106' title='bbox 121 1290 383 1334; x_wconf 80' lang='lat' dir='ltr'>philosophiae</span> <span class='ocrx_word' id='word_1_107' title='bbox 404 1290 573 1324; x_wconf 87' lang='lat' dir='ltr'>deditum</span> <span class='ocrx_word' id='word_1_108' title='bbox 592 1302 676 1325; x_wconf 88' lang='lat' dir='ltr'>esse</span> <span class='ocrx_word' id='word_1_109' title='bbox 694 1291 860 1336; x_wconf 87' lang='lat' dir='ltr'>gaudeo;</span> 
     </span>
     <span class='ocr_line' id='line_1_22' title="bbox 123 1337 860 1380; baseline 0.003 -10"><span class='ocrx_word' id='word_1_110' title='bbox 123 1337 263 1371; x_wconf 79' lang='lat' dir='ltr'>etenim</span> <span class='ocrx_word' id='word_1_111' title='bbox 297 1338 328 1371; x_wconf 91' lang='lat' dir='ltr'>si</span> <span class='ocrx_word' id='word_1_112' title='bbox 362 1337 562 1380; x_wconf 82' lang='lat' dir='ltr'>miramur,</span> <span class='ocrx_word' id='word_1_113' title='bbox 600 1338 860 1372; x_wconf 80' lang='lat' dir='ltr'>Democritum</span> 
     </span>
     <span class='ocr_line' id='line_1_23' title="bbox 121 1385 859 1430; baseline 0.004 -13"><span class='ocrx_word' id='word_1_114' title='bbox 121 1385 230 1418; x_wconf 89' lang='lat' dir='ltr'>illum</span> <span class='ocrx_word' id='word_1_115' title='bbox 247 1396 326 1419; x_wconf 92' lang='lat' dir='ltr'>rem</span> <span class='ocrx_word' id='word_1_116' title='bbox 338 1385 566 1419; x_wconf 82' lang='lat' dir='ltr'>familiarem</span> <span class='ocrx_word' id='word_1_117' title='bbox 585 1387 632 1419; x_wconf 95' lang='lat' dir='ltr'>ob</span> <span class='ocrx_word' id='word_1_118' title='bbox 651 1386 859 1430; x_wconf 81' lang='lat' dir='ltr'>sapientiae</span> 
     </span>
     <span class='ocr_line' id='line_1_24' title="bbox 121 1432 859 1478; baseline 0.003 -13"><span class='ocrx_word' id='word_1_119' title='bbox 121 1432 247 1466; x_wconf 81' lang='lat' dir='ltr'>studia</span> <span class='ocrx_word' id='word_1_120' title='bbox 282 1443 438 1477; x_wconf 88' lang='lat' dir='ltr'>prorsus</span> <span class='ocrx_word' id='word_1_121' title='bbox 472 1433 706 1478; x_wconf 81' lang='lat' dir='ltr'>neglexisse,</span> <span class='ocrx_word' id='word_1_122' title='bbox 740 1434 859 1467; x_wconf 89' lang='lat' dir='ltr'>multo</span> 
     </span>
     <span class='ocr_line' id='line_1_25' title="bbox 121 1479 859 1524; baseline 0.003 -12"><span class='ocrx_word' id='word_1_123' title='bbox 121 1479 238 1524; x_wconf 83' lang='lat' dir='ltr'>magis</span> <span class='ocrx_word' id='word_1_124' title='bbox 264 1480 435 1524; x_wconf 85' lang='lat' dir='ltr'>profecto</span> <span class='ocrx_word' id='word_1_125' title='bbox 466 1482 502 1514; x_wconf 88' lang='lat' dir='ltr'>te</span> <span class='ocrx_word' id='word_1_126' title='bbox 537 1480 766 1514; x_wconf 82' lang='lat' dir='ltr'>admiremur</span> <span class='ocrx_word' id='word_1_127' title='bbox 793 1491 859 1514; x_wconf 88' lang='grc'>110-</span> 
     </span>
     <span class='ocr_line' id='line_1_26' title="bbox 122 1527 860 1573; baseline 0.003 -13"><span class='ocrx_word' id='word_1_128' title='bbox 122 1537 228 1560; x_wconf 88' lang='grc'>00000</span> <span class='ocrx_word' id='word_1_129' title='bbox 255 1530 322 1569; x_wconf 86' lang='grc'>001,</span> <span class='ocrx_word' id='word_1_130' title='bbox 349 1527 415 1572; x_wconf 91' lang='lat' dir='ltr'>qui</span> <span class='ocrx_word' id='word_1_131' title='bbox 434 1527 535 1561; x_wconf 90' lang='grc'>111101·</span> <span class='ocrx_word' id='word_1_132' title='bbox 561 1528 681 1562; x_wconf 85' lang='lat' dir='ltr'>multa</span> <span class='ocrx_word' id='word_1_133' title='bbox 706 1528 860 1573; x_wconf 84' lang='lat' dir='ltr'>negotia</span> 
     </span>
     <span class='ocr_line' id='line_1_27' title="bbox 121 1575 859 1618; baseline 0.001 -11"><span class='ocrx_word' id='word_1_134' title='bbox 121 1575 337 1608; x_wconf 85' lang='lat' dir='ltr'>necessaria</span> <span class='ocrx_word' id='word_1_135' title='bbox 363 1575 532 1618; x_wconf 90' lang='lat' dir='ltr'>quidem,</span> <span class='ocrx_word' id='word_1_136' title='bbox 567 1575 634 1609; x_wconf 89' lang='lat' dir='ltr'>sed</span> <span class='ocrx_word' id='word_1_137' title='bbox 666 1576 859 1610; x_wconf 86' lang='lat' dir='ltr'>interdum</span> 
     </span>
     <span class='ocr_line' id='line_1_28' title="bbox 120 1621 858 1665; baseline 0.001 -10"><span class='ocrx_word' id='word_1_138' title='bbox 120 1621 351 1665; x_wconf 78' lang='lat' dir='ltr'>sordidiora,</span> <span class='ocrx_word' id='word_1_139' title='bbox 386 1624 428 1656; x_wconf 89' lang='lat' dir='ltr'>ut</span> <span class='ocrx_word' id='word_1_140' title='bbox 462 1625 519 1656; x_wconf 89' lang='grc'>001</span> <span class='ocrx_word' id='word_1_141' title='bbox 551 1622 765 1656; x_wconf 84' lang='lat' dir='ltr'>tabularum</span> <span class='ocrx_word' id='word_1_142' title='bbox 797 1634 858 1656; x_wconf 88' lang='lat' dir='ltr'>ex-</span> 
     </span>
     <span class='ocr_line' id='line_1_29' title="bbox 119 1669 857 1714; baseline 0.001 -11"><span class='ocrx_word' id='word_1_143' title='bbox 119 1669 229 1712; x_wconf 86' lang='lat' dir='ltr'>pensi</span> <span class='ocrx_word' id='word_1_144' title='bbox 263 1670 486 1714; x_wconf 74' lang='lat' dir='ltr'>acceptique</span> <span class='ocrx_word' id='word_1_145' title='bbox 517 1670 722 1712; x_wconf 72' lang='lat' dir='ltr'>confectio,</span> <span class='ocrx_word' id='word_1_146' title='bbox 756 1671 857 1704; x_wconf 87' lang='lat' dir='ltr'>inter</span> 
     </span>
     <span class='ocr_line' id='line_1_30' title="bbox 119 1716 857 1762; baseline 0.004 -14"><span class='ocrx_word' id='word_1_147' title='bbox 119 1716 291 1750; x_wconf 87' lang='lat' dir='ltr'>homines</span> <span class='ocrx_word' id='word_1_148' title='bbox 311 1719 491 1761; x_wconf 78' lang='lat' dir='ltr'>quaestus</span> <span class='ocrx_word' id='word_1_149' title='bbox 505 1727 549 1751; x_wconf 86' lang='grc'>00</span> <span class='ocrx_word' id='word_1_150' title='bbox 567 1717 666 1751; x_wconf 89' lang='lat' dir='ltr'>lucri</span> <span class='ocrx_word' id='word_1_151' title='bbox 686 1717 857 1762; x_wconf 90' lang='lat' dir='ltr'>cupidos,</span> 
     </span>
     <span class='ocr_line' id='line_1_31' title="bbox 120 1763 856 1808; baseline 0.003 -12"><span class='ocrx_word' id='word_1_152' title='bbox 120 1763 348 1807; x_wconf 87' lang='lat' dir='ltr'>quibuscum</span> <span class='ocrx_word' id='word_1_153' title='bbox 392 1774 503 1808; x_wconf 84' lang='lat' dir='ltr'>saepe</span> <span class='ocrx_word' id='word_1_154' title='bbox 541 1765 685 1798; x_wconf 84' lang='lat' dir='ltr'>versari</span> <span class='ocrx_word' id='word_1_155' title='bbox 728 1764 856 1807; x_wconf 90' lang='lat' dir='ltr'>debes,</span> 
     </span>
     <span class='ocr_line' id='line_1_32' title="bbox 119 1810 856 1856; baseline 0.004 -14"><span class='ocrx_word' id='word_1_156' title='bbox 119 1810 366 1845; x_wconf 90' lang='lat' dir='ltr'>nihilominus</span> <span class='ocrx_word' id='word_1_157' title='bbox 386 1811 648 1856; x_wconf 79' lang='lat' dir='ltr'>philosophiae</span> <span class='ocrx_word' id='word_1_158' title='bbox 675 1815 712 1845; x_wconf 89' lang='lat' dir='ltr'>et</span> <span class='ocrx_word' id='word_1_159' title='bbox 727 1811 856 1856; x_wconf 79' lang='lat' dir='ltr'>physi-</span> 
     </span>
     <span class='ocr_line' id='line_1_33' title="bbox 119 1857 855 1901; baseline 0 -11"><span class='ocrx_word' id='word_1_160' title='bbox 119 1857 173 1890; x_wconf 86' lang='lat' dir='ltr'>cis</span> <span class='ocrx_word' id='word_1_161' title='bbox 207 1858 342 1892; x_wconf 88' lang='lat' dir='ltr'>studiis</span> <span class='ocrx_word' id='word_1_162' title='bbox 376 1860 521 1892; x_wconf 86' lang='lat' dir='ltr'>vacas.“</span> <span class='ocrx_word' id='word_1_163' title='bbox 559 1878 601 1882; x_wconf 90' lang='lat'><strong>—</strong></span> <span class='ocrx_word' id='word_1_164' title='bbox 633 1859 855 1901; x_wconf 81' lang='lat' dir='ltr'>Democriti]</span> 
     </span>
     <span class='ocr_line' id='line_1_34' title="bbox 115 1904 855 1950; baseline 0.001 -13"><span class='ocrx_word' id='word_1_165' title='bbox 115 1904 346 1946; x_wconf 82' lang='lat' dir='ltr'>Abderitae,</span> <span class='ocrx_word' id='word_1_166' title='bbox 407 1905 624 1950; x_wconf 87' lang='lat' dir='ltr'>philosophi</span> <span class='ocrx_word' id='word_1_167' title='bbox 683 1905 855 1939; x_wconf 83' lang='lat' dir='ltr'>Eleatici.</span> 
     </span>
     <span class='ocr_line' id='line_1_35' title="bbox 118 1951 856 1995; baseline 0.001 -10"><span class='ocrx_word' id='word_1_168' title='bbox 118 1951 195 1986; x_wconf 84' lang='lat' dir='ltr'>Cic.</span> <span class='ocrx_word' id='word_1_169' title='bbox 222 1952 269 1986; x_wconf 89' lang='lat' dir='ltr'>de</span> <span class='ocrx_word' id='word_1_170' title='bbox 294 1952 404 1986; x_wconf 89' lang='lat' dir='ltr'>Finn.</span> <span class='ocrx_word' id='word_1_171' title='bbox 431 1954 465 1994; x_wconf 88' lang='lat'>5,</span> <span class='ocrx_word' id='word_1_172' title='bbox 491 1954 553 1995; x_wconf 87' lang='grc'>29,</span> <span class='ocrx_word' id='word_1_173' title='bbox 580 1954 645 1986; x_wconf 82' lang='lat'>87:</span> <span class='ocrx_word' id='word_1_174' title='bbox 685 1955 758 1986; x_wconf 84' lang='lat' dir='ltr'>Cur</span> <span class='ocrx_word' id='word_1_175' title='bbox 781 1954 856 1994; x_wconf 78' lang='lat' dir='ltr'>ipse</span> 
     </span>
     <span class='ocr_line' id='line_1_36' title="bbox 116 2001 856 2040; baseline 0.001 -8"><span class='ocrx_word' id='word_1_176' title='bbox 116 2001 348 2040; x_wconf 75' lang='lat' dir='ltr'>Pythaqoras</span> <span class='ocrx_word' id='word_1_177' title='bbox 358 2018 374 2024; x_wconf 91' lang='lat'>-</span> <span class='ocrx_word' id='word_1_178' title='bbox 383 2018 398 2024; x_wconf 96' lang='lat'><em>-</em></span> <span class='ocrx_word' id='word_1_179' title='bbox 409 2002 459 2033; x_wconf 81' lang='lat' dir='ltr'>tot</span> <span class='ocrx_word' id='word_1_180' title='bbox 482 2001 608 2033; x_wconf 78' lang='lat' dir='ltr'>maria</span> <span class='ocrx_word' id='word_1_181' title='bbox 631 2001 856 2033; x_wconf 76' lang='lat' dir='ltr'>transmisit?</span> 
     </span>
     <span class='ocr_line' id='line_1_37' title="bbox 118 2049 856 2088; baseline 0.001 -9"><span class='ocrx_word' id='word_1_182' title='bbox 118 2055 183 2079; x_wconf 83' lang='lat' dir='ltr'>cur</span> <span class='ocrx_word' id='word_1_183' title='bbox 217 2049 306 2080; x_wconf 83' lang='lat' dir='ltr'>haec</span> <span class='ocrx_word' id='word_1_184' title='bbox 339 2049 466 2080; x_wconf 84' lang='lat' dir='ltr'>eadem</span> <span class='ocrx_word' id='word_1_185' title='bbox 500 2049 755 2081; x_wconf 77' lang='lat' dir='ltr'>Democritus?</span> <span class='ocrx_word' id='word_1_186' title='bbox 793 2049 856 2088; x_wconf 79' lang='lat' dir='ltr'>qui</span> 
     </span>
     <span class='ocr_line' id='line_1_38' title="bbox 118 2094 855 2137; baseline 0.003 -11"><span class='ocrx_word' id='word_1_187' title='bbox 118 2094 224 2135; x_wconf 83' lang='lat' dir='ltr'>(vere</span> <span class='ocrx_word' id='word_1_188' title='bbox 250 2096 403 2137; x_wconf 77' lang='lat' dir='ltr'>falsone,</span> <span class='ocrx_word' id='word_1_189' title='bbox 431 2103 506 2128; x_wconf 74' lang='lat' dir='ltr'>non</span> <span class='ocrx_word' id='word_1_190' title='bbox 532 2095 774 2137; x_wconf 80' lang='lat' dir='ltr'>quaeremus)</span> <span class='ocrx_word' id='word_1_191' title='bbox 801 2096 855 2128; x_wconf 76' lang='lat' dir='ltr'>dt·-</span> 
     </span>
     <span class='ocr_line' id='line_1_39' title="bbox 117 2143 854 2184; baseline 0.001 -10"><span class='ocrx_word' id='word_1_192' title='bbox 117 2143 211 2174; x_wconf 81' lang='lat' dir='ltr'>citur</span> <span class='ocrx_word' id='word_1_193' title='bbox 236 2151 274 2175; x_wconf 77' lang='lat' dir='ltr'>se</span> <span class='ocrx_word' id='word_1_194' title='bbox 299 2143 414 2175; x_wconf 75' lang='lat' dir='ltr'>oculis</span> <span class='ocrx_word' id='word_1_195' title='bbox 446 2143 632 2184; x_wconf 78' lang='lat' dir='ltr'>privasse,-</span> <span class='ocrx_word' id='word_1_196' title='bbox 667 2145 779 2184; x_wconf 82' lang='lat' dir='ltr'>certe,</span> <span class='ocrx_word' id='word_1_197' title='bbox 813 2145 854 2175; x_wconf 84' lang='lat' dir='ltr'>ut</span> 
     </span>
     <span class='ocr_line' id='line_1_40' title="bbox 117 2190 854 2230; baseline 0.001 -9"><span class='ocrx_word' id='word_1_198' title='bbox 117 2197 228 2230; x_wconf 82' lang='lat' dir='ltr'>quam</span> <span class='ocrx_word' id='word_1_199' title='bbox 244 2191 392 2223; x_wconf 79' lang='lat' dir='ltr'>minime</span> <span class='ocrx_word' id='word_1_200' title='bbox 419 2191 565 2223; x_wconf 80' lang='lat' dir='ltr'>a‘m&#39;mus</span> <span class='ocrx_word' id='word_1_201' title='bbox 583 2199 606 2223; x_wconf 90' lang='lat' dir='ltr'>a</span> <span class='ocrx_word' id='word_1_202' title='bbox 624 2190 854 2230; x_wconf 61' lang='lat' dir='ltr'>cogitationi-</span> 
     </span>
     <span class='ocr_line' id='line_1_41' title="bbox 117 2238 855 2278; baseline 0.001 -10"><span class='ocrx_word' id='word_1_203' title='bbox 117 2239 181 2268; x_wconf 79' lang='lat' dir='ltr'>bus</span> <span class='ocrx_word' id='word_1_204' title='bbox 208 2238 469 2278; x_wconf 80' lang='lat' dir='ltr'>abduceretur,</span> <span class='ocrx_word' id='word_1_205' title='bbox 501 2238 768 2278; x_wconf 74' lang='lat' dir='ltr'>patrimonium</span> <span class='ocrx_word' id='word_1_206' title='bbox 793 2244 855 2270; x_wconf 79' lang='lat' dir='ltr'>ne-</span> 
     </span>
     <span class='ocr_line' id='line_1_42' title="bbox 117 2283 853 2325; baseline 0 -9"><span class='ocrx_word' id='word_1_207' title='bbox 117 2285 243 2325; x_wconf 74' lang='lat' dir='ltr'>qtexit,</span> <span class='ocrx_word' id='word_1_208' title='bbox 269 2293 378 2325; x_wconf 68' lang='lat' dir='ltr'>aoros</span> <span class='ocrx_word' id='word_1_209' title='bbox 404 2285 564 2318; x_wconf 79' lang='lat' dir='ltr'>deseruit</span> <span class='ocrx_word' id='word_1_210' title='bbox 581 2285 750 2317; x_wconf 73' lang='lat' dir='ltr'>incultos.</span> <span class='ocrx_word' id='word_1_211' title='bbox 778 2283 853 2318; x_wconf 87' lang='lat' dir='ltr'>Cfr.</span> 
     </span>
     <span class='ocr_line' id='line_1_43' title="bbox 117 2330 854 2373; baseline 0.001 -10"><span class='ocrx_word' id='word_1_212' title='bbox 117 2330 228 2364; x_wconf 89' lang='lat' dir='ltr'>Tusc.</span> <span class='ocrx_word' id='word_1_213' title='bbox 255 2333 288 2373; x_wconf 84' lang='lat'>5,</span> <span class='ocrx_word' id='word_1_214' title='bbox 316 2333 371 2373; x_wconf 84' lang='lat'>39,</span> <span class='ocrx_word' id='word_1_215' title='bbox 401 2334 480 2365; x_wconf 88' lang='lat'>114.</span> <span class='ocrx_word' id='word_1_216' title='bbox 509 2334 588 2365; x_wconf 84' lang='lat'>115.</span> <span class='ocrx_word' id='word_1_217' title='bbox 622 2331 786 2365; x_wconf 87' lang='lat' dir='ltr'>Prorsus</span> <span class='ocrx_word' id='word_1_218' title='bbox 812 2335 854 2364; x_wconf 89' lang='lat' dir='ltr'>ut</span> 
     </span>
     <span class='ocr_line' id='line_1_44' title="bbox 115 2378 853 2423; baseline 0 -13"><span class='ocrx_word' id='word_1_219' title='bbox 115 2378 297 2412; x_wconf 87' lang='lat' dir='ltr'>Horatius</span> <span class='ocrx_word' id='word_1_220' title='bbox 324 2378 486 2412; x_wconf 89' lang='lat' dir='ltr'>Ioannes</span> <span class='ocrx_word' id='word_1_221' title='bbox 506 2378 699 2423; x_wconf 75' lang='lat' dir='ltr'>Ohrysost.</span> <span class='ocrx_word' id='word_1_222' title='bbox 726 2379 772 2412; x_wconf 87' lang='lat' dir='ltr'>ad</span> <span class='ocrx_word' id='word_1_223' title='bbox 798 2378 853 2410; x_wconf 85' lang='lat' dir='ltr'>vi-</span> 
     </span>
     <span class='ocr_line' id='line_1_45' title="bbox 116 2425 853 2459; baseline 0 0"><span class='ocrx_word' id='word_1_224' title='bbox 116 2426 228 2459; x_wconf 86' lang='lat' dir='ltr'>duam</span> <span class='ocrx_word' id='word_1_225' title='bbox 261 2426 340 2459; x_wconf 88' lang='lat' dir='ltr'>iun.</span> <span class='ocrx_word' id='word_1_226' title='bbox 375 2426 418 2458; x_wconf 91' lang='lat' dir='ltr'>T.</span> <span class='ocrx_word' id='word_1_227' title='bbox 448 2425 477 2459; x_wconf 90' lang='lat'>1.</span> <span class='ocrx_word' id='word_1_228' title='bbox 513 2425 580 2459; x_wconf 86' lang='lat' dir='ltr'>Ed.</span> <span class='ocrx_word' id='word_1_229' title='bbox 615 2426 735 2459; x_wconf 86' lang='lat' dir='ltr'>Paris.</span> <span class='ocrx_word' id='word_1_230' title='bbox 768 2436 853 2459; x_wconf 88' lang='lat' dir='ltr'>nov.</span> 
     </span>
     <span class='ocr_line' id='line_1_46' title="bbox 115 2470 854 2517; baseline -0.001 -11"><span class='ocrx_word' id='word_1_231' title='bbox 115 2484 151 2517; x_wconf 88' lang='lat' dir='ltr'>p.</span> <span class='ocrx_word' id='word_1_232' title='bbox 193 2474 274 2506; x_wconf 83' lang='lat'>423.</span> <span class='ocrx_word' id='word_1_233' title='bbox 323 2473 583 2506; x_wconf 87' lang='lat' dir='ltr'>Democritum</span> <span class='ocrx_word' id='word_1_234' title='bbox 631 2475 740 2507; x_wconf 84' lang='lat' dir='ltr'>vocat</span> <span class='ocrx_word' id='word_1_235' title='bbox 786 2470 854 2506; x_wconf 86' lang='grc' dir='ltr'>τὸν</span> 
     </span>
     <span class='ocr_line' id='line_1_47' title="bbox 115 2516 854 2567; baseline 0.001 -15"><span class='ocrx_word' id='word_1_236' title='bbox 115 2516 400 2563; x_wconf 78' lang='grc' dir='ltr'><em>μηλόβοτον</em></span> <span class='ocrx_word' id='word_1_237' title='bbox 438 2518 578 2553; x_wconf 83' lang='grc' dir='ltr'><em>ανέντα</em></span> <span class='ocrx_word' id='word_1_238' title='bbox 615 2518 686 2563; x_wconf 80' lang='grc' dir='ltr'>τὴν</span> <span class='ocrx_word' id='word_1_239' title='bbox 724 2516 854 2567; x_wconf 77' lang='grc' dir='ltr'><em>χώραν</em></span> 
     </span>
     <span class='ocr_line' id='line_1_48' title="bbox 116 2565 854 2611; baseline 0 -11"><span class='ocrx_word' id='word_1_240' title='bbox 116 2566 186 2611; x_wconf 82' lang='grc' dir='ltr'>τὴν</span> <span class='ocrx_word' id='word_1_241' title='bbox 212 2565 344 2601; x_wconf 79' lang='grc' dir='ltr'>αὑτοῦ.</span> <span class='ocrx_word' id='word_1_242' title='bbox 369 2586 417 2591; x_wconf 89' lang='grc'>-</span> <span class='ocrx_word' id='word_1_243' title='bbox 439 2576 596 2608; x_wconf 74' lang='lat' dir='ltr'>pereqre</span> <span class='ocrx_word' id='word_1_244' title='bbox 622 2568 688 2610; x_wconf 82' lang='lat' dir='ltr'>est]</span> <span class='ocrx_word' id='word_1_245' title='bbox 716 2567 854 2610; x_wconf 85' lang='lat' dir='ltr'>„medi-</span> 
     </span>
     <span class='ocr_line' id='line_1_49' title="bbox 116 2615 853 2660; baseline 0 -12"><span class='ocrx_word' id='word_1_246' title='bbox 116 2615 251 2648; x_wconf 80' lang='lat' dir='ltr'>tationi</span> <span class='ocrx_word' id='word_1_247' title='bbox 284 2615 482 2649; x_wconf 87' lang='lat' dir='ltr'>immersus</span> <span class='ocrx_word' id='word_1_248' title='bbox 517 2617 555 2647; x_wconf 87' lang='grc'>01</span> <span class='ocrx_word' id='word_1_249' title='bbox 589 2615 697 2659; x_wconf 90' lang='lat' dir='ltr'>quasi</span> <span class='ocrx_word' id='word_1_250' title='bbox 728 2625 853 2660; x_wconf 85' lang='lat' dir='ltr'>segre·</span> 
     </span>
     <span class='ocr_line' id='line_1_50' title="bbox 115 2662 854 2708; baseline 0 -12"><span class='ocrx_word' id='word_1_251' title='bbox 115 2664 223 2708; x_wconf 83' lang='lat' dir='ltr'>gatus</span> <span class='ocrx_word' id='word_1_252' title='bbox 259 2673 280 2696; x_wconf 87' lang='lat' dir='ltr'>a</span> <span class='ocrx_word' id='word_1_253' title='bbox 313 2672 490 2706; x_wconf 85' lang='lat' dir='ltr'>corpore,</span> <span class='ocrx_word' id='word_1_254' title='bbox 524 2662 658 2705; x_wconf 87' lang='lat' dir='ltr'>procul</span> <span class='ocrx_word' id='word_1_255' title='bbox 692 2662 800 2696; x_wconf 85' lang='lat' dir='ltr'>abest</span> <span class='ocrx_word' id='word_1_256' title='bbox 832 2671 854 2695; x_wconf 84' lang='lat' dir='ltr'>a</span> 
     </span>
     <span class='ocr_line' id='line_1_51' title="bbox 116 2708 853 2753; baseline -0.001 -10"><span class='ocrx_word' id='word_1_257' title='bbox 116 2710 228 2743; x_wconf 87' lang='lat' dir='ltr'>rebus</span> <span class='ocrx_word' id='word_1_258' title='bbox 254 2710 534 2744; x_wconf 76' lang='lat' dir='ltr'>terrestribus-‘⁴</span> <span class='ocrx_word' id='word_1_259' title='bbox 576 2708 662 2743; x_wconf 64' lang='lat' dir='ltr'>Cic.</span> <span class='ocrx_word' id='word_1_260' title='bbox 680 2720 748 2753; x_wconf 88' lang='lat' dir='ltr'>pro</span> <span class='ocrx_word' id='word_1_261' title='bbox 771 2708 853 2743; x_wconf 73' lang='lat' dir='ltr'>Mil.</span> 
     </span>
    </p>
   </div>
   <div class='ocr_carea' id='block_1_5' title="bbox 902 679 1653 2375">
    <p class='ocr_par' dir='ltr' id='par_1_9' title="bbox 907 679 1653 1751">
     <span class='ocr_line' id='line_1_52' title="bbox 915 679 1653 733; baseline 0.005 -23"><span class='ocrx_word' id='word_1_262' title='bbox 915 679 978 719; x_wconf 85' lang='lat'>12,</span> <span class='ocrx_word' id='word_1_263' title='bbox 1005 679 1069 711; x_wconf 88' lang='lat'>33:</span> <span class='ocrx_word' id='word_1_264' title='bbox 1102 681 1247 712; x_wconf 76' lang='lat' dir='ltr'>vestrae</span> <span class='ocrx_word' id='word_1_265' title='bbox 1269 680 1556 733; x_wconf 65' lang='lat' dir='ltr'>pereuriuantur</span> <span class='ocrx_word' id='word_1_266' title='bbox 1581 689 1653 714; x_wconf 84' lang='lat' dir='ltr'>au-</span> 
     </span>
     <span class='ocr_line' id='line_1_53' title="bbox 911 725 1651 775; baseline 0.004 -18"><span class='ocrx_word' id='word_1_267' title='bbox 911 727 997 758; x_wconf 80' lang='lat' dir='ltr'>res?</span> <span class='ocrx_word' id='word_1_268' title='bbox 1016 744 1058 748; x_wconf 87' lang='lat'><strong>—</strong></span> <span class='ocrx_word' id='word_1_269' title='bbox 1077 725 1202 768; x_wconf 70' lang='lat' dir='ltr'>velow]</span> <span class='ocrx_word' id='word_1_270' title='bbox 1229 725 1352 768; x_wconf 88' lang='lat' dir='ltr'>„inter</span> <span class='ocrx_word' id='word_1_271' title='bbox 1378 726 1459 760; x_wconf 79' lang='lat' dir='ltr'>veri</span> <span class='ocrx_word' id='word_1_272' title='bbox 1484 726 1651 775; x_wconf 79' lang='grc' dir='ltr'><em>θεωρίας</em></span> 
     </span>
     <span class='ocr_line' id='line_1_54' title="bbox 911 773 1647 817; baseline 0.005 -12"><span class='ocrx_word' id='word_1_273' title='bbox 911 782 1048 817; x_wconf 85' lang='lat' dir='ltr'>magna</span> <span class='ocrx_word' id='word_1_274' title='bbox 1096 782 1180 806; x_wconf 91' lang='lat' dir='ltr'>cum</span> <span class='ocrx_word' id='word_1_275' title='bbox 1221 773 1403 807; x_wconf 85' lang='lat' dir='ltr'>facilitate</span> <span class='ocrx_word' id='word_1_276' title='bbox 1451 784 1618 809; x_wconf 83' lang='lat' dir='ltr'>versans.</span> <span class='ocrx_word' id='word_1_277' title='bbox 1629 776 1647 793; x_wconf 86' lang='lat'>“</span> 
     </span>
     <span class='ocr_line' id='line_1_55' title="bbox 911 819 1649 865; baseline 0.005 -13"><span class='ocrx_word' id='word_1_278' title='bbox 911 819 1018 854; x_wconf 86' lang='lat' dir='ltr'>Plato</span> <span class='ocrx_word' id='word_1_279' title='bbox 1039 819 1231 854; x_wconf 87' lang='grc' dir='ltr'>Τ11000101.</span> <span class='ocrx_word' id='word_1_280' title='bbox 1257 831 1294 865; x_wconf 90' lang='lat' dir='ltr'>p.</span> <span class='ocrx_word' id='word_1_281' title='bbox 1314 822 1394 854; x_wconf 84' lang='lat'>173.</span> <span class='ocrx_word' id='word_1_282' title='bbox 1412 820 1462 854; x_wconf 79' lang='lat' dir='ltr'>E:</span> <span class='ocrx_word' id='word_1_283' title='bbox 1489 820 1542 854; x_wconf 80' lang='grc' dir='ltr'>τῶ</span> <span class='ocrx_word' id='word_1_284' title='bbox 1565 819 1649 856; x_wconf 80' lang='grc' dir='ltr'><strong><em>ὄντι</em></strong></span> 
     </span>
     <span class='ocr_line' id='line_1_56' title="bbox 912 858 1650 912; baseline 0.007 -14"><span class='ocrx_word' id='word_1_285' title='bbox 912 864 956 899; x_wconf 84' lang='grc' dir='ltr'>τὸ</span> <span class='ocrx_word' id='word_1_286' title='bbox 983 866 1097 910; x_wconf 80' lang='grc' dir='ltr'><em>σῶμα</em></span> <span class='ocrx_word' id='word_1_287' title='bbox 1122 863 1247 910; x_wconf 79' lang='grc' dir='ltr'>μόνον</span> <span class='ocrx_word' id='word_1_288' title='bbox 1271 867 1312 900; x_wconf 83' lang='grc' dir='ltr'>ἐν</span> <span class='ocrx_word' id='word_1_289' title='bbox 1329 867 1377 912; x_wconf 80' lang='grc' dir='ltr'>τῇ</span> <span class='ocrx_word' id='word_1_290' title='bbox 1402 858 1530 901; x_wconf 82' lang='grc' dir='ltr'><em>πόλει</em></span> <span class='ocrx_word' id='word_1_291' title='bbox 1527 873 1650 903; x_wconf 77' lang='grc' dir='ltr'><strong><em>κειται</em></strong></span> 
     </span>
     <span class='ocr_line' id='line_1_57' title="bbox 910 903 1651 970; baseline 0.004 -24"><span class='ocrx_word' id='word_1_292' title='bbox 910 911 1030 947; x_wconf 78' lang='grc' dir='ltr'><em>αὐτοῦ</em></span> <span class='ocrx_word' id='word_1_293' title='bbox 1061 915 1152 957; x_wconf 84' lang='grc' dir='ltr'>(τοῦ</span> <span class='ocrx_word' id='word_1_294' title='bbox 1177 903 1444 970; x_wconf 76' lang='grc' dir='ltr'><em>ὅιατρίβόντος</em></span> <span class='ocrx_word' id='word_1_295' title='bbox 1467 915 1509 949; x_wconf 80' lang='grc' dir='ltr'>ἐν</span> <span class='ocrx_word' id='word_1_296' title='bbox 1534 916 1651 957; x_wconf 87' lang='grc' dir='ltr'><strong><em>φιλο-</em></strong></span> 
     </span>
     <span class='ocr_line' id='line_1_58' title="bbox 912 959 1650 1006; baseline 0.004 -12"><span class='ocrx_word' id='word_1_297' title='bbox 912 962 1051 1005; x_wconf 75' lang='grc' dir='ltr'><strong>σοφίᾳ)</strong></span> <span class='ocrx_word' id='word_1_298' title='bbox 1077 963 1143 994; x_wconf 85' lang='grc' dir='ltr'>καὶ</span> <span class='ocrx_word' id='word_1_299' title='bbox 1167 961 1355 1006; x_wconf 82' lang='grc' dir='ltr'>ἐπιδηαεΐ,</span> <span class='ocrx_word' id='word_1_300' title='bbox 1381 959 1406 1005; x_wconf 82' lang='grc' dir='ltr'><em>ἦ</em></span> <span class='ocrx_word' id='word_1_301' title='bbox 1431 961 1472 996; x_wconf 82' lang='grc' dir='ltr'>δὲ</span> <span class='ocrx_word' id='word_1_302' title='bbox 1495 960 1650 997; x_wconf 85' lang='grc' dir='ltr'><strong><em>διανοια</em></strong></span> 
     </span>
     <span class='ocr_line' id='line_1_59' title="bbox 911 1007 1651 1064; baseline 0.007 -24"><span class='ocrx_word' id='word_1_303' title='bbox 911 1028 930 1032; x_wconf 97' lang='grc'>-</span> <span class='ocrx_word' id='word_1_304' title='bbox 947 1028 966 1032; x_wconf 98' lang='grc'>-</span> <span class='ocrx_word' id='word_1_305' title='bbox 985 1009 1163 1054; x_wconf 77' lang='grc' dir='ltr'><em>πανταχῆ</em></span> <span class='ocrx_word' id='word_1_306' title='bbox 1197 1011 1356 1064; x_wconf 81' lang='grc' dir='ltr'><em>φέρεται</em></span> <span class='ocrx_word' id='word_1_307' title='bbox 1381 1007 1481 1043; x_wconf 81' lang='grc' dir='ltr'><em>κατὰ</em></span> <span class='ocrx_word' id='word_1_308' title='bbox 1505 1010 1651 1045; x_wconf 75' lang='grc' dir='ltr'><strong><em>Πίνδα-</em></strong></span> 
     </span>
     <span class='ocr_line' id='line_1_60' title="bbox 911 1053 1647 1111; baseline 0.005 -23.011"><span class='ocrx_word' id='word_1_309' title='bbox 911 1066 999 1102; x_wconf 86' lang='grc' dir='ltr'>οον,</span> <span class='ocrx_word' id='word_1_310' title='bbox 1039 1053 1084 1088; x_wconf 83' lang='grc' dir='ltr'>τά</span> <span class='ocrx_word' id='word_1_311' title='bbox 1121 1067 1158 1089; x_wconf 82' lang='grc' dir='ltr'>τε</span> <span class='ocrx_word' id='word_1_312' title='bbox 1191 1056 1262 1100; x_wconf 80' lang='grc' dir='ltr'>γᾶς</span> <span class='ocrx_word' id='word_1_313' title='bbox 1295 1054 1479 1111; x_wconf 73' lang='grc' dir='ltr'>ὑπένερθε</span> <span class='ocrx_word' id='word_1_314' title='bbox 1510 1060 1574 1091; x_wconf 77' lang='grc' dir='ltr'>καὶ</span> <span class='ocrx_word' id='word_1_315' title='bbox 1601 1057 1647 1092; x_wconf 80' lang='grc' dir='ltr'>τοὶ</span> 
     </span>
     <span class='ocr_line' id='line_1_61' title="bbox 911 1087 1650 1150; baseline 0.004 -14"><span class='ocrx_word' id='word_1_316' title='bbox 911 1087 1070 1136; x_wconf 81' lang='grc' dir='ltr'><em>ἐπίπεδα</em></span> <span class='ocrx_word' id='word_1_317' title='bbox 1093 1103 1369 1150; x_wconf 76' lang='grc' dir='ltr'><em>γεωμετροῦσα</em></span> <span class='ocrx_word' id='word_1_318' title='bbox 1392 1103 1471 1137; x_wconf 83' lang='grc' dir='ltr'>κτλ.</span> <span class='ocrx_word' id='word_1_319' title='bbox 1496 1124 1544 1129; x_wconf 87' lang='lat'>-—</span> <span class='ocrx_word' id='word_1_320' title='bbox 1567 1114 1650 1140; x_wconf 69' lang='lat' dir='ltr'>sca·</span> 
     </span>
     <span class='ocr_line' id='line_1_62' title="bbox 911 1150 1647 1196; baseline 0.005 -13"><span class='ocrx_word' id='word_1_321' title='bbox 911 1150 1017 1193; x_wconf 75' lang='lat' dir='ltr'>hiem]</span> <span class='ocrx_word' id='word_1_322' title='bbox 1034 1150 1246 1193; x_wconf 87' lang='lat' dir='ltr'>„sordidam</span> <span class='ocrx_word' id='word_1_323' title='bbox 1259 1150 1423 1186; x_wconf 88' lang='lat' dir='ltr'>aliorum</span> <span class='ocrx_word' id='word_1_324' title='bbox 1440 1153 1647 1196; x_wconf 81' lang='lat' dir='ltr'>avaritiam,</span> 
     </span>
     <span class='ocr_line' id='line_1_63' title="bbox 911 1197 1647 1243; baseline 0.005 -13"><span class='ocrx_word' id='word_1_325' title='bbox 911 1197 1140 1242; x_wconf 87' lang='lat' dir='ltr'>quibuscum</span> <span class='ocrx_word' id='word_1_326' title='bbox 1164 1198 1359 1243; x_wconf 82' lang='lat' dir='ltr'>Agrippae</span> <span class='ocrx_word' id='word_1_327' title='bbox 1384 1199 1552 1234; x_wconf 84' lang='lat' dir='ltr'>rationes</span> <span class='ocrx_word' id='word_1_328' title='bbox 1577 1200 1647 1235; x_wconf 84' lang='lat' dir='ltr'>tibi</span> 
     </span>
     <span class='ocr_line' id='line_1_64' title="bbox 910 1245 1651 1291; baseline 0.007 -14"><span class='ocrx_word' id='word_1_329' title='bbox 910 1245 1100 1288; x_wconf 83' lang='lat' dir='ltr'>putandae</span> <span class='ocrx_word' id='word_1_330' title='bbox 1127 1246 1251 1280; x_wconf 55' lang='lat' dir='ltr'>suntst‘</span> <span class='ocrx_word' id='word_1_331' title='bbox 1290 1247 1434 1280; x_wconf 76' lang='lat' dir='ltr'>scabies</span> <span class='ocrx_word' id='word_1_332' title='bbox 1459 1246 1651 1291; x_wconf 77' lang='lat' dir='ltr'>significat</span> 
     </span>
     <span class='ocr_line' id='line_1_65' title="bbox 910 1292 1647 1335; baseline 0.003 -9"><span class='ocrx_word' id='word_1_333' title='bbox 910 1292 1014 1326; x_wconf 84' lang='lat' dir='ltr'>acria</span> <span class='ocrx_word' id='word_1_334' title='bbox 1030 1292 1211 1326; x_wconf 83' lang='lat' dir='ltr'>avaritiae</span> <span class='ocrx_word' id='word_1_335' title='bbox 1228 1292 1476 1335; x_wconf 80' lang='lat' dir='ltr'>irritamenta,</span> <span class='ocrx_word' id='word_1_336' title='bbox 1501 1296 1544 1327; x_wconf 88' lang='lat' dir='ltr'>ut</span> <span class='ocrx_word' id='word_1_337' title='bbox 1562 1304 1647 1328; x_wconf 84' lang='lat' dir='ltr'>eum</span> 
     </span>
     <span class='ocr_line' id='line_1_66' title="bbox 910 1338 1646 1384; baseline 0.005 -12"><span class='ocrx_word' id='word_1_338' title='bbox 910 1338 957 1372; x_wconf 90' lang='lat' dir='ltr'>de</span> <span class='ocrx_word' id='word_1_339' title='bbox 999 1339 1258 1384; x_wconf 81' lang='lat' dir='ltr'>voluptatibus</span> <span class='ocrx_word' id='word_1_340' title='bbox 1299 1342 1518 1384; x_wconf 76' lang='lat' dir='ltr'>usurpatur.</span> <span class='ocrx_word' id='word_1_341' title='bbox 1569 1341 1646 1376; x_wconf 84' lang='lat' dir='ltr'>Cic.</span> 
     </span>
     <span class='ocr_line' id='line_1_67' title="bbox 909 1386 1647 1432; baseline 0.004 -13"><span class='ocrx_word' id='word_1_342' title='bbox 909 1386 955 1420; x_wconf 92' lang='lat' dir='ltr'>de</span> <span class='ocrx_word' id='word_1_343' title='bbox 981 1386 1096 1432; x_wconf 88' lang='lat' dir='ltr'>Legg.</span> <span class='ocrx_word' id='word_1_344' title='bbox 1125 1390 1156 1429; x_wconf 91' lang='lat'>1,</span> <span class='ocrx_word' id='word_1_345' title='bbox 1184 1388 1239 1429; x_wconf 82' lang='lat'>17,</span> <span class='ocrx_word' id='word_1_346' title='bbox 1265 1388 1330 1421; x_wconf 81' lang='lat'>47:</span> <span class='ocrx_word' id='word_1_347' title='bbox 1371 1387 1543 1429; x_wconf 70' lang='lat' dir='ltr'>Voluptas</span> <span class='ocrx_word' id='word_1_348' title='bbox 1567 1397 1647 1422; x_wconf 82' lang='lat' dir='ltr'>ma-</span> 
     </span>
     <span class='ocr_line' id='line_1_68' title="bbox 911 1435 1647 1477; baseline 0.004 -11"><span class='ocrx_word' id='word_1_349' title='bbox 911 1435 1030 1467; x_wconf 86' lang='lat' dir='ltr'>torum</span> <span class='ocrx_word' id='word_1_350' title='bbox 1053 1437 1173 1468; x_wconf 81' lang='lat' dir='ltr'>mater</span> <span class='ocrx_word' id='word_1_351' title='bbox 1197 1435 1378 1477; x_wconf 78' lang='lat' dir='ltr'>omnium,</span> <span class='ocrx_word' id='word_1_352' title='bbox 1412 1436 1516 1468; x_wconf 73' lang='lat' dir='ltr'>cuius</span> <span class='ocrx_word' id='word_1_353' title='bbox 1542 1436 1647 1469; x_wconf 78' lang='lat' dir='ltr'>blan·</span> 
     </span>
     <span class='ocr_line' id='line_1_69' title="bbox 909 1482 1646 1523; baseline 0.004 -9"><span class='ocrx_word' id='word_1_354' title='bbox 909 1482 1006 1514; x_wconf 54' lang='lat' dir='ltr'>ditia-5</span> <span class='ocrx_word' id='word_1_355' title='bbox 1040 1483 1205 1523; x_wconf 77' lang='lat' dir='ltr'>corrupti</span> <span class='ocrx_word' id='word_1_356' title='bbox 1241 1487 1338 1522; x_wconf 77' lang='lat' dir='ltr'>quae</span> <span class='ocrx_word' id='word_1_357' title='bbox 1371 1483 1511 1516; x_wconf 75' lang='lat' dir='ltr'>natura</span> <span class='ocrx_word' id='word_1_358' title='bbox 1549 1484 1646 1517; x_wconf 79' lang='lat' dir='ltr'>bona</span> 
     </span>
     <span class='ocr_line' id='line_1_70' title="bbox 907 1530 1645 1570; baseline 0.004 -9"><span class='ocrx_word' id='word_1_359' title='bbox 907 1531 1010 1570; x_wconf 78' lang='lat' dir='ltr'>sunt,</span> <span class='ocrx_word' id='word_1_360' title='bbox 1042 1530 1131 1569; x_wconf 80' lang='lat' dir='ltr'>quia</span> <span class='ocrx_word' id='word_1_361' title='bbox 1157 1530 1348 1563; x_wconf 74' lang='lat' dir='ltr'>dulcedine</span> <span class='ocrx_word' id='word_1_362' title='bbox 1372 1530 1442 1563; x_wconf 76' lang='lat' dir='ltr'>hac</span> <span class='ocrx_word' id='word_1_363' title='bbox 1467 1532 1501 1563; x_wconf 85' lang='lat' dir='ltr'>et</span> <span class='ocrx_word' id='word_1_364' title='bbox 1524 1531 1645 1564; x_wconf 72' lang='lat' dir='ltr'>scabie</span> 
     </span>
     <span class='ocr_line' id='line_1_71' title="bbox 908 1578 1646 1617; baseline 0.004 -9"><span class='ocrx_word' id='word_1_365' title='bbox 908 1578 1052 1617; x_wconf 73' lang='lat' dir='ltr'>carent,</span> <span class='ocrx_word' id='word_1_366' title='bbox 1088 1585 1162 1609; x_wconf 82' lang='lat' dir='ltr'>non</span> <span class='ocrx_word' id='word_1_367' title='bbox 1187 1579 1340 1610; x_wconf 77' lang='lat' dir='ltr'>cernunt</span> <span class='ocrx_word' id='word_1_368' title='bbox 1365 1578 1465 1610; x_wconf 72' lang='lat' dir='ltr'>satis.</span> <span class='ocrx_word' id='word_1_369' title='bbox 1491 1595 1537 1600; x_wconf 97' lang='lat'><strong>—</strong></span> <span class='ocrx_word' id='word_1_370' title='bbox 1562 1586 1646 1611; x_wconf 78' lang='lat' dir='ltr'>con-</span> 
     </span>
     <span class='ocr_line' id='line_1_72' title="bbox 908 1622 1646 1667; baseline 0.004 -11"><span class='ocrx_word' id='word_1_371' title='bbox 908 1622 1031 1666; x_wconf 74' lang='lat' dir='ltr'>tam&#39;a]</span> <span class='ocrx_word' id='word_1_372' title='bbox 1067 1623 1194 1665; x_wconf 82' lang='lat' dir='ltr'>„lucri</span> <span class='ocrx_word' id='word_1_373' title='bbox 1229 1623 1366 1667; x_wconf 88' lang='lat' dir='ltr'>cupido</span> <span class='ocrx_word' id='word_1_374' title='bbox 1399 1623 1521 1658; x_wconf 87' lang='lat' dir='ltr'>morbi</span> <span class='ocrx_word' id='word_1_375' title='bbox 1554 1634 1646 1659; x_wconf 88' lang='lat' dir='ltr'>con-</span> 
     </span>
     <span class='ocr_line' id='line_1_73' title="bbox 907 1671 1644 1715; baseline 0.003 -11"><span class='ocrx_word' id='word_1_376' title='bbox 907 1671 1042 1715; x_wconf 88' lang='lat' dir='ltr'>tagiosi</span> <span class='ocrx_word' id='word_1_377' title='bbox 1079 1671 1199 1705; x_wconf 88' lang='lat' dir='ltr'>instar</span> <span class='ocrx_word' id='word_1_378' title='bbox 1242 1671 1315 1704; x_wconf 85' lang='lat' dir='ltr'>iam</span> <span class='ocrx_word' id='word_1_379' title='bbox 1353 1681 1472 1715; x_wconf 90' lang='lat' dir='ltr'>prope</span> <span class='ocrx_word' id='word_1_380' title='bbox 1514 1681 1644 1706; x_wconf 86' lang='lat' dir='ltr'>omnes</span> 
     </span>
     <span class='ocr_line' id='line_1_74' title="bbox 907 1717 1079 1751; baseline 0 -1"><span class='ocrx_word' id='word_1_381' title='bbox 907 1717 1079 1751; x_wconf 82' lang='lat' dir='ltr'>invasit.“</span> 
     </span>
    </p>

    <p class='ocr_par' dir='ltr' id='par_1_10' title="bbox 902 1763 1644 2375">
     <span class='ocr_line' id='line_1_75' title="bbox 956 1763 1644 1807; baseline 0.004 -11"><span class='ocrx_word' id='word_1_382' title='bbox 956 1766 1011 1797; x_wconf 90' lang='lat'>15.</span> <span class='ocrx_word' id='word_1_383' title='bbox 1045 1765 1110 1798; x_wconf 80' lang='lat' dir='ltr'>Nil</span> <span class='ocrx_word' id='word_1_384' title='bbox 1138 1772 1300 1805; x_wconf 66' lang='lat' dir='ltr'>parvum</span> <span class='ocrx_word' id='word_1_385' title='bbox 1325 1764 1412 1807; x_wconf 88' lang='lat' dir='ltr'>cet.]</span> <span class='ocrx_word' id='word_1_386' title='bbox 1442 1763 1558 1806; x_wconf 82' lang='lat' dir='ltr'>„Cum</span> <span class='ocrx_word' id='word_1_387' title='bbox 1586 1776 1644 1800; x_wconf 84' lang='lat' dir='ltr'>sa-</span> 
     </span>
     <span class='ocr_line' id='line_1_76' title="bbox 905 1810 1643 1854; baseline 0.004 -11"><span class='ocrx_word' id='word_1_388' title='bbox 905 1811 1072 1854; x_wconf 81' lang='lat' dir='ltr'>pientiae</span> <span class='ocrx_word' id='word_1_389' title='bbox 1106 1811 1232 1845; x_wconf 78' lang='lat' dir='ltr'>studio</span> <span class='ocrx_word' id='word_1_390' title='bbox 1267 1810 1405 1845; x_wconf 88' lang='lat' dir='ltr'>ductus</span> <span class='ocrx_word' id='word_1_391' title='bbox 1431 1822 1493 1846; x_wconf 90' lang='lat' dir='ltr'>res</span> <span class='ocrx_word' id='word_1_392' title='bbox 1519 1814 1643 1846; x_wconf 83' lang='lat' dir='ltr'>exter·</span> 
     </span>
     <span class='ocr_line' id='line_1_77' title="bbox 905 1857 1642 1904; baseline 0.004 -14"><span class='ocrx_word' id='word_1_393' title='bbox 905 1868 987 1900; x_wconf 90' lang='grc'>1100,</span> <span class='ocrx_word' id='word_1_394' title='bbox 1013 1868 1111 1902; x_wconf 88' lang='lat' dir='ltr'>quae</span> <span class='ocrx_word' id='word_1_395' title='bbox 1137 1857 1302 1892; x_wconf 82' lang='lat' dir='ltr'>caducae</span> <span class='ocrx_word' id='word_1_396' title='bbox 1320 1861 1361 1892; x_wconf 81' lang='lat' dir='ltr'>et</span> <span class='ocrx_word' id='word_1_397' title='bbox 1375 1858 1445 1892; x_wconf 90' lang='lat' dir='ltr'>sub</span> <span class='ocrx_word' id='word_1_398' title='bbox 1471 1859 1642 1904; x_wconf 84' lang='lat' dir='ltr'>sapiente</span> 
     </span>
     <span class='ocr_line' id='line_1_78' title="bbox 903 1904 1643 1950; baseline 0.003 -12"><span class='ocrx_word' id='word_1_399' title='bbox 903 1905 1048 1948; x_wconf 87' lang='lat' dir='ltr'>positae</span> <span class='ocrx_word' id='word_1_400' title='bbox 1068 1907 1166 1948; x_wconf 85' lang='lat' dir='ltr'>sunt,</span> <span class='ocrx_word' id='word_1_401' title='bbox 1184 1904 1372 1950; x_wconf 81' lang='lat' dir='ltr'>despicias</span> <span class='ocrx_word' id='word_1_402' title='bbox 1389 1909 1505 1950; x_wconf 84' lang='lat' dir='ltr'>atque</span> <span class='ocrx_word' id='word_1_403' title='bbox 1523 1908 1643 1940; x_wconf 74' lang='lat' dir='ltr'>adhuc</span> 
     </span>
     <span class='ocr_line' id='line_1_79' title="bbox 905 1952 1643 1997; baseline 0.003 -12"><span class='ocrx_word' id='word_1_404' title='bbox 905 1953 1016 1986; x_wconf 86' lang='lat' dir='ltr'>etiam</span> <span class='ocrx_word' id='word_1_405' title='bbox 1049 1952 1288 1996; x_wconf 82' lang='lat' dir='ltr'>provectiore</span> <span class='ocrx_word' id='word_1_406' title='bbox 1313 1955 1435 1987; x_wconf 80' lang='lat' dir='ltr'>aetate</span> <span class='ocrx_word' id='word_1_407' title='bbox 1460 1955 1548 1997; x_wconf 84' lang='lat' dir='ltr'>post</span> <span class='ocrx_word' id='word_1_408' title='bbox 1564 1954 1643 1987; x_wconf 67' lang='lat' dir='ltr'>&#39;mi-</span> 
     </span>
     <span class='ocr_line' id='line_1_80' title="bbox 905 1998 1641 2045; baseline 0.003 -13"><span class='ocrx_word' id='word_1_409' title='bbox 905 1999 1024 2033; x_wconf 87' lang='lat' dir='ltr'>litiam</span> <span class='ocrx_word' id='word_1_410' title='bbox 1050 1998 1137 2042; x_wconf 88' lang='grc'>(0(1.</span> <span class='ocrx_word' id='word_1_411' title='bbox 1156 2002 1189 2042; x_wconf 92' lang='grc'>1,</span> <span class='ocrx_word' id='word_1_412' title='bbox 1207 2000 1280 2042; x_wconf 84' lang='grc'>29.)</span> <span class='ocrx_word' id='word_1_413' title='bbox 1306 2000 1483 2045; x_wconf 86' lang='lat' dir='ltr'>interque</span> <span class='ocrx_word' id='word_1_414' title='bbox 1509 2002 1567 2034; x_wconf 84' lang='lat' dir='ltr'>tot</span> <span class='ocrx_word' id='word_1_415' title='bbox 1581 2011 1641 2035; x_wconf 85' lang='lat' dir='ltr'>re-</span> 
     </span>
     <span class='ocr_line' id='line_1_81' title="bbox 905 2047 1642 2102; baseline 0 -22"><span class='ocrx_word' id='word_1_416' title='bbox 905 2058 987 2080; x_wconf 85' lang='lat' dir='ltr'>rum</span> <span class='ocrx_word' id='word_1_417' title='bbox 1020 2047 1171 2102; x_wconf 82' lang='lat' dir='ltr'>patroni</span> <span class='ocrx_word' id='word_1_418' title='bbox 1211 2048 1269 2081; x_wconf 78' lang='lat' dir='ltr'>tui</span> <span class='ocrx_word' id='word_1_419' title='bbox 1306 2057 1418 2082; x_wconf 78' lang='lat' dir='ltr'>curas</span> <span class='ocrx_word' id='word_1_420' title='bbox 1458 2048 1642 2091; x_wconf 67' lang='lat' dir='ltr'>sublimia,</span> 
     </span>
     <span class='ocr_line' id='line_1_82' title="bbox 906 2091 1642 2148; baseline 0.004 -22"><span class='ocrx_word' id='word_1_421' title='bbox 906 2094 980 2127; x_wconf 75' lang='grc' dir='ltr'>τῶν</span> <span class='ocrx_word' id='word_1_422' title='bbox 1013 2091 1215 2148; x_wconf 78' lang='grc' dir='ltr'><em>μετεώρων</em></span> <span class='ocrx_word' id='word_1_423' title='bbox 1249 2094 1396 2138; x_wconf 87' lang='lat' dir='ltr'>species</span> <span class='ocrx_word' id='word_1_424' title='bbox 1430 2098 1468 2129; x_wconf 80' lang='lat' dir='ltr'>et</span> <span class='ocrx_word' id='word_1_425' title='bbox 1492 2105 1642 2139; x_wconf 82' lang='lat' dir='ltr'>causas,</span> 
     </span>
     <span class='ocr_line' id='line_1_83' title="bbox 904 2140 1642 2187; baseline 0.003 -12"><span class='ocrx_word' id='word_1_426' title='bbox 904 2141 1100 2176; x_wconf 87' lang='lat' dir='ltr'>scruteris.</span> <span class='ocrx_word' id='word_1_427' title='bbox 1106 2142 1122 2160; x_wconf 87' lang='lat'>“</span> <span class='ocrx_word' id='word_1_428' title='bbox 1149 2158 1197 2165; x_wconf 76' lang='lat'>-—</span> <span class='ocrx_word' id='word_1_429' title='bbox 1224 2141 1374 2184; x_wconf 77' lang='lat' dir='ltr'>sapias]</span> <span class='ocrx_word' id='word_1_430' title='bbox 1409 2140 1642 2187; x_wconf 82' lang='lat' dir='ltr'>Simpliciter</span> 
     </span>
     <span class='ocr_line' id='line_1_84' title="bbox 903 2188 1641 2235; baseline 0 -13"><span class='ocrx_word' id='word_1_431' title='bbox 903 2200 972 2233; x_wconf 87' lang='lat' dir='ltr'>pro</span> <span class='ocrx_word' id='word_1_432' title='bbox 992 2188 1155 2235; x_wconf 82' lang='grc' dir='ltr'>φρονῇς,</span> <span class='ocrx_word' id='word_1_433' title='bbox 1175 2189 1375 2234; x_wconf 59' lang='lat' dir='ltr'>„cogitesf‘</span> <span class='ocrx_word' id='word_1_434' title='bbox 1391 2208 1434 2213; x_wconf 90' lang='lat'>-—</span> <span class='ocrx_word' id='word_1_435' title='bbox 1455 2192 1488 2222; x_wconf 78' lang='lat' dir='ltr'>ct</span> <span class='ocrx_word' id='word_1_436' title='bbox 1505 2189 1641 2232; x_wconf 69' lang='lat' dir='ltr'>adhuc}</span> 
     </span>
     <span class='ocr_line' id='line_1_85' title="bbox 906 2236 1640 2280; baseline 0.001 -11"><span class='ocrx_word' id='word_1_437' title='bbox 906 2237 1155 2278; x_wconf 87' lang='lat' dir='ltr'>„etiamnunc</span> <span class='ocrx_word' id='word_1_438' title='bbox 1187 2238 1275 2280; x_wconf 87' lang='lat' dir='ltr'>post</span> <span class='ocrx_word' id='word_1_439' title='bbox 1306 2238 1383 2270; x_wconf 83' lang='lat' dir='ltr'>tam</span> <span class='ocrx_word' id='word_1_440' title='bbox 1415 2236 1640 2270; x_wconf 85' lang='lat' dir='ltr'>diuturnum</span> 
     </span>
     <span class='ocr_line' id='line_1_86' title="bbox 903 2283 1640 2328; baseline 0.001 -11"><span class='ocrx_word' id='word_1_441' title='bbox 903 2287 1071 2328; x_wconf 91' lang='lat' dir='ltr'>tempus,</span> <span class='ocrx_word' id='word_1_442' title='bbox 1113 2283 1215 2328; x_wconf 90' lang='lat' dir='ltr'>quod</span> <span class='ocrx_word' id='word_1_443' title='bbox 1255 2283 1460 2328; x_wconf 83' lang='lat' dir='ltr'>plerosque</span> <span class='ocrx_word' id='word_1_444' title='bbox 1496 2284 1640 2318; x_wconf 75' lang='lat' dir='ltr'>lassare</span> 
     </span>
     <span class='ocr_line' id='line_1_87' title="bbox 902 2329 1638 2375; baseline -0.001 -10"><span class='ocrx_word' id='word_1_445' title='bbox 902 2331 1092 2375; x_wconf 83' lang='lat' dir='ltr'>potuisset</span> <span class='ocrx_word' id='word_1_446' title='bbox 1116 2333 1231 2375; x_wconf 85' lang='lat' dir='ltr'>atque</span> <span class='ocrx_word' id='word_1_447' title='bbox 1248 2329 1411 2373; x_wconf 84' lang='lat' dir='ltr'>efficere,</span> <span class='ocrx_word' id='word_1_448' title='bbox 1437 2333 1480 2365; x_wconf 83' lang='lat' dir='ltr'>ut</span> <span class='ocrx_word' id='word_1_449' title='bbox 1495 2330 1638 2365; x_wconf 83' lang='lat' dir='ltr'>talibus</span> 
     </span>
    </p>
   </div>
   <div class='ocr_carea' id='block_1_6' title="bbox 903 2377 1649 2423">
    <p class='ocr_par' dir='ltr' id='par_1_11' title="bbox 903 2377 1649 2423">
     <span class='ocr_line' id='line_1_88' title="bbox 903 2377 1649 2423; baseline 0 -11"><span class='ocrx_word' id='word_1_450' title='bbox 903 2378 949 2412; x_wconf 84' lang='lat' dir='ltr'>ab</span> <span class='ocrx_word' id='word_1_451' title='bbox 974 2377 1330 2423; x_wconf 87' lang='lat' dir='ltr'>investigationibus</span> <span class='ocrx_word' id='word_1_452' title='bbox 1355 2377 1499 2412; x_wconf 71' lang='lat' dir='ltr'>iamdsiu</span> <span class='ocrx_word' id='word_1_453' title='bbox 1525 2378 1640 2412; x_wconf 81' lang='lat' dir='ltr'>desti·</span> <span class='ocrx_word' id='word_1_454' title='bbox 1647 2385 1649 2387; x_wconf 84' lang='grc'><strong>’</strong></span> 
     </span>
    </p>
   </div>
   <div class='ocr_carea' id='block_1_7' title="bbox 903 2422 1640 2706">
    <p class='ocr_par' dir='ltr' id='par_1_12' title="bbox 903 2422 1640 2706">
     <span class='ocr_line' id='line_1_89' title="bbox 903 2422 1639 2472; baseline -0.001 -13"><span class='ocrx_word' id='word_1_455' title='bbox 903 2426 1051 2459; x_wconf 87' lang='grc'>11000111.</span> <span class='ocrx_word' id='word_1_456' title='bbox 1057 2426 1074 2443; x_wconf 76' lang='grc'>“</span> <span class='ocrx_word' id='word_1_457' title='bbox 1094 2443 1137 2448; x_wconf 84' lang='lat'>—</span> <span class='ocrx_word' id='word_1_458' title='bbox 1155 2425 1341 2468; x_wconf 72' lang='lat' dir='ltr'>sublimia]</span> <span class='ocrx_word' id='word_1_459' title='bbox 1369 2422 1438 2468; x_wconf 72' lang='lat' dir='ltr'>„vd</span> <span class='ocrx_word' id='word_1_460' title='bbox 1453 2426 1639 2472; x_wconf 78' lang='grc' dir='ltr'>μετέωρα,</span> 
     </span>
     <span class='ocr_line' id='line_1_90' title="bbox 904 2471 1640 2517; baseline -0.001 -11"><span class='ocrx_word' id='word_1_461' title='bbox 904 2471 1107 2507; x_wconf 83' lang='lat' dir='ltr'>caelestia“</span> <span class='ocrx_word' id='word_1_462' title='bbox 1112 2497 1121 2514; x_wconf 90' lang='lat'><strong>‚</strong></span> <span class='ocrx_word' id='word_1_463' title='bbox 1165 2472 1471 2517; x_wconf 84' lang='lat' dir='ltr'>„philosophiam</span> <span class='ocrx_word' id='word_1_464' title='bbox 1511 2472 1640 2517; x_wconf 77' lang='lat' dir='ltr'>physi-</span> 
     </span>
     <span class='ocr_line' id='line_1_91' title="bbox 904 2518 1637 2561; baseline -0.003 -7"><span class='ocrx_word' id='word_1_465' title='bbox 904 2530 997 2554; x_wconf 81' lang='lat' dir='ltr'>cam.</span> <span class='ocrx_word' id='word_1_466' title='bbox 1001 2521 1019 2539; x_wconf 85' lang='lat'>“</span> <span class='ocrx_word' id='word_1_467' title='bbox 1063 2518 1341 2557; x_wconf 57' lang='grc'>0011100000.</span> <span class='ocrx_word' id='word_1_468' title='bbox 1389 2521 1551 2561; x_wconf 75' lang='lat' dir='ltr'>Superas</span> <span class='ocrx_word' id='word_1_469' title='bbox 1575 2527 1637 2552; x_wconf 72' lang='lat' dir='ltr'>res</span> 
     </span>
     <span class='ocr_line' id='line_1_92' title="bbox 903 2566 1638 2608; baseline -0.001 -8"><span class='ocrx_word' id='word_1_470' title='bbox 903 2567 998 2600; x_wconf 81' lang='lat' dir='ltr'>dixit</span> <span class='ocrx_word' id='word_1_471' title='bbox 1021 2566 1223 2600; x_wconf 86' lang='lat' dir='ltr'>Lucretius</span> <span class='ocrx_word' id='word_1_472' title='bbox 1251 2569 1283 2608; x_wconf 93' lang='lat'>1,</span> <span class='ocrx_word' id='word_1_473' title='bbox 1312 2567 1390 2600; x_wconf 85' lang='lat'>128.</span> <span class='ocrx_word' id='word_1_474' title='bbox 1416 2566 1530 2606; x_wconf 83' lang='lat' dir='ltr'>Quae</span> <span class='ocrx_word' id='word_1_475' title='bbox 1555 2576 1638 2600; x_wconf 86' lang='lat' dir='ltr'>ver-</span> 
     </span>
     <span class='ocr_line' id='line_1_93' title="bbox 904 2612 1637 2654; baseline -0.003 -6"><span class='ocrx_word' id='word_1_476' title='bbox 904 2614 1009 2649; x_wconf 86' lang='lat' dir='ltr'>sibus</span> <span class='ocrx_word' id='word_1_477' title='bbox 1049 2615 1184 2648; x_wconf 81' lang='lat'>16-20.</span> <span class='ocrx_word' id='word_1_478' title='bbox 1222 2614 1497 2654; x_wconf 80' lang='lat' dir='ltr'>memorantur,</span> <span class='ocrx_word' id='word_1_479' title='bbox 1534 2612 1637 2647; x_wconf 86' lang='lat' dir='ltr'>haud</span> 
     </span>
     <span class='ocr_line' id='line_1_94' title="bbox 903 2659 1635 2706; baseline -0.003 -11"><span class='ocrx_word' id='word_1_480' title='bbox 903 2661 1015 2695; x_wconf 78' lang='lat' dir='ltr'>nimis</span> <span class='ocrx_word' id='word_1_481' title='bbox 1040 2661 1173 2706; x_wconf 83' lang='lat' dir='ltr'>utique</span> <span class='ocrx_word' id='word_1_482' title='bbox 1200 2659 1358 2695; x_wconf 80' lang='lat' dir='ltr'>curabat</span> <span class='ocrx_word' id='word_1_483' title='bbox 1379 2661 1507 2704; x_wconf 69' lang='lat' dir='ltr'>posta,</span> <span class='ocrx_word' id='word_1_484' title='bbox 1534 2659 1635 2694; x_wconf 82' lang='lat' dir='ltr'>unde</span> 
     </span>
    </p>
   </div>
   <div class='ocr_carea' id='block_1_8' title="bbox 1759 2638 1774 2691">
    <p class='ocr_par' dir='ltr' id='par_1_13' title="bbox 1756 2638 1774 2702">
     <span class='ocr_line' id='line_1_95' title="bbox 1759 2638 1774 2691; baseline 0 11"><span class='ocrx_word' id='word_1_485' title='bbox 1759 2638 1774 2691; x_wconf 92' lang='lat'>³</span> 
     </span>
    </p>
   </div>
   <div class='ocr_carea' id='block_1_9' title="bbox 904 2694 1774 2930">
    <p class='ocr_par' dir='ltr' id='par_1_14' title="bbox 904 2694 1774 2930">
     <span class='ocr_line' id='line_1_96' title="bbox 904 2694 1774 2930; baseline -0.003 -187"><span class='ocrx_word' id='word_1_486' title='bbox 904 2709 1017 2743; x_wconf 88' lang='lat' dir='ltr'>simul</span> <span class='ocrx_word' id='word_1_487' title='bbox 1043 2709 1136 2742; x_wconf 71' lang='lat' dir='ltr'>levis</span> <span class='ocrx_word' id='word_1_488' title='bbox 1161 2710 1200 2742; x_wconf 87' lang='lat' dir='ltr'>et</span> <span class='ocrx_word' id='word_1_489' title='bbox 1224 2707 1344 2742; x_wconf 85' lang='lat' dir='ltr'>amica</span> <span class='ocrx_word' id='word_1_490' title='bbox 1367 2707 1469 2742; x_wconf 86' lang='lat' dir='ltr'>inest</span> <span class='ocrx_word' id='word_1_491' title='bbox 1492 2706 1636 2741; x_wconf 75' lang='lat' dir='ltr'>ironia:</span> <span class='ocrx_word' id='word_1_492' title='bbox 1741 2694 1774 2930; x_wconf 58' lang='grc'><em>1</em></span> 
     </span>
    </p>
   </div>
  </div>
 </body>
</html>
