1786 2912
756 141 853 176 ΙιῙῖΒ.1
874 141 912 177 1.-
953 140 1065 175 SA'R
1079 139 1126 175 X.

1553 140 1637 182 115

171 259 190 266 ·’
239 245 464 301 Contigit?
489 243 550 287 At
579 256 719 286 sermo
749 243 898 297 lingua
926 240 1160 284 concinnus
1188 243 1370 296 utraque

242 315 437 368 Suavior,
468 318 517 357 ut
547 313 656 356 Chio
687 316 790 356 nota
819 313 858 354 si
887 312 1118 355 commixta
1145 311 1318 355 Falerni
1349 314 1428 353 est.

239 386 350 429 Cum
380 399 530 428 versus
562 384 714 437 facias,
744 387 789 426 te
818 383 963 439 ipsum
990 386 1228 439 percontor,
1260 395 1316 424 an
1346 386 1391 424 et
1421 394 1518 422 cum
1580 381 1636 422 25

238 457 359 499 Dura
387 456 466 498 tibi
496 454 742 511 peragenda
770 457 835 497 rei
867 454 924 496 sit
953 467 1084 496 causa
1111 452 1290 495 Petilli?

243 527 414 570 Scilicet
445 526 604 568 oblitus
635 525 887 581 patriaeque
914 524 1155 580 patrisque,
1184 522 1342 566 Latine

245 598 355 640 Cum
384 596 544 639 Pedius
577 610 727 638 causas
757 593 939 638 exsudet
967 593 1191 650 Poplicola
1218 597 1347 649 atque

243 668 476 721 Corvinus,
508 667 656 723 patriis
686 665 978 709 intermiscere
1009 664 1148 720 petita

222 805 279 837 27.
315 803 444 837 obulos
475 801 640 836 Bentleii
672 801 837 845 suspicio
872 803 1024 843 recepta
1057 799 1104 833 ab
1135 793 1358 832 Heindorfio'
1389 801 1425 832 et
1457 796 1591 831 Kirch-

171 860 277 884 nero.
303 869 347 873 -
371 850 494 883 latim
517 846 615 893 Scdp
642 849 679 882 et
710 858 805 882 corr.
831 847 875 891 b,

907 847 995 880 item
1021 845 1194 880 Pottierii
1228 846 1400 890 plerique
1435 847 1472 878 et
1506 855 1591 879 cum

175 896 253 931 suis
279 895 696 946 universisRBentleius.
724 914 766 918 —
794 895 850 928 28.
877 894 1069 927 Publicola
1092 892 1230 938 bScdp.

127 1007 234 1043 Caes.
267 1017 300 1041 c.
332 1005 397 1048 ⁷32,
436 1008 602 1041 Pitholai
627 1007 856 1040 carminibus

126 1055 472 1088 maledicentissimis
505 1055 710 1088 laceratam
734 1054 859 1087 existi-

126 1102 324 1136 mationem
346 1110 453 1134 suam
486 1102 583 1135 civili
613 1102 737 1134 ammo
763 1101 858 1134 tulit.

127 1148 167 1183 Is
191 1149 304 1190 enim,
329 1158 414 1182 cum
438 1158 577 1182 nomen
601 1149 792 1182 Pitholaus
817 1147 858 1180 in

128 1196 385 1230 hexametrum
417 1206 566 1229 versum
598 1206 676 1229 non
702 1194 860 1235 veniret,

129 1243 176 1276 ab
212 1242 368 1277 Horatio
404 1243 594 1276 Pitholcon
629 1241 753 1275 dictus
789 1244 860 1282 est,

76 1320 80 1325 .
130 1292 173 1323 ut
210 1286 421 1332 Τιμόλαος,
460 1288 673 1332 Τιμολέων.
712 1288 860 1322 similia.

130 1336 309 1371 Libertus
346 1339 427 1370 erat
460 1335 510 1369 M.
547 1335 719 1376 Otacilii,
761 1335 861 1368 unde

132 1382 323 1417 Macrobio
348 1383 496 1416 Satur-n.
521 1384 555 1424 2,
580 1385 612 1416 2.
638 1394 675 1425 p.
701 1383 781 1415 325.
806 1381 862 1414 di-

136 1429 235 1464 citur
270 1431 322 1464 H.
364 1430 542 1464 Otacilius
580 1429 780 1462 pitholaus.
818 1447 861 1451 —

136 1475 352 1519 concinnus]
402 1478 579 1521 „gratum
626 1476 667 1509 in
713 1475 863 1509 modum

134 1523 308 1557 mixtus.“
358 1522 452 1557 chio
485 1523 586 1556 enim
622 1523 709 1556 vino
747 1522 863 1564 dulci,

136 1569 201 1604 cui
231 1580 334 1614 aqua
367 1570 513 1604 marina
544 1580 621 1603 non
656 1569 863 1603 addebatur

135 1615 273 1660 (Varro
290 1616 436 1661 Fragm.
459 1627 495 1660 p.
514 1618 594 1650 376.
611 1616 722 1659 Bip.)‚
746 1617 864 1650 inter-

136 1663 224 1697 dum
260 1663 469 1698 miscebant
499 1663 703 1697 Falernum
739 1666 864 1697 auste-

134 1721 240 1752 rum,
272 1710 374 1744 unde
406 1712 608 1754 utrumque
639 1721 750 1754 saepe
775 1721 867 1744 con-

134 1757 306 1803 iungitur
336 1756 439 1802 apud
467 1759 607 1801 poetas.
658 1757 740 1791 Tib.
765 1759 806 1799 2,
833 1760 864 1799 1,

137 1806 202 1838 27:
250 1806 355 1838 Nunc
399 1805 488 1837 mihi
534 1805 692 1845 fumosos
731 1806 864 1838 veteris

135 1853 299 1893 proferte
322 1852 498 1885 Falernos
525 1852 687 1885 camuli-3
721 1854 753 1884 el
779 1853 864 1885 Chio

136 1899 262 1932 solvite
284 1899 408 1932 vincla
432 1899 534 1931 cado.
561 1917 604 1922 —
631 1899 734 1941 nota]
763 1898 863 1941 „vini

137 1955 257 1990 genus
272 1945 384 1979 titulo
406 1946 605 1989 amphorae
623 1945 863 1979 indicatum.“

187 1994 244 2026 25.
269 1993 327 2025 26.
353 1995 388 2025 ει
411 1994 531 2034 ipsum
550 1992 765 2034 percontor]
794 1992 865 2035 „Ut

139 2039 339 2073 concedam
364 2049 410 2073 ex
425 2042 530 2083 parte
554 2040 651 2074 hanc
667 2040 864 2073 mixturam

138 2086 262 2119 locum
285 2085 445 2119 fortasse
461 2087 600 2120 habere
624 2086 665 2119 in
682 2086 866 2130 poematis

139 2132 318 2172 ludicris,
350 2132 502 2166 minime
535 2135 678 2173 tamen,
712 2135 755 2166 ut
785 2135 865 2166 tute

139 2178 280 2213 fateare
305 2189 461 2212 necesse
478 2181 545 2220 est,
571 2179 726 2213 tolerari
743 2182 866 2222 potest

139 2225 182 2258 in
205 2225 437 2270 argumentis
461 2226 717 2270 gravioribus,
748 2226 866 2260 veluti

139 2273 180 2305 in
198 2273 442 2315 orationibus,
461 2283 583 2316 neque
600 2283 688 2306 vcro
706 2284 774 2316 pro
791 2284 867 2307 me-

139 2319 214 2353 rito
237 2320 364 2363 aliquo
390 2319 575 2364 singulari
591 2319 629 2353 id
654 2319 866 2354 habendum

141 2366 216 2400 erit
245 2366 305 2400 vel
338 2367 378 2399 in
411 2366 593 2400 Lucili0.“
621 2385 664 2390 —
696 2369 867 2405 Dara--

141 2421 254 2446 causa
286 2413 428 2455 Petilli]
463 2413 556 2447 Cum
595 2424 709 2448 causa
742 2414 870 2458 aliqua

140 2460 355 2504 peragenda
386 2463 443 2494 est
473 2460 641 2494 difficilis
674 2471 719 2494 ac
750 2472 870 2504 paene

141 2505 357 2550 desperata,
391 2507 601 2541 cuiusmodi
634 2508 706 2541 fuit
730 2507 869 2542 Petillii

144 2552 346 2596 Capitolini
363 2553 408 2587 de
426 2554 538 2588 furtis
551 2554 591 2587 in
610 2554 791 2588 iudicium
808 2566 871 2588 vo·

143 2601 249 2633 cati.“
276 2600 362 2634 Vid.
387 2600 461 2634 Sat.
488 2603 520 2642 1,
543 2604 578 2643 4,
602 2604 658 2635 94.
683 2601 755 2635 Hic
779 2612 870 2636 sane

143 2657 220 2680 non
257 2646 369 2680 nimis
405 2647 611 2682 honorifice
652 2649 749 2681 dura
789 2649 870 2683 eius

143 2693 306 2727 hominis
330 2705 443 2728 causa
467 2694 620 2728 dicitur.

953 1006 1072 1039 27-30.
1104 1006 1248 1039 Scilicet
1282 1005 1415 1038 oblitae
1433 1021 1448 1028 -
1466 1022 1482 1029 ·
1509 1005 1641 1037 Latine

907 1052 991 1096 cet.]
1019 1051 1136 1094 „Cum
1152 1051 1469 1096 praestantissimi
1488 1056 1640 1085 nostrae

906 1100 1040 1134 aetatis
1053 1103 1223 1133 oratores
1234 1099 1374 1132 Pedius
1388 1101 1427 1132 et
1439 1098 1639 1132 Messalla“

908 1148 1026 1191 (quos
1050 1147 1092 1179 ἐν
1117 1142 1273 1193 παρόδῳ
1305 1145 1530 1180 dexterrime
1562 1146 1643 1179 lau·

908 1193 995 1236 dat)
1035 1194 1098 1236 „in
1124 1204 1168 1228 eo
1202 1204 1348 1227 summo
1374 1203 1487 1237 opere
1515 1192 1640 1226 elabo-

908 1243 1013 1281 rent,
1044 1244 1086 1274 ut
1110 1251 1206 1284 puro
1232 1244 1345 1284 atque
1371 1240 1534 1285 eleganti
1562 1250 1640 1273 ser·

908 1298 1017 1322 mone
1043 1288 1178 1321 Latino
1215 1297 1347 1321 causas
1373 1290 1504 1331 agant,
1537 1290 1640 1327 tune,

910 1334 1050 1368 oblitus
1083 1338 1120 1368 te
1153 1334 1362 1368 Romanum
1397 1344 1499 1375 esse,
1533 1334 1642 1368 malis
1710 1337 1719 1340 ”

911 1382 1023 1415 etiam
1058 1381 1156 1425 apud
1196 1381 1342 1415 iudices
1382 1381 1497 1414 verba
1534 1391 1641 1424 pere-

909 1429 1018 1473 grina
1029 1428 1163 1472 patriis
1176 1428 1413 1462 immiscere?
1429 1427 1533 1462 Adeo
1548 1428 1643 1461 stul-

911 1477 1099 1510 tus-certe
1124 1475 1187 1509 vix
1210 1475 1306 1517 eris,
1339 1485 1425 1508 nam
1452 1485 1642 1519 compara·
1667 1495 1682 1509 1

910 1525 973 1556 tus
998 1532 1082 1556 cum
1107 1522 1185 1556 illis
1209 1522 1255 1556 ab
1278 1522 1451 1556 omnibus
1468 1522 1644 1566 explode-

911 1570 1029 1604 rere.“
1049 1588 1093 1593 —
1107 1571 1257 1610 patriae
1270 1569 1476 1612 patrisque]
1502 1569 1642 1603 dietum

911 1619 987 1658 est,
1019 1620 1061 1650 ut
1083 1616 1286 1660 aliquoties
1311 1616 1412 1661 apud
1439 1615 1642 1650 Salustium

912 1663 1042 1706 (Catil.
1068 1666 1101 1697 6.
1133 1665 1190 1696 52.
1215 1663 1297 1708 lug.
1322 1664 1400 1706 87.)
1424 1665 1550 1705 patria
1574 1672 1642 1705 pa-

911 1713 1113 1751 remosque.
1133 1730 1175 1734 —
1201 1710 1279 1744 Nec
1304 1712 1486 1744 exsudare
1512 1720 1643 1744 causas

912 1759 1040 1791 Latine
1072 1757 1187 1791 ullam
1214 1758 1326 1791 habet
1359 1757 1642 1801 difficultatem3

914 1805 980 1838 sed
1012 1808 1113 1838 recte
1146 1805 1372 1849 explicatum
1406 1806 1527 1838 estin
1554 1805 1643 1839 Cod.

912 1852 1045 1886 Bland.
1064 1852 1346 1896 antiquissimo:
1374 1863 1483 1893 „cum
1505 1852 1643 1886 sudore

914 1901 951 1932 et
982 1899 1084 1932 omni
1116 1899 1298 1933 instantia
1330 1899 1463 1933 Latine
1498 1901 1644 1938 recitet,

912 1946 1045 1980 Latine
1058 1946 1257 1990 proferat.“
1277 1946 1373 1988 (Lim
1388 1949 1421 1987 4,
1437 1949 1497 1980 13:
1514 1948 1644 1988 invem

914 1996 1097 2026 certamen
1122 1995 1311 2027 exsudare.
1335 1996 1369 2033 5,
1395 1996 1437 2026 5:
1464 1996 1645 2028 exsudare

916 2041 1103 2082 laborem.)
1114 2059 1157 2064 —-
1167 2040 1314 2083 Pedius]
1324 2040 1367 2079 Q.
1378 2041 1530 2081 Pedius,
1543 2041 1645 2074 filius

914 2097 960 2120 ex
993 2097 1122 2121 sorore
1150 2087 1188 2120 O.
1213 2087 1301 2120 Iulii
1329 2087 1500 2121 Caesaris
1531 2091 1644 2131 atque

914 2144 1013 2167 unus
1028 2145 1073 2167 ex
1085 2134 1289 2177 heredibus
1306 2134 1399 2169 eius,
1415 2145 1450 2168 a.
1464 2145 1500 2167 u.
1514 2144 1545 2167 c.
1564 2136 1645 2168 711.

914 2181 954 2213 in
971 2181 1170 2214 consulatu
1195 2184 1378 2222 mortuus,
1404 2192 1559 2215 uxorem
1578 2182 1643 2214 ha-

913 2227 996 2260 buit
1012 2226 1201 2261 Valeriam
1226 2230 1339 2271 atque
1365 2239 1385 2261 e
1410 2227 1487 2262 filio
1505 2228 1645 2281 Quinto

915 2277 1088 2318 nepotem
1114 2278 1251 2308 natura
1274 2278 1431 2308 mutum.
1480 2276 1644 2320 Adopta-

914 2321 969 2354 vit
984 2321 1102 2366 igitur
1125 2321 1246 2355 filium
1271 2322 1431 2356 alterum
1447 2321 1646 2356 Messallae

915 2368 1088 2410 maioris,
1126 2369 1193 2413 qui
1225 2369 1314 2403 inde
1347 2369 1489 2403 Pedius
1523 2370 1645 2404 dictus

918 2417 986 2448 est.
1031 2414 1163 2459 Itaque
1187 2415 1295 2450 Pedii
1319 2416 1434 2450 frater
1460 2416 1646 2450 Corvinus

918 2461 991 2495 fuit
1015 2464 1053 2495 et
1085 2466 1244 2507 uterque
1269 2463 1484 2507 Poplicolae
1510 2470 1648 2508 cogno·

919 2519 1004 2542 men
1042 2509 1184 2543 habuit.
1235 2510 1300 2551 (In
1334 2510 1493 2555 legendo
1531 2511 1645 2554 iunge

918 2557 1052 2589 Pedius
1092 2558 1295 2598 Poplicola,
1338 2568 1415 2591 non
1456 2558 1646 2597 Poplicola

919 2605 1029 2643 atque
1063 2604 1265 2646 conanus.)
1293 2623 1335 2627 —-
1370 2603 1567 2646 Corvinus]
1599 2602 1647 2636 M.

920 2649 1093 2684 Valerius
1126 2651 1318 2694 Poplicola
1348 2650 1526 2684 Messalla
1557 2649 1648 2684 Cor-

920 2696 1049 2739 vinus,
1081 2697 1128 2731 de
1160 2709 1237 2742 quo
1271 2697 1355 2730 vide
1386 2701 1647 2741 argumentum
