1786 2912
230 121 312 162 124

736 122 944 156 HORATII
971 122 1254 158 SATIRARUM

344 222 663 279 Discipularum
695 224 806 266 inter
837 223 964 266 iubeo
995 225 1165 280 plorare
1197 225 1434 268 cathedras

343 294 382 346 I,
415 308 539 349 puer,
574 298 702 350 atque
732 308 828 338 meo
860 295 968 336 citus
998 294 1106 338 haec
1136 296 1358 340 subscribe
1389 297 1550 340 libello.

229 423 313 465 lere,
330 424 470 457 saltare
484 425 686 465 eleqana'us
698 432 808 464 quam
820 433 962 458 necesse

226 472 276 503 est
298 471 449 511 probae.
469 490 511 494 —
535 471 700 514 plorare]
728 470 963 513 „Salsissima

225 517 345 551 utitur
364 518 522 562 dilogia3
549 529 635 552 nam
654 521 690 552 et
709 519 870 561 plorant,
898 520 962 563 qui

226 564 363 598 docent
395 565 542 609 puellas
575 566 837 600 cantiunculas
863 577 962 600 ama-

226 613 342 646 torias
375 612 491 646 flebili
518 615 554 646 et
579 613 685 646 molli
710 624 801 647 voce
827 613 962 647 decan-

226 662 318 702 tare,
337 662 374 693 et
388 661 539 701 plorare
557 660 691 694 iubent
705 660 852 703 Graeci,
880 662 962 705 qui-

226 706 297 740 bus
323 718 473 752 gravem
497 707 754 752 imprecantur
773 708 962 752 calamita-

226 756 319 796 tem,
347 754 446 798 quod
473 754 618 788 κλαίειν
643 758 680 789 et
705 751 881 798 οἰμώζειν
906 756 961 789 illi

225 801 392 835 dicunt.“
420 802 594 835 BAx'rnn.
614 822 657 826 —
677 803 883 846 cathedras]
908 803 962 836 fe-

225 849 413 883 minarum
427 849 562 884 sedilia
575 850 841 884 commodiora.
866 850 962 884 Mar-

225 897 304 930 tial.
331 899 370 939 3,
397 899 459 939 63,
487 899 526 931 7:
562 900 663 930 Inter
687 899 862 939 femineas
888 900 963 932 tota

227 946 291 984 qui
318 945 396 977 luce
423 946 613 978 cathedras
639 947 797 979 Desidet.
831 945 961 979 Iuven.

226 993 259 1033 6,
285 993 341 1024 91.
366 993 494 1025 molles
521 1002 582 1026 eas
601 995 717 1026 vocat.
738 1012 779 1016 ——
801 994 830 1034 I,
854 993 961 1035 puer]

1010 424 1120 458 brum
1136 436 1254 470 *suum
1271 425 1368 460 illud
1386 427 1565 469 conferat,
1590 438 1639 460 ne
1661 438 1746 472 per-

1012 474 1071 505 eat
1092 474 1167 506 tam
1193 475 1446 518 opportunum
1473 476 1510 507 et
1533 476 1745 519 congruens

1010 519 1051 552 in
1069 520 1323 555 modulatores
1341 521 1433 555 istos
1451 521 1627 556 dictum.“
1646 522 1746 555 POR-

1011 574 1128 600 PHYR.
1156 586 1199 590 —
1226 568 1336 611 haec]
1371 569 1484 611 „haec
1514 569 1597 613 ipsa
1623 570 1745 612 verba,

1012 611 1189 657 οἰμώζειν
1222 625 1266 647 σε
1298 612 1458 656 κελεύω,
1494 613 1744 664 μιαρώτατε.“

1012 661 1155 695 Verum
1179 662 1333 704 rectius,
1358 665 1401 696 ut
1418 673 1520 697 nunc
1537 674 1635 706 reor,
1661 674 1746 697 cum

1011 708 1183 743 Bentleio
1209 709 1332 743 Praef.
1350 721 1386 754 p.
1405 711 1437 744 5.
1455 710 1523 744 Ed.
1540 711 1658 745 Amst.
1681 711 1746 745 alii

1011 756 1064 789 ita
1074 757 1311 801 interpretati
1321 758 1428 791 sunt:
1445 757 1639 803 „Adiunge
1650 758 1746 792 hanc
1777 762 1782 770 ¹

1012 804 1163 838 satiram
1197 804 1392 848 prioribus
1418 804 1506 839 libri
1539 805 1673 850 primi,
1706 809 1749 840 ut

1011 851 1102 885 huic
1126 851 1211 885 finis
1227 852 1444 896 imponatur
1465 852 1577 897 isque
1594 853 1666 887 iam
1685 853 1747 887 edi

1010 899 1164 942 possit.“
1191 898 1362 943 Propert.
1381 900 1414 942 3,
1432 902 1488 942 23,
1507 902 1571 934 23:
1590 902 1620 942 I,
1638 909 1747 943 puer,

1012 948 1045 979 et
1054 947 1145 979 citus
1154 947 1242 980 haec
1252 947 1381 986 aliqua
1387 955 1551 988 propone
1562 949 1746 981 columna.

1014 1012 1056 1017 —
1085 994 1220 1035 libello]
1249 996 1291 1026 ut
1317 993 1487 1028 Catullus
1515 996 1553 1037 1,
1588 998 1626 1028 1:
1655 996 1750 1037 Quoi

225 1039 463 1084 „Eleganter,
491 1039 599 1083 quasi
626 1040 696 1073 hoc
723 1051 769 1074 ex
794 1043 962 1084 tempore

224 1086 382 1128 dixerit,
410 1087 596 1131 praecipit
620 1098 757 1131 puero,
784 1089 827 1121 ut
850 1088 890 1120 in
918 1088 962 1120 li-

1011 1042 1105 1074 dono
1138 1041 1296 1082 lepidum
1321 1049 1455 1075 novum
1490 1043 1676 1076 libellum?
1702 1042 1747 1076 de

1013 1088 1225 1122 carminum
1252 1099 1406 1122 suorum
1432 1089 1668 1124 collectione.

700 1297 743 1336 E
766 1296 819 1336 X
842 1297 877 1336 C
901 1297 939 1336 Ι]
962 1298 1008 1336 R
1031 1298 1067 1337 S
1090 1298 1131 1337 U
1152 1297 1188 1338 S
1231 1299 1274 1337 1.

593 1382 657 1414 DE
684 1381 785 1415 vm.
812 1381 1051 1416 VERSIBUS
1078 1366 1380 1417 SUBDITIOHS.

321 1463 414 1497 Octo
440 1475 573 1498 versus
599 1465 735 1499 litteris
762 1465 955 1499 inclinatis
983 1466 1151 1510 expressi
1176 1466 1315 1500 absunt
1340 1477 1362 1500 a
1386 1466 1579 1510 plerisque
1603 1465 1750 1500 Horatii

225 1510 344 1544 Codd.
371 1514 408 1545 et
432 1511 525 1544 Edd.
551 1514 657 1552 vett,
683 1512 905 1546 nominatim
930 1524 952 1546 a
979 1512 1094 1546 Codd.
1121 1512 1378 1547 Oberlinianis
1405 1515 1442 1547 et
1465 1513 1751 1558 Bambergensi-

226 1558 308 1600 bus,
334 1558 402 1592 Ed.
420 1558 515 1592 Ven.
535 1561 658 1602 1481.;
684 1560 929 1603 reperiuntur
956 1560 996 1593 in
1023 1560 1118 1594 Feae
1146 1560 1260 1594 Codd.
1287 1560 1482 1594 nonnullis
1508 1563 1546 1594 et
1571 1563 1749 1605 quattuor

225 1605 503 1648 Beruensibus,
537 1617 699 1650 quorum
726 1607 800 1640 duo
834 1610 936 1640 certe
970 1607 1100 1650 scripti
1134 1611 1224 1640 sunt
1249 1606 1330 1641 Sec.
1354 1606 1421 1649 X.‚
1454 1607 1547 1641 adeo
1573 1610 1616 1641 ut
1639 1618 1748 1642 nemo
1767 1642 1786 1650 χ

224 1653 300 1687 iam
327 1653 511 1697 suspicari
538 1655 653 1697 queat
678 1653 896 1698 eosdeberi
922 1654 1075 1687 falsario
1101 1654 1216 1688 alicui
1241 1653 1337 1688 Italo
1364 1653 1445 1688 Sec.
1471 1653 1552 1688 XV.
1577 1655 1749 1689 Colorem

227 1711 319 1734 sane
344 1700 485 1734 habent
502 1700 702 1744 antiquum
721 1704 768 1742 et,
795 1701 827 1734 si
851 1701 891 1734 in
917 1712 958 1734 re
985 1701 1184 1734 admodum
1211 1701 1359 1735 incerta
1375 1701 1615 1736 coniecturae
1642 1702 1749 1736 locus

226 1751 302 1790 est,
327 1747 531 1781 Frontonis
558 1748 708 1782 circiter
733 1751 920 1792 tempore,
948 1759 1022 1792 quo
1049 1748 1326 1791 controversia,
1357 1751 1485 1782 utrum
1510 1750 1749 1793 praeferendi

227 1797 356 1828 essent
389 1795 592 1839 scriptores
625 1795 786 1840 Augusti
820 1797 982 1829 aetatem
1019 1796 1250 1840 praegressi,
1287 1806 1337 1829 an
1372 1796 1439 1840 qui
1475 1797 1544 1830 sub
1577 1797 1749 1841 Augusto

227 1842 481 1886 scripserunt,
514 1842 614 1876 inter
641 1842 876 1886 antiquarios
903 1845 940 1876 et
965 1843 1219 1876 recentiorum
1249 1843 1474 1887 scriptorum
1499 1844 1746 1878 admiratores

228 1900 340 1933 quam
366 1890 522 1923 maxime
549 1889 778 1934 agitabatur,
805 1890 1003 1933 compositi
1030 1890 1205 1924 videntur
1230 1890 1276 1924 ab
1301 1891 1452 1924 homine
1477 1891 1597 1925 otioso
1624 1891 1749 1934 (semi-

227 1936 378 1970 doctum
405 1937 634 1970 nebulonem
660 1939 767 1970 vocat
783 1936 1020 1979 Lambinus),
1047 1938 1112 1982 qui
1137 1938 1253 1971 animi
1280 1948 1393 1971 causa
1418 1940 1632 1972 tentaturus
1658 1942 1749 1980 erat,

228 1995 304 2028 quo
330 1984 439 2018 modo
467 1984 660 2018 exordium
688 1984 954 2028 qualecunque
980 1985 1100 2028 aptari
1135 1988 1263 2029 posset
1288 1984 1453 2018 sermoni
1480 1985 1611 2030 utique
1636 1985 1749 2019 abru-

227 2031 362 2076 ptiori,
398 2031 464 2065 sed
490 2032 579 2065 satis
604 2031 750 2065 munito
776 2031 898 2065 Persii
925 2033 965 2073 3,
1000 2035 1030 2065 1.
1056 2032 1283 2066 imitatione:
1325 2033 1462 2073 Nempe
1487 2033 1554 2065 hoc
1578 2033 1749 2066 assidue?

228 2078 446 2112 Sententiae
472 2079 576 2123 ipsae
601 2080 739 2123 partim
757 2079 941 2113 obscurae
968 2081 1066 2121 sunt,
1092 2079 1353 2123 partim,.dum
1378 2080 1545 2124 leporem
1563 2079 1749 2122 affectant,

227 2126 407 2168 insulsae,
434 2128 477 2159 ut
501 2126 597 2159 illud
623 2127 770 2168 funibus
795 2127 876 2159 udis
900 2127 1138 2169 Exhortatus,
1164 2126 1389 2170 Horatiique
1407 2127 1567 2161 consilio
1591 2138 1749 2171 prorsus

228 2177 453 2218 repugnant.
502 2175 718 2208 Mendosum
755 2174 894 2208 rustice
931 2173 1099 2218 appellat
1130 2173 1363 2208 versificator
1395 2173 1604 2216 Lucilium,
1642 2175 1749 2208 cuius

229 2221 388 2254 multum
415 2221 544 2262 salem,
570 2221 778 2266 ingenium,
804 2221 1056 2255 urbanitatem
1073 2221 1171 2255 ultro
1198 2221 1370 2266 agnoscit
1386 2221 1578 2264 Horatius,
1603 2221 1643 2254 id
1669 2224 1748 2255 tan-

228 2270 307 2301 tum
334 2268 478 2310 dolens,
505 2279 637 2302 versus
664 2268 746 2302 eius
773 2279 848 2302 non
876 2269 964 2302 satis
987 2268 1209 2309 elaboratos,
1236 2269 1347 2301 nimis
1365 2268 1533 2310 verbose,
1558 2268 1748 2302 interdum

229 2315 340 2348 etiam
368 2315 616 2359 negligenter,
644 2326 839 2360 expressas
854 2326 939 2350 esse
966 2316 1185 2357 sententias,
1210 2316 1321 2348 nimis
1339 2325 1424 2349 eum
1447 2315 1519 2349 sibi
1543 2314 1750 2350 indulsisse

229 2361 270 2394 in
296 2362 552 2396 immiscendis
575 2362 700 2396 verbis
720 2363 884 2398 Graecis.
927 2362 1089 2397 Prorsus
1115 2362 1336 2396 mendosum
1361 2372 1443 2396 esse
1471 2361 1579 2396 simia
1602 2362 1750 2397 Horatii

229 2409 450 2453 pervincere
477 2409 554 2442 volt
579 2412 673 2443 teste
699 2411 780 2454 ipso
808 2410 960 2451 Catone,
987 2410 1125 2444 Lucilii
1150 2409 1359 2450 defensore,
1386 2410 1472 2453 qui,
1497 2411 1540 2443 ut
1564 2409 1628 2452 ait,
1653 2410 1749 2444 male

229 2456 351 2490 factos
376 2467 508 2490 versus
534 2458 733 2491 emendare
759 2468 802 2492 ae
828 2457 949 2502 polire
981 2460 1099 2501 paret.
1150 2456 1322 2501 Cogitant
1346 2456 1391 2490 de
1416 2455 1568 2491 Valerio
1596 2456 1748 2499 Catone,

231 2503 341 2537 cuius
367 2503 547 2537 habemus
574 2504 683 2538 Diras
710 2507 746 2538 et
763 2505 930 2550 Lydiam,
956 2504 993 2537 id
1021 2507 1088 2548 est,
1115 2504 1161 2538 de
1187 2503 1428 2549 grammatico
1453 2515 1496 2538 ac
1521 2505 1633 2548 poeta
1658 2506 1749 2537 tem-

231 2561 365 2595 porum
392 2550 653 2594 Sullanorum,
692 2551 758 2596 qui
785 2563 817 2586 a.
845 2563 882 2585 u.
908 2562 939 2584 c.
967 2553 1046 2585 723.
1072 2552 1134 2585 vix
1157 2552 1197 2584 in
1223 2551 1317 2584 vivis
1344 2553 1444 2592 erat,
1480 2551 1550 2584 etsi
1582 2551 1675 2584 vixit
1701 2552 1750 2584 ad

233 2601 433 2632 extremam
463 2601 654 2631 senectam.
706 2598 859 2632 Sueton.
901 2597 1063 2632 Gramm.
1104 2600 1159 2632 11.
1209 2597 1280 2631 Sed
1306 2598 1343 2631 id
1368 2600 1435 2632 aut
1467 2597 1653 2642 ignoravit
1685 2600 1750 2632 aut

232 2645 385 2679 omnino
411 2656 488 2679 non
514 2645 658 2678 curavit
682 2645 726 2687 is,
753 2646 819 2690 qui
847 2646 886 2679 in
913 2646 981 2679 hoc
1008 2645 1159 2680 exordio
1185 2645 1385 2679 scribendo
1412 2655 1539 2678 secum
1565 2645 1646 2689 ipse
1672 2655 1748 2678 non

232 2692 358 2726 minus
385 2703 498 2737 quam
524 2692 719 2726 nobiscum
747 2694 848 2726 lusit.
900 2692 1026 2732 Quid?
1066 2692 1166 2737 quod
1192 2695 1269 2726 tota
1294 2703 1355 2726 res
1380 2691 1577 2736 desumpta
1602 2692 1749 2726 videtur
