1774 2930
670 157 764 192 Ans
787 154 1011 191 Potum.

1509 150 1591 192 511

201 262 382 320 Pythias
411 263 610 304 emuncto
638 259 802 302 lucrata
829 255 1004 299 Simone
1032 253 1259 305 talentum,

202 334 275 376 An
304 336 447 376 custos
478 331 746 386 famulusque
775 327 846 371 dei
874 325 1046 369 Silenus
1076 323 1252 367 alumni.

202 403 275 447 Ex
302 407 405 446 noto
433 402 579 444 fictum
610 413 782 443 carmen
809 411 984 454 sequar,
1016 399 1065 438 ut
1094 394 1176 437 sibi
1207 393 1346 450 quivis

1511 391 1598 432 240

205 474 360 532 Speret
389 473 522 526 idem,
554 471 679 514 sudet
707 469 888 512 multum
917 468 1158 522 frustraque
1186 464 1353 508 laboret

205 545 351 588 Ausus
380 543 518 586 idem:
550 546 717 585 tantum
746 540 881 583 series
910 539 1189 593 iuncturaque
1218 535 1371 592 pollet,

208 615 395 658 Tantum
425 614 479 657 de
509 612 650 656 medio
681 611 862 667 sumptis
892 608 1056 652 accedit
1084 607 1272 649 honoris.

186 764 267 797 248.
293 763 436 796 accedet
460 760 490 794 Τ
516 759 671 803 aliique.

93 890 126 921 οι
152 886 294 928 audax]
322 885 400 927 „Ita
425 885 517 927 (non
535 892 586 916 an
602 883 744 923 audax)
763 883 822 915 est

93 933 315 979 legendum3
340 943 426 965 nam
444 931 731 975 distinguuntur
747 928 822 962 duo

92 984 239 1015 tantum
275 980 450 1026 genera.“
499 977 615 1011 Han
650 976 761 1010 Turs.
794 975 823 1008 L

94 1039 132 1073 Ρ.
150 1030 294 1062 303.-
308 1025 474 1068 Pythias]
497 1033 661 1069 persona
683 1022 825 1056 comica

94 1075 137 1109 in
161 1073 357 1108 comoedia
374 1072 527 1113 Lucilii,
552 1081 651 1115 quae
675 1069 824 1103 induci·

94 1125 258 1165 turper
289 1119 447 1154 astutias
480 1119 652 1162 accipere
691 1127 826 1162 argen-

94 1172 177 1202 tum
212 1178 236 1202 a
266 1166 438 1209 Simone,
474 1166 626 1200 domino
660 1174 749 1206 suo,
784 1164 824 1197 in

95 1215 222 1249 dotem
246 1225 338 1249 suae
362 1214 496 1248 filiae!
549 1212 677 1246 Con.
704 1211 826 1249 CRUQ.

97 1262 187 1304 (Pro
204 1262 335 1294 Lucilii
359 1261 486 1294 malim
504 1260 672 1301 Caecilii3
697 1258 827 1292 eadem

98 1308 272 1342 confusio
297 1310 355 1341 est
377 1308 418 1340 in
444 1306 636 1351 Spengelii
662 1304 827 1339 Caecilio

99 1355 219 1390 Statio
242 1366 280 1399 p.
305 1354 378 1396 60.)
415 1355 561 1394 Pythias
586 1355 643 1386 est
666 1362 829 1396 persona

98 1402 243 1436 comica
278 1401 390 1435 etiam
425 1400 526 1444 apud
559 1399 830 1433 Phoenicidem

97 1449 140 1482 in
162 1448 344 1483 Meinekii
370 1447 432 1481 Fr.
457 1447 561 1481 Com.
585 1446 650 1480 {V-
675 1457 712 1490 p.
738 1448 830 1488 511.

97 1495 164 1530 ubi
190 1495 342 1529 Editor·
376 1494 580 1539 ,Py-thiae,
611 1493 712 1537 quod
736 1493 830 1527 alias

98 1543 343 1577 honestarum
358 1541 585 1576 feminarum
598 1550 736 1574 nomen
751 1543 831 1574 erat

99 1591 157 1632 (v.
189 1590 298 1635 Diog.
329 1589 373 1622 L.
406 1591 446 1631 5,
481 1590 538 1622 53.
575 1590 613 1621 et
646 1586 829 1621 Stobaeus

98 1637 228 1671 Floril.
254 1638 317 1679 31,
343 1631 412 1679 8.,)
436 1635 537 1680 apud
560 1634 830 1668 Phoenicidem

99 1686 166 1717 aut
200 1684 310 1718 lenae
343 1685 411 1717 aut
445 1681 655 1716 meretricis
692 1692 829 1715 nomen

98 1730 216 1764 fuisse
256 1730 439 1764 videtur.“
488 1729 700 1763 Meretricis
740 1729 831 1762 item

99 1788 239 1811 nomen
250 1780 309 1811 est
319 1776 420 1821 apud
435 1776 665 1811 Simonidem
676 1775 830 1809 Anthol.

98 1824 209 1858 Palat
237 1824 269 1858 L
291 1835 328 1869 p.
355 1826 435 1858 128.
467 1827 505 1858 et
535 1822 636 1868 apud
660 1822 831 1866 Posidip-

99 1882 192 1916 pum
215 1871 306 1906 ibid.
323 1883 360 1916 p.
379 1873 458 1904 146.
477 1890 521 1895 -
540 1870 720 1913 emuncto]
738 1869 830 1903 Cae-

102 1918 215 1952 cilius
239 1930 276 1962 p.
303 1920 364 1952 17:
390 1919 509 1952 Hodie
532 1927 590 1951 me
607 1919 691 1950 ante
708 1925 831 1950 omnes

103 1966 255 1998 comicos
277 1966 407 1998 stultos
422 1973 523 1998 senes
544 1965 707 1998 versaris
724 1966 832 2004 alque

104 2012 313 2045 emunxerit
347 2012 580 2044 cautinum.-
615 2010 681 2043 ubi
715 2010 832 2054 Spen-

70 2083 75 2086 -
102 2058 226 2104 gelius
251 2057 361 2092 affert
384 2057 581 2091 Menandri
605 2056 653 2089 Μ.
677 2067 715 2100 Ρ.
743 2058 832 2090 172:

103 2102 489 2193 ἷέξῖῗαῗῖἵῗῗῖἴ
515 2100 650 2184 (ἓξὲξ
674 2103 834 2183 ²355&

106 2201 147 2241 4,
171 2201 213 2241 4,
238 2200 304 2232 50·
346 2200 553 2239 Emunqam
578 2198 698 2230 hercle
722 2198 834 2230 homi-

106 2254 189 2279 mm
210 2248 323 2288 probe
350 2247 466 2278 hodie.
506 2245 658 2278 Terent.
684 2244 834 2278 Phorm.

106 2294 141 2334 4,
165 2295 199 2334 4,
226 2296 266 2326 1:
290 2293 453 2326 Emunxi
478 2294 631 2333 arcente
654 2299 767 2324 senes.
793 2309 836 2315 -

107 2342 224 2372 custos
285 2340 520 2381 famulusque
582 2339 640 2371 dei
694 2339 838 2372 silenus

109 2386 267 2428 alumni]
292 2385 482 2420 Diodorus
507 2386 580 2420 Sic.
606 2388 640 2427 4,
664 2387 705 2418 4·
738 2387 838 2426 φασὶ

108 2430 150 2464 δὲ
189 2434 256 2466 καὶ
300 2430 542 2476 παιδαγωγὸν
587 2434 654 2465 κα).
692 2434 840 2478 τροφέα

110 2480 346 2513 συνέπεσθαι
388 2479 487 2513 κατὰ
533 2478 601 2521 τὰς
641 2480 840 2526 στρατείας

108 2523 212 2581 αὐτῷ
237 2524 440 2581 (Διονύσῳ)
465 2523 660 2580 Σειληνόν,
684 2527 840 2570 εἰσηγη-

109 2570 182 2616 τὴν
196 2576 264 2607 καὶ
287 2564 519 2608 διδάσκαλον
543 2570 748 2629 γινόμενον
766 2574 840 2607 τῶν

109 2620 323 2655 καλλίστων
338 2619 658 2665 ἐπιτηδευμάτων,
683 2622 748 2653 καὶ
772 2631 842 2662 με-

111 2664 210 2709 γάλα
245 2666 538 2711 συμβάλλεσθαι
575 2668 626 2713 τῷ
666 2665 840 2714 Διονύσῳ

113 2712 208 2759 πρὸς
229 2713 369 2762 ἀρετήν
395 2727 432 2749 τε
457 2718 522 2749 καὶ
546 2704 675 2758 δόξαν.
701 2715 840 2749 Bacchi

870 876 1110 924 paedagogus
1147 880 1204 911 est
1236 879 1367 922 postea
1397 878 1603 920 perpetuus

872 937 1017 968 comes,
1050 925 1145 959 mire
1178 924 1318 958 mixtus
1350 933 1397 957 ex
1420 922 1603 956 ebrietate

871 976 909 1008 et
934 951 1123 1018 sapientia
1145 971 1284 1013 iocosa,
1311 968 1423 1017 εἴρων
1440 969 1603 1009 divinus,

873 1031 984 1065 quem
1014 1021 1216 1064 propterea
1249 1028 1326 1052 non
1358 1017 1468 1051 decet
1495 1015 1604 1061 loqui

873 1067 1004 1102 eodem
1035 1066 1145 1100 modo
1175 1069 1289 1110 atque
1320 1064 1513 1098 servulum
1544 1073 1607 1097 co·

872 1115 1022 1149 micum.
1073 1111 1606 1157 Calpurn.Ecl.10,27:

875 1163 973 1204 Quin
998 1164 1032 1195 el
1057 1162 1199 1195 Silenus
1222 1168 1383 1202 parvum
1407 1160 1606 1191 veneratus

875 1211 1068 1243 alumnum
1112 1209 1186 1241 Aut
1227 1208 1364 1249 gremio
1404 1207 1499 1247 fovet
1541 1208 1606 1238 aut

875 1258 1071 1298 resupinus
1094 1255 1246 1288 sustinet
1269 1255 1379 1287 alnis.

924 1305 1125 1337 240-243.
1164 1303 1224 1335 Ex
1258 1304 1343 1334 nolo
1381 1299 1467 1343 cet.]
1501 1299 1604 1333 Idem

876 1361 1034 1395 prorsus
1068 1352 1125 1383 est
1156 1358 1200 1382 ac
1232 1359 1267 1382 v,
1298 1350 1379 1382 243.
1412 1349 1457 1381 de
1488 1347 1608 1380 medio

876 1399 1038 1439 sumptis.
1066 1396 1160 1430 Tota
1184 1398 1308 1430 autem
1335 1395 1607 1430 sententiarum

878 1445 997 1478 series
1036 1444 1138 1478 inter
1176 1442 1443 1488 praecedentia
1478 1445 1517 1475 et
1552 1452 1609 1475 se-

879 1492 1034 1536 quentia
1059 1492 1109 1534 (v.
1126 1490 1223 1532 244.)
1249 1500 1319 1523 nos
1337 1490 1429 1524 haec
1456 1499 1609 1533 quoque

878 1539 925 1573 de
959 1538 1174 1572 elocutione
1206 1538 1283 1571 sive
1316 1537 1422 1578 stilo,
1460 1547 1537 1570 non
1562 1535 1609 1570 de

877 1588 1097 1630 argumento
1115 1585 1294 1619 dramatis
1312 1561 1467 1628 satyrici
1492 1584 1609 1617 inter-

877 1633 1019 1677 pretari
1056 1633 1166 1677 cogit.
1214 1631 1283 1665 Est
1317 1631 1453 1676 igitur:
1498 1629 1610 1671 „-Stu

878 1680 992 1722 debo,
1032 1683 1075 1713 ut
1114 1682 1199 1712 nolo
1235 1681 1351 1722 atque
1388 1677 1610 1721 quotidiano

879 1738 1064 1769 sermone,
1078 1726 1181 1760 omni
1195 1725 1419 1759 elocutionis
1434 1724 1611 1759 insolitae

878 1778 991 1819 atque
1032 1774 1196 1818 tragicae
1233 1773 1470 1806 affectatione
1509 1771 1611 1805 devi-

878 1825 971 1864 tata,
996 1824 1082 1855 utar
1106 1821 1148 1854 in
1173 1820 1336 1864 satyrica
1359 1819 1487 1853 fabula
1511 1829 1611 1853 com·
1658 1832 1660 1834 ’

878 1868 1088 1913 ponenda.“
1126 1867 1208 1901 Hoc
1233 1867 1345 1909 enim,
1370 1866 1469 1900 nihil
1493 1866 1612 1906 aliud,

879 1919 938 1950 est
953 1918 1086 1958 fictum,
1106 1925 1213 1958 „cum
1230 1917 1311 1948 arte
1328 1914 1610 1958 compositum‚“

879 1966 923 1997 ut
987 1973 1099 2006 saepe
1163 1961 1263 2006 apud
1323 1961 1611 2000 Quintilianum.

882 2009 1068 2051 „Omnino
1087 2019 1289 2053 sequamur
1313 2009 1352 2041 in
1377 2009 1448 2041 hoc
1474 2018 1613 2052 genere

881 2056 1003 2101 leges,
1029 2067 1123 2100 quas
1149 2055 1282 2089 Graeci
1309 2055 1499 2099 sapienter
1525 2065 1615 2088 con-

883 2103 1109 2144 stituerunt,
1135 2103 1201 2146 qui
1227 2102 1274 2135 ab
1300 2112 1344 2135 eo
1369 2102 1460 2134 vitio
1486 2101 1615 2145 impri-

881 2150 952 2183 mis
978 2149 1051 2183 sibi
1085 2151 1285 2191 caverunt,
1319 2159 1367 2182 ne
1394 2148 1616 2183 deciderent

882 2197 922 2230 in
948 2207 1067 2241 genus
1100 2195 1253 2230 dicendi
1288 2195 1474 2229 comicum
1498 2198 1614 2240 atque

883 2243 1036 2286 humile,
1062 2253 1286 2288 quamquam
1311 2243 1400 2276 item
1426 2245 1501 2276 tam
1526 2243 1614 2276 sim-

884 2291 972 2335 plex
996 2293 1036 2324 et
1058 2291 1225 2325 nativum
1241 2300 1325 2324 esse
1348 2290 1471 2332 debet,
1497 2292 1540 2323 ut
1562 2290 1616 2323 fa-

886 2338 1069 2372 cillimum
1102 2338 1255 2382 quidem
1288 2337 1408 2371 cuivis
1433 2337 1616 2378 videatur,

886 2395 972 2419 cum
1004 2385 1163 2418 multum
1186 2385 1353 2419 laborem
1383 2384 1615 2427 multamque

887 2433 1012 2466 limam
1052 2433 1234 2477 requirat.
1281 2431 1415 2466 Pascal
1450 2430 1616 2469 Pense'es,

889 2482 920 2522 1,
938 2482 979 2513 3:
1004 2481 1070 2513 Les
1086 2481 1272 2513 meilleurs
1297 2480 1404 2512 livres
1428 2481 1508 2512 som
1526 2487 1618 2512 ceux

888 2535 957 2567 que
1004 2528 1141 2567 chaque
1188 2527 1323 2560 lecleur
1370 2527 1479 2567 croit,
1527 2525 1617 2565 qu'il

888 2575 1014 2607 aaran
1036 2583 1090 2615 pu
1113 2575 1221 2614 sane.
1238 2593 1284 2597 —-
1300 2574 1411 2606 series
1426 2574 1616 2605 iunctura-

889 2621 972 2664 que]
998 2620 1075 2654 Cfr.
1100 2631 1157 2654 vv.
1182 2623 1227 2654 46
1254 2631 1336 2664 sqq.
1363 2638 1405 2643 —-
1431 2621 1476 2652 de
1500 2619 1617 2651 medio

887 2668 1064 2711 sumptis]
1112 2667 1366 2711 opponuntur
1422 2667 1616 2706 exquisita.

890 2714 966 2749 Cic.
993 2714 1095 2748 Orat.
1122 2717 1180 2756 49,
1205 2716 1291 2748 163:
1320 2714 1435 2746 Verba
1461 2714 1618 2754 tenenda
