1786 2912
139 109 205 151 4ss

648 109 855 145 HORATH
881 110 1167 146 SATIRARUM

257 210 348 252 Aut
378 225 433 267 po
450 212 569 253 :itum
599 215 699 254 ante
731 226 829 255 mea
859 212 961 268 quia
989 212 1156 268 pullum
1187 213 1233 255 in
1263 217 1387 270 parte
1418 215 1551 258 catini

258 281 440 324 Sustulit
470 283 684 337 esuriens,
717 283 859 325 minus
889 281 972 325 hoc
1001 282 1210 326 iucundus
1242 285 1403 328 amicus

260 352 326 394 Sit
357 353 496 395 mihi?
529 352 643 402 Quid
674 354 846 407 faciam,
881 354 917 395 si
948 353 1112 396 furtum
1142 354 1311 410 fecerit,
1345 359 1419 399 aut
1449 357 1487 399 si

261 419 506 467 Prodiderit
538 425 767 467 commissa
796 424 881 467 fide
914 438 1174 481 sponsumve
1206 426 1406 483 negarit?

1614 428 1670 470 95

260 495 366 543 Quis
398 497 521 552 paria
553 510 648 539 esse
680 496 770 539 fere
801 495 962 552 placuit
993 500 1189 552 peccata,
1220 497 1440 551 laborant,

259 565 370 608 Cum
389 571 566 609 ventum
586 567 641 609 ad
661 581 810 610 verum
831 570 915 621 est,
940 581 1091 609 sensus
1114 581 1341 626 moresque
1361 572 1607 626 repugnant

261 637 406 693 Atque
438 638 533 694 ipsa
563 639 748 691 utilitas,
780 639 883 680 iusti
914 653 1048 695 prope
1079 643 1216 682 mater
1248 643 1292 683 et
1322 641 1463 697 aequi.

148 743 295 788 priscus
320 743 385 777 ille
412 754 478 777 rex
502 743 693 788 Euander,
729 747 882 790 stupen-

148 791 215 825 dae
241 790 477 834 antiquitatis
511 794 549 825 et
572 796 774 837 propterea
804 804 881 827 ma-

147 838 237 872 ximi
263 838 377 882 pretii
396 839 464 873 tibi
491 839 674 874 videtur.“
702 841 791 885 Ipsa
808 843 883 874 tam

146 886 280 920 festiva
312 886 520 931 hyperbole.
550 887 651 922 ridet
675 888 883 922 absurdum

144 933 382 978 antiquitatis
425 934 591 968 studium
641 946 799 979 prorsus
841 939 884 970 ut

144 980 220 1015 Sat.
247 983 279 1023 2,
307 982 431 1023 3‚.20:
468 983 565 1015 Olim
590 991 678 1016 uam
704 991 883 1024 quaerere

143 1030 334 1071 amabam,
370 1030 449 1070 Quo
474 1032 580 1072 vafer
605 1032 670 1064 ille
692 1033 801 1073 pedes
829 1032 883 1064 la-

143 1078 250 1110 visset
284 1077 459 1118 Sisyphus
498 1086 594 1112 aere.
630 1081 667 1112 et
699 1078 883 1113 Martialis

144 1125 183 1166 8,
210 1125 249 1165 6,
276 1125 315 1157 7:
360 1126 440 1157 Hoc
476 1128 617 1159 cratere
650 1127 758 1167 ferox
790 1134 885 1159 com-

142 1172 240 1204 misit
270 1173 418 1212 proelia
452 1174 619 1206 Rhoecus
654 1174 742 1207 Cum
774 1175 885 1215 Lapi-

145 1219 236 1252 this.-
266 1227 394 1260 puqna
420 1220 536 1253 debile
563 1222 680 1254 cernis
706 1230 806 1262 opu3.
833 1223 886 1254 Hi

143 1266 217 1299 duo
268 1267 445 1307 lonoaevo
493 1271 686 1302 censentur
733 1270 885 1302 Nestore

143 1314 272 1354 fundi.-
309 1315 444 1347 Pollice
478 1316 521 1348 de
556 1317 664 1357 Pylio
702 1317 792 1349 trita
827 1325 885 1350 eo-

147 1361 272 1393 lumba
288 1362 389 1394 nitet.
413 1361 542 1396 Iocum
560 1363 662 1397 haud
679 1374 886 1408 agnoscen-

144 1409 202 1441 tes
228 1407 481 1443 Scholiastae:
516 1409 612 1451 „Qui
638 1410 684 1444 de
710 1411 885 1455 personis

143 1453 363 1490 Horatianis
382 1456 617 1500 scripserunt
634 1458 743 1492 aiunt
760 1458 885 1493 Euan·

144 1502 255 1536 drum
287 1503 389 1537 hunc
417 1504 642 1538 caelatorem
675 1508 712 1539 et
735 1506 886 1549 plasten

146 1552 371 1593 statuarum,
398 1561 511 1595 quem
529 1551 577 1584 M.
603 1552 813 1586 Antonium
840 1553 886 1586 ab

145 1596 306 1631 Athenis
331 1597 599 1632 Alexandriam
630 1600 886 1642 transtulisse,

145 1643 235 1678 inde
269 1645 369 1679 inter
405 1646 573 1690 captivos
606 1646 763 1681 Romam
799 1658 886 1692 per-

145 1691 302 1726 ductum
327 1692 446 1727 multa
472 1704 588 1737 opera
618 1694 810 1728 mirabilia
834 1695 888 1728 fe-

147 1739 280 1773 cisse.“
319 1740 579 1784 Recentiores,
606 1742 673 1786 qui
699 1742 798 1776 hanc
825 1753 887 1775 ex-

146 1786 391 1830 plicationem
424 1788 665 1832 praeferunt,
699 1789 887 1823 arbitran-

148 1835 211 1867 tur
230 1844 312 1868 esse
331 1835 504 1878 eundem,
523 1835 570 1870 de
585 1847 660 1880 quo
675 1836 824 1871 Plinius
842 1837 888 1870 H.

147 1880 192 1914 N.
211 1883 267 1923 36,
288 1884 320 1923 5,
338 1884 403 1915 32:
430 1884 608 1917 Timothei
630 1892 744 1917 manu
763 1886 890 1918 Diana

148 1930 289 1961 Romae
317 1931 423 1962 estin
440 1932 597 1974 Palatio,
625 1932 804 1972 Apollinis
830 1933 890 1965 de-

152 1976 269 2018 lubro,
288 1977 347 2008 cui
359 1978 462 2018 siquo
478 1981 587 2019 caput
601 1980 763 2020 reposuit
776 1979 890 2012 Avia-

150 2024 233 2055 nius
258 2024 446 2057 Euander.
499 2025 571 2058 Sed
605 2028 708 2060 recte
742 2025 890 2070 Spohn:

151 2069 250 2112 „Qui
264 2069 486 2104 Euandrum
506 2073 731 2107 statuarium
749 2073 892 2107 intelli-

150 2119 257 2162 gunt,
284 2127 362 2151 non
381 2119 630 2153 recordantur
649 2131 734 2154 eum
751 2131 783 2154 a
803 2132 839 2154 u.
859 2131 890 2154 c.

150 2165 173 2198 7
177 2166 233 2198 25.
247 2164 398 2198 demum
418 2165 645 2201 Alexandria
657 2167 814 2202 Romam
829 2167 892 2202 de-

152 2211 311 2246 ductum
346 2223 440 2246 esse.
493 2213 554 2247 Sic
590 2215 755 2249 concidit
781 2216 894 2249 etiam

149 2257 416 2303 interpretatio
449 2271 482 2294 v.
509 2262 636 2294 tritum
671 2265 894 2304 „tornatum‚

153 2306 359 2348 caelatum,
395 2307 622 2351 sculptum“‚
658 2309 704 2343 de
740 2321 815 2354 qua
847 2310 895 2344 si-

152 2352 247 2399 gnif.
274 2353 342 2387 cfr.
370 2353 535 2399 Wagner
561 2355 607 2389 ad
636 2356 741 2401 Virg.
769 2357 834 2391 Ge.
862 2359 895 2399 2,

152 2402 244 2434 444:
293 2402 393 2433 Hinc
438 2403 562 2435 radios
611 2404 745 2436 trivere
793 2406 894 2438 rotis.

153 2445 331 2492 Optimus
379 2449 571 2493 interpres
614 2454 671 2483 est
711 2450 896 2485 Martialis

155 2495 182 2529 1.
224 2495 256 2528 l:
300 2496 439 2529 Pollice
478 2498 522 2529 de
562 2498 666 2537 Pylio
709 2499 800 2530 trita
839 2507 895 2531 co-

158 2543 282 2576 lumba
307 2544 408 2576 nitet.
428 2562 471 2566 —
491 2543 590 2586 ame]
616 2544 895 2587 adverbialiter,

155 2593 199 2624 ut
225 2589 365 2624 Tibull.
394 2593 433 2632 1,
463 2593 500 2632 1,
530 2592 593 2623 13:
637 2593 684 2623 Et
711 2593 895 2631 quodcun-

157 2645 228 2678 que
254 2639 342 2670 mihi
364 2646 515 2679 pomum
531 2646 646 2670 novus
673 2640 802 2671 educat
830 2648 896 2672 αη-

157 2692 245 2726 nus,
295 2686 463 2718 Libatum
511 2686 698 2726 auricolae
744 2687 897 2726 ponitur

931 747 1015 779 ante
1040 747 1119 779 deo.
1152 745 1208 780 Id.
1236 748 1277 789 2,
1304 748 1346 789 5,
1372 748 1438 781 98:
1473 749 1672 781 coronatus

930 794 1039 826 stabit
1058 795 1090 826 et
1108 796 1195 827 ante
1214 795 1326 828 calioe.
1339 813 1382 817 —
1397 803 1478 827 mea
1495 796 1535 828 in
1550 797 1671 837 parte,

934 841 994 882 „in
1021 843 1126 885 parte
1153 841 1200 875 ad
1224 852 1282 875 me
1307 851 1501 885 conversa,
1527 853 1574 877 ex
1599 852 1674 887 qua

932 898 990 922 me
1008 888 1151 923 altilem
1170 889 1275 923 illam
1299 889 1435 924 tollere
1461 900 1530 935 par
1557 892 1649 924 erat.
1655 889 1672 908 “

931 935 1040 970 Philo
1068 936 1114 970 de
1148 936 1320 991 profugis
1354 948 1391 982 p.
1419 939 1498 971 237.
1525 937 1602 970 Pf.:
1635 934 1676 970 Ὁ

933 981 1006 1030 πρὸ
1032 983 1100 1016 τοῦ
1136 980 1335 1027 στόματος
1358 982 1427 1026 τὰς
1451 981 1676 1028 ἀπλήστους

932 1029 1079 1073 διοίξας
1103 1030 1312 1074 ἐπιθυμίας
1336 1029 1525 1076 ἀκόσμως
1550 1031 1677 1076 ἐμφο-

933 1074 1094 1131 ρήσεται
1123 1080 1191 1112 καὶ
1225 1077 1271 1112 τὰ
1299 1079 1367 1112 τοῦ
1401 1078 1569 1123 πλησίον
1594 1089 1677 1112 επι-

934 1122 1124 1159 σπάσεται
1155 1125 1235 1159 κτλ.
1272 1146 1314 1150 -
1349 1127 1440 1170 fide]
1484 1126 1677 1172 antiquior

933 1173 1055 1207 forma
1088 1173 1204 1208 dativi
1243 1184 1312 1219 pro
1354 1176 1448 1216 fidei.
1499 1174 1587 1208 Vid.
1627 1173 1676 1208 ad

982 1270 1043 1302 96-
1046 1270 1104 1302 98.
1141 1269 1230 1311 Quis
1259 1270 1376 1310 paria
1402 1269 1491 1312 cet.]
1529 1268 1676 1304 Stoicos

934 1315 1069 1350 irridet
1094 1315 1191 1358 ideo,
1220 1316 1310 1360 quia
1334 1317 1429 1350 haec
1455 1327 1586 1350 eorum
1611 1316 1677 1350 do-

936 1363 1059 1397 ctrina
1099 1363 1226 1397 omnia
1260 1365 1416 1408 peccata
1449 1374 1533 1398 esse
1571 1363 1678 1408 paria

937 1411 1169 1454 (accuratius
1188 1410 1344 1455 quidem
1362 1410 1481 1465 apud
1478 1410 1581 1445 Stob.
1594 1410 1678 1445 Ecl.

935 1458 1003 1491 Ph.
1031 1460 1064 1500 2,
1091 1459 1123 1492 7.
1149 1469 1185 1514 p.
1214 1459 1301 1491 218.
1334 1456 1403 1491 toa
1429 1454 1554 1491 πάντα
1578 1455 1678 1492 εἰναι

936 1503 982 1539 τὰ
1008 1502 1281 1552 ἆμαοτήιιατα,
1307 1503 1380 1538 οὐκ
1405 1501 1462 1539 ἔτι
1487 1499 1560 1537 ‹V‘
1544 1502 1677 1548 όμοια·

927 1537 1109 1599 -ὄιαφορα
1145 1550 1219 1598 γὰρ
1255 1549 1354 1586 κατὰ
1393 1549 1584 1596 ποιότητα
1620 1554 1680 1597 γι-

936 1599 1126 1643 γνεσθαι.)
1165 1611 1298 1633 eorum
1334 1602 1538 1634 sectatores
1573 1610 1678 1634 seve-

935 1648 1056 1681 riores
1082 1648 1122 1680 in
1149 1646 1406 1681 diiudicandis
1425 1647 1589 1681 aliorum
1615 1647 1680 1681 de-

937 1694 1038 1728 lictis
1066 1693 1226 1728 reddere
1252 1694 1408 1728 solebat.
1436 1713 1482 1718 —
1507 1694 1610 1737 sere]
1637 1697 1681 1729 ut

937 1738 989 1784 ὣς
1026 1737 1118 1783 ἔπος
1155 1743 1293 1781 εἰπεῖν,
1337 1738 1496 1782 σχεδόν,
1540 1739 1680 1782 σχεδόν

938 1800 992 1829 τι,
1027 1790 1083 1822 im
1115 1789 1296 1822 Ganzen
1328 1797 1600 1832 aenommen,
1627 1790 1681 1823 ‘in

939 1838 1019 1870 der
1044 1837 1193 1878 Ποσει.
1242 1835 1302 1870 Ad
1329 1836 1554 1871 sententiam
1580 1836 1681 1871 conf.

942 1883 1018 1918 Cic.
1045 1883 1090 1918 de
1116 1883 1226 1916 Finn.
1253 1885 1287 1925 4,
1316 1886 1372 1926 19,
1398 1885 1464 1917 55:
1498 1885 1596 1917 recte
1622 1885 1680 1926 sa-

925 1933 1002 1964 .cta
1027 1932 1152 1964 omnia
1170 1932 1360 1973 aequalia,
1388 1932 1514 1963 omm'a
1528 1932 1682 1972 peccata

939 1980 1051 2020 parta
1077 1977 1229 2020 (esse);
1264 1986 1359 2018 quae
1385 1986 1467 2010 cum
1491 1979 1682 2019 maqnitlce

939 2026 1059 2066 primo
1085 2026 1157 2058 dici
1180 2026 1415 2067 viderentur,
1447 2026 1681 2059 considerata

942 2073 1062 2105 minus
1074 2073 1299 2113 probantur,-
1312 2080 1437 2105 sensus
1451 2072 1546 2104 em‘m
1560 2073 1682 2105 cuius-

943 2129 1011 2160 que
1037 2122 1070 2152 et
1087 2121 1227 2152 natura
1242 2127 1370 2152 rerum
1387 2121 1496 2159 atque
1522 2120 1606 2160 ipsa
1621 2128 1682 2152 ven

942 2168 1036 2200 ritas
1068 2167 1252 2199 clamabat
1286 2167 1573 2209 quodammodo,
1608 2173 1683 2199 non

941 2223 1045 2256 posse
1071 2215 1215 2256 adduci,
1242 2216 1283 2246 ut
1301 2214 1398 2247 inter
1415 2222 1476 2247 eas
1493 2221 1561 2255 res,
1588 2221 1682 2254 quas

943 2263 1039 2294 Zeno
1075 2263 1316 2302 exaequaret,
1356 2261 1447 2293 nihil
1483 2261 1684 2294 interesset.

946 2327 987 2332 ——
1019 2307 1209 2350 laborant]
1237 2306 1468 2353 ,,άποροῦσι,
1495 2317 1573 2340 non
1600 2307 1682 2341 sinc

946 2355 1105 2400 quadam
1138 2354 1310 2388 molestia
1345 2355 1535 2396 sentiunt,
1569 2364 1683 2399 quam

946 2402 1136 2437 contraria
1153 2401 1203 2436 sit
1218 2401 1389 2456 ipsorum
1415 2401 1604 2436 sententia
1621 2412 1682 2435 ve-

946 2451 1022 2485 ro.“
1062 2469 1103 2473 --
1138 2448 1285 2491 verum]
1326 2446 1394 2491 τὴν
1432 2446 1571 2482 οὐσίαν
1608 2447 1682 2481 τῶν

915 2493 1197 2544 πραγμάτων,
1239 2497 1311 2529 die
1351 2496 1681 2529 erklichkeit.

948 2564 991 2568 ——
1017 2544 1209 2587 sensus]„
1216 2543 1425 2578 communis
1450 2543 1657 2577 hominum.
1663 2543 1681 2561 “

949 2611 990 2616 —
1016 2593 1102 2625 iusti
1124 2600 1239 2633 prope
1263 2591 1396 2634 mater]
1425 2601 1544 2635 „quae
1571 2589 1681 2644 quasi

946 2642 1084 2681 mater,
1121 2639 1160 2672 id
1194 2641 1270 2681 est,
1308 2638 1391 2672 fons
1425 2639 1539 2682 atque
1575 2637 1680 2682 origo

946 2686 1037 2720 iusti
1063 2689 1164 2720 recte
1191 2686 1267 2720 dici
1291 2686 1448 2730 potest.“
1487 2684 1679 2730 Diogenes
