1774 2930
157 153 243 194 320

625 153 832 188 HORATH
855 153 1202 189 EPISTOLARUM

225 246 379 296 Post
409 254 534 307 haec,
567 260 615 296 ut
645 255 806 308 valeat,
840 269 923 311 quo
952 259 1078 311 pacto
1108 270 1199 298 rem
1230 261 1352 312 gerat
1382 262 1426 299 et
1455 272 1522 327 se,

273 325 332 367 Ut
360 326 528 381 placeat
557 326 703 368 iuveni
735 330 987 382 percontare
1016 330 1150 383 utque
1181 327 1358 370 cohorti.
1397 353 1401 358 ·

276 395 319 437 Si
353 396 484 450 dicet,
518 396 673 450 Recte,
706 397 891 452 primum
921 397 1127 452 gaudere,
1162 398 1342 441 subinde

1623 401 1677 442 15

273 467 557 524 Praeceptum
588 468 789 510 auriculis
821 468 902 510 hoe
932 469 1141 510 instillare
1170 473 1408 512 memento:

273 538 331 579 Ut
361 543 406 580 tu
440 538 671 593 fortunam,
705 540 766 580 sic
796 553 873 581 nos
906 544 968 591 te,
1002 539 1148 593 Celse,
1179 539 1380 583 feremus.

688 722 1026 766 EPISTOLA
1054 724 1147 767 IX.

276 804 528 861 Septimius,
565 805 736 859 Claudi,
768 806 969 847 nimirum
998 806 1210 862 intellegit
1239 820 1369 859 unus,

155 935 245 977 cet]
279 935 383 969 Idem
408 935 566 969 Horatio
594 936 795 980 exprobrat
819 936 892 970 Da-

154 992 223 1016 vus
243 981 316 1016 Sat.
336 985 369 1025 2,
389 984 421 1025 7,
440 984 503 1016 28:
528 984 668 1016 Romae
685 992 750 1016 ras
767 987 891 1025 optas,-

155 1031 336 1063 absemem
368 1032 525 1063 rusticus
556 1032 683 1064 urbem
709 1031 817 1063 Tollis
843 1033 891 1064 ad

155 1080 258 1110 astra
287 1078 385 1111 levis.
413 1097 455 1101 —
485 1077 608 1120 Tibur]
635 1077 711 1111 Cfr.
737 1077 830 1122 Epp.
859 1081 890 1120 1,

155 1126 188 1166 7,
214 1126 270 1158 45.
300 1144 341 1147 —
368 1125 552 1167 ventosus]
590 1125 725 1167 „levis‚
760 1126 890 1159 incon-

155 1175 277 1213 stans,
319 1172 544 1206 instabilis.“
597 1171 724 1206 Coun.
768 1173 889 1211 CRUQ.

154 1218 248 1264 Epp.
276 1221 317 1261 2,
355 1222 416 1262 19,
451 1221 514 1253 37:
555 1223 726 1253 veniosae
762 1221 890 1261 plebis.

156 1266 217 1301 Sic
244 1266 321 1300 Cic.
347 1266 394 1300 ad
420 1266 519 1301 Fam.
555 1270 609 1309 11,
637 1270 670 1309 9,
699 1270 728 1300 1.
778 1267 890 1312 Lepi-

154 1314 242 1347 dum
286 1315 466 1348 hominem
501 1315 790 1348 ventosissimum
827 1326 891 1359 ap-

154 1361 281 1406 pellat.
332 1361 443 1401 Quod
475 1372 560 1395 cum
594 1372 670 1395 non
704 1362 891 1407 intellige-

154 1411 258 1452 rent,
290 1420 488 1454 perperam
519 1409 695 1442 nonnulli
729 1410 891 1453 scripse-

154 1459 246 1490 runt
269 1460 455 1490 venturus.
484 1476 526 1480 —
554 1457 753 1500 Tibure1„
758 1457 798 1490 in
826 1456 890 1491 Sa-

153 1503 242 1538 bino
276 1515 358 1538 meo
395 1515 512 1548 prope
546 1503 699 1537 Tibur.“
737 1482 890 1539 ”CatulL

151 1554 277 1593 44,1:
319 1553 348 1585 0
373 1553 486 1593 sande
511 1554 644 1594 noster,
669 1561 734 1585 seu
758 1553 890 1586 Sabine

151 1608 215 1632 seu
242 1600 381 1632 Tiburs.
434 1599 573 1641 „Recte
607 1598 701 1633 vidit
731 1599 890 1645 Rutger-

153 1646 244 1687 sius,
269 1646 466 1690 praedium
484 1646 632 1680 Horatii
660 1647 717 1690 (ut
734 1647 888 1689 Oat'ulli)

152 1694 191 1727 in
218 1694 393 1728 confiniis
425 1694 505 1739 agri
532 1694 663 1728 Sabini
691 1697 728 1728 et
753 1694 888 1728 Tibur-

151 1741 223 1774 tini
250 1741 364 1775 situm
393 1741 623 1785 putandum,
657 1744 700 1775 ut
732 1741 888 1776 dubium

153 1791 262 1829 esset,
288 1791 376 1822 utro
392 1789 633 1832 pertineret.“
666 1789 747 1822 ΕΒΔ
764 1789 887 1822 Praef.

152 1847 187 1879 p.
213 1834 332 1868 XXX.
382 1836 451 1869 Ed.
477 1836 582 1869 Rom.
631 1835 708 1869 Alii
745 1835 887 1869 intelli·-

152 1886 248 1928 gunt
282 1882 328 1916 de
362 1882 472 1916 amici
505 1883 669 1917 alicuius
701 1883 792 1917 villa
826 1882 888 1915 Ti-

153 1929 325 1972 burtina,
351 1930 391 1963 in
418 1941 494 1975 qua
519 1930 729 1972 interdum,
755 1933 798 1964 ut
822 1930 888 1964 ho-

153 1987 251 2021 spes,
277 1977 433 2022 degerit.
461 1977 636 2011 Ceterum
654 1979 785 2011 Tibure
801 1988 888 2021 pro-

151 2027 236 2069 pter
259 2028 422 2059 metrum
447 2035 515 2069 pro
543 2027 678 2058 Tiburi.
705 2024 781 2058 Cfr.
798 2024 887 2059 Rei-

153 2073 210 2116 sig
234 2073 314 2106 Lat.
339 2074 522 2114 Sprachw.
548 2083 584 2117 p.
611 2074 691 2106 627.

204 2121 322 2154 13-17.
343 2122 384 2153 ιιι
400 2120 539 2162 valeat]
566 2119 673 2154 Conf.
691 2120 784 2164 Epp.
806 2122 836 2161 1,
855 2121 887 2162 3,

156 2170 209 2200 12.
229 2187 270 2190 -
289 2176 369 2201 rem
387 2167 505 2210 aerae]
534 2167 745 2212 „quomodo
764 2166 889 2200 offioia

152 2224 196 2248 ac
222 2215 372 2260 negotia
398 2225 467 2248 sua
491 2218 608 2251 curet,
634 2218 671 2248 et
688 2214 813 2259 qualis
840 2214 890 2248 sit

152 2263 270 2295 animi
296 2262 380 2296 eius
406 2264 559 2297 status.“
589 2281 631 2286 —
657 2261 800 2304 iuveni]
827 2261 890 2295 'ri-

152 2309 257 2343 berio
293 2312 384 2343 tunc
417 2309 536 2343 XXII.
563 2319 684 2343 annos
717 2311 817 2342 nato.
843 2328 895 2338 ——s

151 2359 261 2397 utque
287 2357 446 2399 cohorti]
474 2357 548 2390 Cfr.
575 2356 649 2390 Sat.
681 2359 721 2399 1,
756 2359 796 2398 7,
831 2358 887 2390 23.

151 2403 245 2448 Epp.
267 2407 298 2446 1,
317 2405 350 2446 3,
372 2407 403 2438 6.
431 2404 568 2438 Gatull.
595 2406 651 2446 28,
679 2407 717 2438 1:
744 2405 888 2437 Pisonis

153 2452 317 2492 comites,
361 2453 488 2484 cohors
528 2453 661 2484 inanis.
720 2451 806 2485 Sen.
840 2451 887 2485 de

154 2497 270 2532 Olem.
297 2500 337 2539 1,
366 2501 428 2539 10,
457 2502 494 2532 1:
525 2500 707 2532 cohortem
728 2500 888 2540 primam

154 2545 365 2589 [interioris]
391 2546 632 2579 admissionis,
670 2546 794 2580 Huius
810 2556 889 2579 mo-

153 2593 207 2627 ris
231 2593 391 2637 primus,
416 2595 460 2626 ut
475 2592 638 2635 videtur,
664 2595 798 2627 auctor
814 2593 890 2626 fuit

155 2639 282 2684 Scipio
306 2639 510 2674 Africanus
534 2640 669 2674 minor.
712 2640 788 2674 Cfr.
811 2640 888 2684 Ap-

152 2689 255 2731 pian.
288 2688 446 2731 Hispan.
472 2689 536 2721 84:
575 2684 801 2730 Ἐθελοντάς
833 2698 889 2720 τι-

154 2746 223 2776 νας
239 2733 453 2779 ἐπηγάγετο
470 2736 535 2767 καὶ
562 2731 726 2777 πελάτας
743 2735 786 2768 ἐκ
800 2731 889 2767 Ῥώ-

938 947 1016 980 μης
1040 938 1105 968 κα).
1130 935 1270 979 φίλους
1302 938 1579 978 πεντακοσίους
1607 931 1676 978 οὓς

938 985 992 1024 εἰς
1025 981 1112 1027 ἴλην
1146 981 1356 1028 καταλέξας
1389 979 1517 1017 ἐκάλει
1549 983 1675 1024 φίλων

939 1028 1038 1075 ἴλην.
1065 1050 1107 1054 —
1133 1032 1266 1074 Recte]
1297 1031 1391 1065 Adv.
1416 1031 1487 1066 hoc
1521 1031 1568 1066 ad
1600 1031 1675 1065 tria

939 1078 1004 1112 illa
1021 1078 1196 1121 refertur,
1221 1079 1356 1125 valere,
1383 1087 1507 1119 verere
1524 1088 1573 1121 se,
1587 1079 1673 1120 pla-

939 1134 1030 1159 cere.
1042 1120 1297 1168 —subinde]„
1302 1125 1438 1160 deinde
1455 1126 1649 1170 protinus3
1640 1126 1672 1144 ·¹‘

939 1173 993 1207 sic
1031 1173 1131 1206 enim
1169 1173 1432 1217 exponendum
1466 1176 1541 1215 est,
1583 1173 1674 1217 quie.

939 1220 1131 1264 praecedit
1152 1222 1331 1262 primum,
1365 1231 1462 1254 non:
1501 1220 1670 1263 „crebro,

938 1277 1006 1311 per
1031 1267 1248 1309 intervalla,
1278 1267 1519 1301 identidem.“
1547 1285 1590 1291 ——
1616 1268 1672 1300 in-

938 1315 1096 1357 stillare]
1133 1315 1291 1357 „leniter
1316 1317 1429 1359 atque
1454 1314 1571 1348 amice
1597 1316 1673 1347 tra-

939 1361 1028 1396 dere
1054 1363 1332 1406 praeceptum“,
1356 1362 1412 1395 uti
1433 1361 1605 1407 guttatim
1630 1361 1670 1394 in

939 1420 1050 1443 aures
1083 1409 1320 1443 instillantur
1344 1410 1478 1443 harum
1510 1408 1672 1442 mediea-

939 1459 1074 1491 menta.
1114 1476 1157 1480 —
1199 1458 1241 1490 Ut
1281 1459 1321 1490 tu
1358 1458 1550 1498 fortunam
1586 1455 1671 1498 cet]

940 1504 1105 1546 „Quodsi
1140 1507 1180 1538 tu
1213 1503 1380 1538 modeste
1417 1503 1516 1538 feres
1552 1503 1672 1537 fortu-

939 1562 1043 1594 nam,
1082 1562 1179 1596 quae
1211 1555 1248 1586 te
1282 1551 1455 1586 comitem
1486 1551 1577 1585 fecit
1598 1549 1672 1584 Ne-

938 1600 1057 1641 ronis,
1083 1599 1192 1633 cuius
1209 1599 1337 1633 favore
1362 1598 1532 1644 gaudens
1557 1598 1671 1632 meio-

939 1657 1000 1680 res
1027 1647 1137 1680 etiam
1165 1657 1253 1690 opes
1279 1649 1394 1691 etque
1410 1647 1574 1679 honores
1599 1644 1668 1678 ali-

939 1694 1089 1738 quando
1115 1693 1275 1738 adipisci
1299 1693 1454 1737 poteris,
1483 1702 1552 1726 nos
1578 1702 1671 1736 quo-

938 1752 1012 1785 que
1039 1751 1178 1782 omnes,
1205 1741 1271 1784 qui
1289 1742 1326 1773 te
1343 1739 1517 1773 novimus
1536 1738 1670 1781 (Nero-

938 1798 1023 1822 nem
1049 1787 1162 1821 simul
1187 1787 1403 1832 significat),
1430 1786 1603 1821 benevoli
1626 1796 1671 1820 ac

937 1846 1024 1869 vere
1042 1834 1153 1868 amici
1177 1834 1245 1868 tibi
1271 1833 1431 1877 erimus3
1456 1834 1556 1868 fastu
1582 1844 1671 1867 con·

937 1886 994 1916 tra
1019 1885 1066 1916 et>
1082 1882 1261 1926 superbia
1285 1881 1318 1915 si
1343 1882 1493 1926 praeter
1517 1880 1669 1914 modum

937 1933 972 1964 te
1007 1928 1206 1971 extuleris,
1239 1928 1380 1963 amicos
1405 1939 1428 1963 a
1460 1930 1497 1962 te
1529 1928 1671 1962 abalie-

937 1977 1079 2011 nabis.“

983 2024 1048 2058 IX.
1085 2023 1295 2058 Venustius
1329 2033 1419 2058 sane
1452 2025 1567 2068 etque
1592 2021 1669 2056 ele-

937 2072 1086 2117 gantius
1114 2071 1334 2116 Septimium
1369 2081 1482 2105 suum
1505 2069 1568 2113 (de
1594 2078 1670 2114 quo

937 2130 971 2153 v.
990 2118 1058 2153 Od.
1076 2121 1109 2161 2,
1135 2121 1167 2152 6.
1195 2122 1232 2152 et
1247 2118 1460 2163 Augustum
1483 2117 1526 2151 in
1551 2117 1670 2161 Epist⁴

936 2167 984 2201 ad
1001 2166 1201 2201 Horatium
1226 2166 1341 2200 misse
1355 2165 1397 2199 in
1415 2164 1568 2199 Sueton.
1593 2162 1669 2197 vit.

937 2214 1087 2248 Horat:
1113 2215 1181 2247 Tui
1201 2213 1349 2254 qualem
1366 2214 1522 2246 habeam
1536 2219 1671 2245 memo-

936 2263 1034 2295 riam
1066 2262 1203 2303 poteris
1237 2269 1284 2294 em
1318 2261 1489 2302 Septimio
1526 2266 1669 2300 quoque

937 2311 1102 2342 nostro
1136 2309 1286 2347 audire;
1327 2315 1415 2341 nam
1445 2307 1590 2348 incidie,
1627 2307 1670 2338 m

935 2357 1002 2390 illo
1027 2364 1152 2390 coram
1175 2356 1289 2397 fieret
1300 2363 1326 2388 a
1348 2363 1406 2388 me
1423 2355 1485 2387 -tui
1507 2351 1669 2394 mentio.)

938 2403 1091 2437 Tiberio
1118 2401 1276 2436 claudio
1307 2401 1451 2436 Neroni
1484 2409 1671 2435 commen·

936 2450 1027 2485 dare
1052 2461 1128 2484 non
1153 2450 1275 2494 potuit
1300 2459 1412 2494 quam
1436 2449 1509 2482 hoc
1533 2448 1671 2491 episto-

937 2498 1000 2540 lio,
1026 2498 1066 2531 in
1085 2507 1160 2542 quo
1178 2496 1349 2541 gratiam,
1375 2506 1462 2541 qua
1468 2496 1551 2540 ipse
1567 2491 1668 2538 apud

935 2545 1097 2590 Augusti
1122 2544 1339 2589 privignum
1355 2543 1534 2583 fruatur,
1531 2539 1670 2574 dedita

937 2602 1052 2637 opera
1075 2594 1265 2625 extenuat.
1311 2590 1399 2626 Noli
1423 2591 1548 2623 autem
1574 2586 1670 2622 obli·-

936 2639 1032 2674 visci
1065 2650 1109 2673 eo
1145 2641 1335 2682 tempore,
1371 2647 1447 2682 quo
1484 2635 1668 2679 scriptum

938 2690 995 2721 est
1020 2688 1068 2729 (α.
1094 2697 1132 2720 ιι.
1157 2696 1188 2720 c.
1215 2687 1296 2719 732.
1321 2684 1401 2726 vel,
1433 2685 1477 2717 ut
1499 2682 1567 2717 alii
1591 2681 1668 2716 for-

937 2738 1037 2769 tasse
1062 2733 1203 2767 rectius
1227 2732 1370 2774 volunt,
1399 2741 1433 2765 a.
1459 2730 1554 2773 734.)
1604 2728 1668 2761 'ri-
