1774 2930
136 152 222 193 368

613 154 823 189 HORATH
847 154 1196 190 EPISTOLARUTM

254 253 400 296 Verba
430 255 586 311 probes
619 259 663 297 et
695 254 826 309 facta,
859 255 982 310 doce,
1015 257 1084 299 vel
1114 256 1258 299 iunior
1288 257 1406 312 audi,

256 324 344 367 Cur
375 326 430 366 sit
460 325 675 382 Aristippi
708 327 850 382 potior
881 327 1118 381 sententia3
1151 342 1335 383 namque
1461 323 1465 325 ’

254 395 497 438 Mordacem
531 396 739 453 Cynicum
773 397 834 439 sic
866 397 1085 451 eludebat,
1117 402 1166 439 ut
1196 399 1337 440 aiunt:

255 465 433 508 Scurror
465 481 545 523 ego
576 468 671 523 ipse
701 468 827 521 mihi,
859 469 1018 524 populo
1049 472 1119 522 tu3
1151 470 1310 512 rectius
1341 469 1423 512 hoc
1454 474 1498 512 et

255 537 532 593 splendidius
554 540 688 581 multo
712 543 790 581 est.
822 538 973 595 Equus
997 544 1043 581 ut
1064 555 1132 582 me
1154 544 1317 596 portet,
1350 541 1437 583 alat
1456 555 1554 595 rex,
1603 541 1663 583 20

255 607 455 650 Officium
486 609 620 652 facio:
654 614 702 651 tu
733 611 876 666 poscis
908 611 1013 652 vilia
1041 625 1204 664 rerum,

252 678 396 722 Dante
428 681 586 734 minor,
620 682 814 736 quamvis
846 681 931 723 fers
963 686 1006 724 te
1037 682 1195 724 nullius
1229 686 1440 738 egentem.

255 749 406 792 Omnis
438 751 709 807 Aristippum
740 752 883 794 decuit
915 753 1030 795 color
1061 757 1104 795 et
1137 756 1272 795 status
1305 757 1348 795 et
1377 767 1467 807 res,

231 845 286 878 20.
322 847 390 887 est,
430 854 542 886 equus
567 849 607 879 ut
632 855 688 879 me
711 849 851 889 portet,
890 847 968 880 alal
993 856 1072 880 reat.
1125 848 1296 889 Officium
1329 848 1426 889 facio
1450 846 1542 881 Lot.
1568 866 1611 871 —-

182 893 239 924 21.
271 893 382 925 vilia.-
414 901 544 926 verum
569 893 645 937 Ep,
678 896 756 927 tres
781 893 976 936 Pottierii,
1010 905 1056 927 ex
1089 894 1173 928 aliis
1201 894 1248 938 C,
1280 895 1392 928 vilia.-
1423 903 1552 928 verum
1577 904 1613 929 es

181 938 354 973 Pottierii
380 939 567 984 plerique,
592 941 817 985 Porphyrio,
842 941 990 975 Veneta
1017 943 1132 984 1481„
1157 941 1213 975 tF.

184 1023 239 1055 18.
261 1024 315 1055 19.
342 1022 523 1066 eludebat]
549 1033 606 1066 pr.
626 1023 671 1056 de
694 1023 876 1068 gladiato-

135 1068 256 1111 ribus,
275 1069 341 1113 qui
360 1069 459 1104 ictus
472 1070 775 1104 adversariorum
794 1082 876 1105 cor-

132 1115 237 1160 poris
251 1116 500 1151 inclinatione
512 1118 641 1151 vitant.
652 1137 696 1141 —
706 1121 746 1151 ut
756 1118 874 1161 aium]

133 1163 179 1197 de
197 1163 358 1198 historia
382 1165 577 1209 plerisque
604 1168 694 1200 nota
712 1169 749 1199 et
766 1167 874 1210 quasi

132 1210 326 1245 tralatitia.
370 1211 477 1245 Conf.
504 1212 598 1256 Epp.
628 1215 659 1255 1,
686 1215 719 1255 7,
745 1215 802 1247 49.
829 1231 872 1236 —

131 1258 311 1301 scurror]
363 1259 494 1301 „Fieri
532 1238 699 1304 potest'ffi
749 1260 876 1304 inquit

131 1285 379 1350 Aristippus„
398 1305 480 1339 κατ’
522 1308 737 1354 εἰρωιείαν,
790 1332 806 1350 ,,
821 1310 874 1350 ut,

133 1352 447 1397 quemadmodum
467 1356 507 1387 tu
525 1365 584 1388 me
601 1364 724 1397 vocas,
744 1365 875 1389 scurra

134 1399 204 1434 sim
230 1411 271 1434 re
297 1411 407 1444 vera3
439 1401 506 1435 sed
532 1413 600 1447 ego
626 1403 726 1443 mihi,
755 1413 873 1436 meam

131 1447 171 1480 in
206 1457 307 1490 rem,
341 1459 512 1491 scurror;
550 1452 591 1482 tu
625 1428 875 1491 multitudini,

134 1495 242 1528 ouius
267 1495 493 1539 applausum
521 1498 558 1530 et
574 1496 665 1530 vilia
690 1496 790 1531 dona
814 1507 875 1530 ca-

130 1544 214 1585 ptas
233 1542 370 1585 abolla,
398 1554 472 1587 qua
499 1543 658 1577 indutus
680 1555 732 1586 es,
758 1543 874 1587 dolio,

132 1590 171 1622 in
200 1600 274 1634 quo
298 1590 458 1633 habitas,
485 1590 596 1625 dictis
622 1591 874 1633 mordacibus,

132 1636 239 1671 miris
267 1638 437 1682 corporis
456 1638 806 1681 exercitationibus,
831 1642 874 1672 ut

132 1694 217 1718 cnm
255 1687 397 1719 aestate
430 1685 470 1718 in
505 1685 652 1719 fervida
689 1696 804 1719 arena
837 1689 873 1720 te

131 1731 297 1774 volutas,
332 1732 455 1766 hieme
490 1735 632 1766 statuas
666 1733 753 1767 nive
786 1743 874 1767 con-

130 1778 523 1823 tectas‘amplexaris,
557 1780 751 1814 interdum
776 1777 873 1813 οἰνά-

132 1825 244 1858 παλιν
271 1830 499 1872 περιπατεῖς.
539 1826 658 1868 (Stob.
678 1827 719 1859 T.
739 1829 772 1869 4,
799 1827 871 1868 84.)

129 1872 263 1917 Itaque
290 1874 365 1915 hoc,
393 1873 494 1917 quod
521 1884 589 1918 ego
614 1873 726 1915 facio,
751 1873 871 1907 multo

132 1922 170 1953 et
194 1920 337 1955 rectius
357 1924 393 1954 et
411 1921 553 1955 lautius
580 1923 648 1963 est,
675 1932 787 1965 quam
805 1923 871 1954 tua
892 1933 897 1938 ·
918 1918 959 1953 δὲ

132 1967 356 2001 scurrilitas.
363 1967 379 1985 “

180 2016 242 2048 20-
245 2016 301 2049 22.
327 2015 470 2058 Equus]
486 2014 736 2049 Proverbium
755 2014 871 2049 Grae-

133 2073 230 2096 cum.
271 2062 534 2108 Diogenianus
559 2064 600 2104 5,
627 2064 690 2096 31:
705 2058 871 2104 Ἵππος

131 2120 188 2152 με
214 2110 376 2164 φέρει,
409 2108 585 2149 ,εΒασιλ
568 2106 647 2151 cvl-g
684 2120 735 2142 ιιε
768 2111 872 2156 τρέ-

132 2167 229 2197 φει·
268 2153 466 2211 Κορῥαῖόν
492 2168 614 2198 φασιν
639 2154 714 2190 ὑπὸ
741 2156 872 2190 Φιλίπ-

132 2214 206 2237 που
259 2215 305 2238 στ
330 2201 566 2248 ατευόμενον
617 2205 705 2237 ἱππε
700 2205 752 2244 ’,α
781 2204 872 2260 τῆς

131 2249 279 2298 μητρὸς
303 2216 489 2309 ἕεομένης
505 2251 745 2295 αἰτήσασθαι
770 2262 872 2293 αφε-

133 2310 195 2332 σιν
229 2299 297 2342 τῆς
330 2301 548 2346 στρατείας,
586 2300 705 2332 εἰπεῖν
743 2299 870 2332 τοῦτο.

132 2364 176 2370 ·-—
204 2346 295 2389 ποτε]
330 2347 392 2381 Sic
419 2346 552 2380 Graeci
578 2343 646 2380 τὸν
680 2342 871 2390 δεσπότην

133 2396 332 2437 opponunt
356 2393 408 2439 τῷ
434 2395 643 2440 παρασίτῳ.
685 2393 871 2448 Crobylus

132 2440 174 2473 in
199 2439 323 2474 Grotii
348 2441 436 2475 Exc.
462 2452 498 2485 Ρ.
526 2443 612 2475 829:
650 2437 872 2496 Παράσιτος

132 2484 252 2520 αὑτὸν
290 2488 383 2532 γοῦν
408 2489 578 2544 τρέφων
617 2486 672 2520 Τὰ
714 2487 872 2521 πλεῖστα

133 2531 375 2589 συνεράνιζεν
399 2546 448 2568 αν
473 2535 524 2580 τῷ
550 2532 730 2581 δεσπότῃ.
761 2535 871 2575 Quod

134 2582 190 2616 sic
215 2582 330 2616 vertit
355 2581 528 2616 Grotius:
563 2584 769 2625 Parasitus,
794 2584 871 2624 ipse

132 2631 164 2662 si
188 2639 226 2663 se
251 2631 406 2672 nutriat,
433 2630 520 2663 Plus
542 2638 653 2670 quam
679 2631 871 2671 quisquam

134 2677 231 2710 alius
265 2679 432 2719 conserat
466 2678 567 2718 reat*
598 2686 675 2710 sue.
705 2696 747 2700 —-
782 2678 870 2719 Offi-

134 2725 229 2757 cium
253 2724 365 2767 facio]
394 2723 612 2768 „Amicitiae
639 2723 764 2758 officio
787 2724 872 2758 fun-

924 1034 1011 1068 gor,
1046 1024 1146 1057 omni
1181 1024 1419 1058 observantia
1449 1024 1578 1059 colens
1603 1034 1666 1058 re-

924 1081 1008 1115 gem
1033 1081 1170 1113 meum,
1195 1071 1313 1106 animi
1338 1073 1463 1106 tamen
1483 1071 1660 1106 libertate

925 1119 1177 1152 conservata.“
1231 1118 1344 1160 „Non
1370 1129 1453 1152 sum
1485 1118 1663 1161 scurra“,

923 1165 1069 1209 inquit,
1108 1176 1268 1209 „verum
1293 1166 1403 1200 homo
1431 1165 1658 1200 officiosus!

925 1232 968 1235 —
997 1213 1138 1267 poscis]
1188 1213 1298 1267 Diog
1345 1213 1470 1247 Laert.
1512 1215 1553 1256 6,
1593 1215 1660 1247 46:

923 1256 1147 1314 Χρημάτων
1164 1257 1349 1303 δεόμενος
1365 1257 1540 1294 ἀπαιτεῖν
1557 1257 1661 1304 ελεγι·

926 1304 1015 1349 τούς
1048 1307 1205 1349 φίλους,
1239 1305 1311 1340 οὐκ
1345 1309 1474 1341 αἰτεῖν.
1498 1326 1544 1332 -
1569 1308 1663 1341 vilia

924 1355 1115 1398 rerum]„
1127 1366 1188 1389 res
1212 1355 1348 1389 vilesst‘
1400 1354 1486 1389 Vid.
1510 1354 1558 1389 ad
1585 1354 1660 1388 Sat.

924 1403 965 1444 2,
991 1403 1032 1444 8,
1059 1381 1123 1436 83:
1148 1403 1240 1444 fictis
1264 1411 1406 1444 rerum,
1433 1405 1470 1436 et
1495 1402 1563 1436 cfr.
1589 1401 1661 1436 Od.

922 1451 1290 1492 4‚12,19:amara
1315 1457 1502 1483 curarum.
1542 1448 1661 1483 Intel-

924 1496 999 1541 lige
1025 1500 1150 1531 autem
1174 1507 1304 1542 poma,
1338 1497 1499 1540 caricas,
1533 1507 1662 1541 saper-

923 1543 1009 1586 das,
1042 1555 1178 1588 panem
1213 1544 1498 1586 secundarium,
1532 1540 1664 1578 dento-

923 1601 1028 1625 nem:
1064 1603 1184 1636 „quae
1208 1602 1370 1636 poscens
1395 1594 1436 1625 tu
1462 1591 1544 1647 ipse
1571 1601 1662 1625 con-

923 1637 1062 1682 fiteris,
1103 1641 1141 1673 te
1179 1639 1291 1673 etiam
1329 1638 1438 1684 volgo
1469 1640 1660 1681 minorem,

923 1685 963 1719 id
981 1689 1048 1729 est,
1067 1686 1288 1721 inferiorem
1307 1688 1345 1720 et
1362 1686 1396 1720 ei
1415 1685 1524 1730 quasi
1542 1685 1662 1719 obno-

921 1733 1025 1766 xium
1052 1744 1146 1768 esse.
1152 1734 1169 1751 ‘⁴
1217 1733 1303 1777 Ipse
1327 1732 1520 1786 Diogenes
1544 1731 1591 1766 de
1617 1742 1661 1767 se

921 1779 1022 1823 apud
1047 1780 1158 1834 Diog.
1193 1780 1235 1813 L.
1270 1782 1311 1822 6,
1346 1781 1409 1813 60:
1446 1775 1561 1812 Κύων
1587 1790 1659 1812 κα-

922 1825 1063 1869 λοῦμαι
1090 1824 1178 1868 τούς
1201 1826 1273 1880 μὲν
1298 1804 1474 1868 διδόντας
1503 1827 1661 1867 σαίνων,

923 1870 1012 1915 τοὺς
1027 1872 1067 1906 δὲ
1082 1871 1139 1917 μὴ
1160 1869 1335 1915 διδόντας
1359 1870 1543 1915 ὑλακτῶν,
1570 1871 1661 1916 τοὺς

1008 1918 1202 1974 πονηροὺς
1255 1917 1418 1954 δάκνων.
1468 1940 1511 1945 -
1561 1921 1661 1964 fers]

922 1967 1161 2012 „praedicas‚
1187 1968 1341 2011 iactas“,
1366 1970 1409 2002 ut
1432 1967 1537 2014 Virg.
1562 1967 1656 2002 Aen.

921 2017 963 2057 5,
1001 2016 1088 2049 372:
1132 2016 1196 2056 qui
1226 2024 1263 2048 se
1294 2016 1476 2057 Bebrycia
1510 2016 1660 2049 veniens

919 2063 1049 2104 Amyci
1085 2063 1129 2096 de
1167 2065 1271 2104 yeme
1307 2064 1461 2104 serebat.
1493 2080 1542 2087 —
1574 2063 1661 2096 nul-

923 2109 1016 2152 lius]
1049 2109 1211 2154 Propter
1236 2110 1512 2155 oppositionem
1536 2111 1662 2144 Dante

919 2158 1041 2190 minor
1064 2157 1210 2191 'melius
1243 2157 1415 2200 videtur,
1452 2160 1496 2190 ut
1526 2157 1598 2192 hoc
1623 2166 1659 2191 v.

919 2204 1125 2239 habeamus
1158 2215 1228 2249 pro
1265 2215 1405 2250 genere
1442 2204 1658 2239 masculino

921 2262 1035 2296 quam
1071 2262 1140 2296 pro
1177 2254 1335 2306 neutro,
1371 2253 1415 2285 ut
1447 2254 1505 2286 est
1534 2251 1580 2285 A.
1613 2251 1656 2286 P.

920 2301 1008 2332 324:
1051 2299 1194 2354 nullius=
1227 2300 1363 2333 avaris.
1411 2297 1519 2352 Diog.
1552 2298 1596 2332 L.
1622 2299 1659 2354 6,

919 2347 984 2379 55:
1007 2343 1113 2400 Πρὸς
1130 2343 1220 2387 τούς
1237 2341 1573 2389 συμβουλεύοντας
1588 2342 1659 2379 τὸν

919 2390 1143 2449 αποδροίντα
1181 2390 1302 2426 αὐτοῦ
1343 2392 1481 2427 δοῦλον
1521 2396 1659 2436 ζητεῖν,

919 2439 1087 2481 Γελοΐον,
1111 2436 1202 2483 ἔφη,
1227 2441 1262 2473 εἰ
1284 2436 1421 2484 Μάνης
1443 2439 1515 2483 μὲν
1540 2441 1660 2487 χωρὶς

919 2487 1128 2542 Διογένους
1150 2487 1213 2530 ζῆ,
1250 2486 1435 2532 Διογένης
1464 2486 1505 2520 δὲ
1539 2488 1658 2534 χωρὶς

919 2531 1056 2568 Μάνου
1082 2532 1128 2568 οὐ
1177 2531 1324 2568 ύναται.

968 2583 1119 2616 23-26.
1172 2583 1295 2615 Omnis
1328 2582 1553 2623 Aristippum
1583 2583 1655 2615 cet.

918 2629 1028 2683 Diog.
1053 2628 1095 2662 L.
1122 2630 1156 2671 2,
1181 2631 1245 2663 66·
1268 2622 1336 2662 ’Ἦν
1361 2627 1401 2661 δὲ
1425 2625 1560 2670 ἱκανὸς
1584 2625 1655 2675 ἁρ-

918 2672 1123 2730 μόσασθαι
1146 2677 1215 2708 καὶ
1240 2672 1344 2722 τόπῳ
1363 2676 1427 2708 καὶ
1444 2671 1572 2721 χρόνῳ
1587 2676 1656 2708 καὶ

920 2720 1112 2771 προσώπῳ
1151 2724 1217 2756 καὶ
1259 2711 1387 2756 πᾶσαν
1432 2723 1658 2771 περίστασιν
