1774 2930
684 168 832 203 LIB.1.
881 165 1125 203 nmmum.

1566 167 1656 208 331

260 269 438 314 Fidenis
467 271 611 324 vicunt,
642 274 787 312 tamen
816 268 905 310 illic
932 268 1079 310 vivere
1107 267 1265 310 vellem

262 341 519 397 oblitusque
549 354 741 383 meorum
770 338 1087 382 obliviscendus
1116 343 1162 381 et
1189 337 1275 380 illis

259 411 505 469 Neptunum
534 411 683 468 procul
714 425 739 453 e
768 415 885 453 terra
913 413 1108 466 spectare
1138 409 1365 451 fluentem.

1605 408 1661 448 10

262 482 349 526 Sed
376 496 536 539 neque,
569 483 641 538 qui
674 481 824 538 Capua
851 481 1034 523 Romam
1062 480 1190 536 petit,
1220 479 1358 521 imbre
1387 478 1564 534 lutoque

260 553 507 610 Adspersus
536 553 653 595 volet
681 552 726 593 in
757 565 952 607 caupona
978 551 1151 604 vivere3
1182 562 1282 603 nec,
1314 550 1385 605 qui

260 623 416 680 Frigus
447 623 637 679 collegit,
669 623 816 664 furnos
847 626 892 664 et
919 621 1076 663 balnea
1103 619 1249 662 laudat

143 756 368 792 Ralwssn
393 761 436 800 4,
468 759 533 792 53.
581 754 701 799 Πόλις
732 750 878 800 ἧντοῦ

145 804 319 838 Λατίνων
342 806 488 849 γένους,
509 802 697 844 Ἀλβανῶν
718 801 878 838 andnu-

146 863 220 893 σις,
236 849 439 892 ἀπέχουσα
455 851 523 895 τῆς
536 848 683 895 Ῥώμης
698 850 878 893 σταδίους

142 896 295 932 ἑκατόν·
306 899 431 932 --νῦν
441 898 514 942 μὲν
526 909 654 932 ουκετι
671 909 877 932 συνοικου-

141 948 242 989 μένη
275 945 399 986 πᾶσα,
432 943 536 1002 ⁷¹¹²&
553 941 633 979 ὅσα
649 947 770 1001 μέρη
781 956 876 978 παν-

143 989 339 1030 δοκενπαι
368 990 468 1026 κατὰ
494 1002 564 1036 την
587 989 693 1026 ὁδόν·
726 989 811 1025 τότε
835 991 875 1024 δὲ

144 1036 447 1094 πολυάνθρωπος
481 1041 567 1080 καί,
604 1038 644 1072 εἴ
675 1050 732 1081 τις
766 1035 875 1083 ἄλλη

140 1083 302 1131 μεγάλη
331 1086 504 1131 Proper-t.
531 1090 565 1128 4,
592 1088 875 1129 1,34:131‹1m·

139 1141 239 1167 nune
278 1134 393 1175 nulli,
427 1112 594 1168 maximia
630 1135 737 1167 ειη-Μ
770 1134 874 1168 Gabi.

140 1179 382 1215 Ionumenta
396 1181 512 1215 huius
530 1180 659 1225 oppidi
676 1181 873 1215 Viscontio

141 1230 295 1263 auctore
319 1231 467 1273 reperta
495 1230 583 1262 sunt
607 1238 725 1272 prope
750 1228 874 1262 lacum

143 1273 351 1313 Gabinum,
379 1276 463 1316 laao
495 1276 534 1308 di
562 1276 797 1317 causatione,
833 1275 873 1309 in

142 1321 225 1355 loco
263 1322 375 1356 hodie
413 1322 604 1356 nominato
638 1323 786 1355 Panum
818 1323 875 1355 δι’

143 1368 262 1410 Grim.
288 1387 333 1392 —-
357 1369 528 1410 Fidenae,
558 1368 783 1403 Sabinorum
809 1379 874 1413 op-

142 1414 293 1459 pidum,
324 1426 443 1459 prope
475 1415 631 1450 Romam
664 1414 814 1458 (Strabo
841 1418 873 1449 5.

141 1472 178 1506 p.
205 1463 286 1496 226.
319 1465 358 1496 et
390 1463 508 1505 230.),
545 1465 654 1496 ouius
687 1463 873 1506 reliquiae

143 1510 293 1543 exstant
331 1519 449 1554 prope
490 1509 593 1543 vicos
631 1510 796 1543 Giubileo
837 1514 875 1543 et

140 1555 367 1597 serpentina.
416 1556 577 1590 Primam
612 1557 775 1590 nominis
801 1558 874 1601 syl-

141 1601 263 1636 labam
286 1602 467 1648 produxit
481 1603 660 1649 Horatius
684 1606 721 1637 et
740 1603 872 1637 Iuven.

144 1651 200 1691 10,
227 1651 313 1684 10οε
337 1651 397 1683 An
415 1651 639 1684 Fidenarum
657 1651 874 1684 Gabiorum-

140 1703 211 1736 que
248 1705 323 1731 esse
360 1700 519 1738 potestas
556 1701 647 1738 cet.‚
688 1698 873 1742 corripuit

139 1741 244 1788 Virg.
268 1743 362 1778 Aen.
387 1746 430 1785 6,
463 1746 550 1778 773;
592 1746 789 1785 urbemque
812 1746 872 1778 Fr·-

139 1791 291 1833 denam,
325 1791 381 1824 uti
405 1790 448 1824 fit
471 1792 511 1824 in
544 1792 761 1825 nominibus
786 1803 872 1835 pro-

139 1837 244 1881 priis.
293 1837 369 1871 cfr.
399 1838 447 1872 ad
473 1838 541 1872 Od.
568 1841 610 1881 3,
635 1842 676 1880 4,
701 1841 735 1872 9.
777 1838 871 1883 Epp.

143 1885 184 1925 1,
210 1887 274 1926 10,
298 1886 356 1918 26.
383 1904 425 1908 -
450 1886 595 1928 vellem]
623 1886 706 1927 „vel
730 1886 784 1919 ibi
809 1896 870 1920 ae-

141 1941 216 1975 quo
241 1932 367 1965 animo
384 1931 511 1966 vivere
532 1943 693 1976 possem,
718 1933 750 1966 si
776 1943 870 1977 opus

138 1977 273 2011 foret.“
323 1978 434 2012 Haud
458 1979 572 2013 nimis
602 1980 812 2024 urgendum
838 1991 870 2013 v.

139 2025 286 2067 ωασπς
323 2028 380 2059 est
415 2029 606 2059 nostrum:
646 2028 703 2059 ich
738 2028 871 2066 ποῖαι,

139 2078 245 2103 wem·
269 2080 306 2104 es
329 2073 474 2113 aaran!
485 2074 653 2114 anniae,
678 2074 774 2105 auch
790 2075 872 2106 dore

143 2116 244 2150 leben
280 2118 440 2159 konnen,
481 2120 608 2162 potius
646 2129 775 2163 quam:
815 2121 872 2152 ich

140 2164 281 2197 nocue
317 2164 522 2207 (wirklt‘ck)
559 2167 641 2198 dore
680 2167 791 2199 leben.
827 2185 869 2190 —

143 2210 354 2252 mumque
379 2211 463 2254 cet]
501 2211 666 2253 „Quodsi
692 2212 744 2245 ibi
769 2216 871 2246 tran-

141 2257 261 2301 quille
296 2268 468 2292 versarer
505 2258 544 2291 in
583 2259 871 2303 contemplando

140 2304 304 2338 terribili
330 2305 518 2349 simulque
534 2305 731 2350 magnifico
757 2307 871 2340 maris

140 2351 281 2385 turbati
321 2353 557 2396 spectaculo,
599 2353 657 2386 vel
700 2353 871 2387 oblivisci

139 2407 289 2442 possem
321 2399 368 2432 ad
406 2402 552 2443 tempus
590 2400 870 2433 carissimorum

141 2455 308 2479 meorum
325 2446 530 2480 amicorum
548 2457 672 2491 neque
691 2447 871 2481 continuo

140 2501 185 2526 ao
200 2493 411 2527 vehementi
428 2503 559 2527 eorum
576 2493 766 2528 desiderio
783 2505 872 2528 con-

139 2549 328 2581 sumerer,
364 2540 478 2574 immo
509 2550 631 2585 aequo
657 2541 780 2574 animo
804 2552 871 2585 pa-

139 2588 259 2629 terer,
283 2586 351 2620 ubi
376 2587 449 2632 ipsi
475 2598 626 2632 quoque
651 2587 691 2620 in
718 2598 870 2622 secessu

139 2641 223 2667 meo
237 2645 307 2669 me
313 2634 503 2668 interdum
517 2634 869 2668 obliviscerentur-‚⁸

142 2696 186 2702 -
203 2681 410 2722 Neptunum
434 2681 520 2724 cet]
552 2681 672 2716 Notus
697 2682 869 2715 sublimis

142 2723 306 2760 Lucretii
341 2728 448 2762 locus
474 2731 513 2769 2
543 2731 581 2761 1:
621 2731 740 2762 suave
772 2730 871 2761 nari

924 765 1058 798 naono
1121 756 1351 789 turbantibus
1415 755 1658 796 (manaem

926 803 1055 836 con.
1093 802 1235 844 CRUQ.)
1273 810 1437 843 aequora
1473 802 1589 835 venus
1624 803 1659 834 B

925 853 1027 883 terra
1042 858 1217 890 maqnum
1234 850 1388 882 alterius
1412 851 1575 890 spectare
1601 849 1657 881 lm

925 898 1057 930 bon-ern.
1107 896 1318 939 (Neptunus
1342 906 1411 940 pro
1438 895 1591 937 „mari“‚
1615 898 1659 928 ut

923 943 1040 988 Epod.
1066 946 1111 985 7,
1136 945 1177 976 3;
1210 945 1378 984 Neptuno
1400 944 1539 985 super.)
1590 941 1658 976 Ce-

923 994 1044 1024 terum
1071 991 1143 1024 hoc
1176 1001 1328 1034 quoque
1362 990 1447 1023 loco
1480 993 1571 1023 sunt
1595 999 1657 1022 ve·

924 1038 1035 1082 stigia
1068 1037 1263 1071 doctrinae
1297 1036 1455 1070 Stoicae.
1504 1036 1656 1070 Arrian.

922 1084 1043 1129 Epict.
1070 1087 1112 1126 3,
1137 1086 1200 1126 24,
1228 1086 1313 1117 109:
1343 1080 1404 1117 Αν
1428 1083 1470 1116 ἑν
1494 1080 1659 1138 Γυάροις

920 1131 987 1177 ᾖς
1020 1129 1077 1175 μὴ
1110 1128 1334 1164 άνάπλασσε
1367 1128 1439 1174 τὴν
1466 1130 1509 1164 ἐν
1529 1127 1657 1176 Ῥώμῃ

920 1168 1134 1232 διατριΒήν,
1154 1180 1218 1211 καὶ
1234 1174 1326 1212 ὅσαι
1342 1175 1539 1220 διαχύσεις
1554 1177 1657 1232 ἦσαν

922 1226 1005 1259 ἐκεῖ
1017 1223 1199 1269 διάγοντι,
1223 1227 1287 1258 καὶ
1313 1221 1406 1258 ὅσαι
1430 1226 1591 1279 γένοιντ’
1606 1220 1657 1258 ἂν

922 1270 1182 1306 ἐπανελθόντι·
1200 1270 1281 1304 ἀλλ’
1294 1273 1377 1305 ἐκεῖ
1390 1274 1539 1310 τέτασο,
1550 1268 1659 1314 ὅπως

922 1318 981 1352 δεῖ
1011 1319 1079 1353 τὸν
1112 1320 1153 1352 ἐν
1185 1320 1216 1352 Γ
1216 1330 1351 1366 υαροις
1381 1316 1581 1373 διάγοντα,
1614 1319 1656 1352 ἐν

923 1367 954 1398 Γ
953 1380 973 1398 ι
974 1363 1084 1413 α’ροις
1108 1364 1334 1413 ε’ῤῥωμένως
1356 1362 1513 1410 διάγειν.

972 1417 1032 1447 11-
1036 1417 1090 1447 16
1106 1415 1178 1448 Sed
1193 1423 1318 1456 neque,
1344 1415 1408 1454 qai
1425 1416 1551 1455 Capua
1569 1414 1656 1457 cet]

922 1460 1120 1506 viprpia
1137 1461 1208 1494 iter
1224 1461 1380 1502 faciens,
1405 1461 1445 1494 in
1471 1472 1557 1505 qua,
1582 1461 1654 1495 etsi

923 1511 1040 1542 strata
1072 1511 1154 1542 erat
1186 1509 1285 1542 saxis
1316 1505 1500 1551 ὁμαλοῖς,
1534 1508 1654 1551 ἐγγω-

922 1556 1019 1597 νίοις
1050 1555 1222 1599 (Procop.
1247 1555 1344 1589 Bell.
1371 1554 1481 1589 Goth.
1507 1557 1541 1597 1,
1568 1555 1654 1597 14.)‚

921 1605 1057 1644 tamen,
1083 1603 1233 1647 quando
1250 1602 1416 1646 pluebat,
1442 1602 1523 1636 luto
1539 1603 1655 1636 variis

921 1659 967 1682 ex
991 1650 1125 1691 rebus,
1158 1653 1199 1683 ut
1223 1649 1283 1691 fit,
1317 1649 1381 1683 ubi
1407 1652 1463 1683 tot
1486 1649 1656 1683 iumenta

921 1696 1091 1740 quotidie
1116 1700 1333 1738 transeunt,
1365 1697 1546 1740 paulatim
1572 1699 1654 1730 orto

920 1743 1040 1777 viator
1080 1744 1230 1789 aspergi
1270 1747 1437 1788 poterat3
1473 1743 1514 1776 id
1551 1743 1681 1788 quod.

918 1791 1104 1824 immerito
1130 1801 1153 1824 a
1177 1791 1372 1824 nonnullis
1393 1790 1652 1824 addubitatum

919 1841 991 1871 est.
1018 1837 1192 1871 Ceterum
1214 1838 1309 1871 mira
1334 1837 1481 1872 accidat
1497 1848 1654 1871 necesse

920 1889 978 1918 est
993 1885 1087 1919 haec
1105 1885 1315 1919 similitudo
1341 1885 1388 1926 ei,
1414 1885 1479 1929 qui
1503 1885 1655 1929 ignorat

919 1932 1017 1966 hanc
1042 1943 1196 1976 quoque
1214 1933 1254 1965 in
1273 1932 1486 1966 Stoicorum
1512 1932 1653 1965 scholis

919 1980 1095 2012 usitatam
1127 1979 1228 2013 haud
1261 1979 1496 2013 dissimiliter
1514 1979 1655 2024 fuisse.

918 2025 1070 2059 Arrian.
1083 2026 1203 2069 Epict.
1218 2028 1251 2067 2,
1266 2028 1322 2068 23,
1336 2028 1399 2059 36·
1421 2027 1467 2058 Τι’
1483 2025 1553 2059 οἰι
1570 2025 1654 2058 ἐστὶ

918 2069 964 2105 τὸ
989 2070 1215 2115 γινόμενον;
1252 2071 1343 2105 Οἱον
1377 2071 1416 2105 εἴ
1444 2083 1499 2114 τις
1529 2070 1654 2105 ἀπιών

919 2120 973 2160 εἰς
1006 2117 1076 2161 τὴν
1114 2119 1274 2165 πατρίδα
1306 2117 1378 2162 τήν
1414 2119 1553 2152 ἑαυτοῦ
1586 2121 1652 2152 καὶ

919 2163 1101 2198 διοδεύων
1133 2165 1361 2198 πανδοκεῖον
1393 2163 1530 2202 καλόν,
1562 2163 1656 2212 ἀρέ·

921 2223 1062 2254 σαντος
1085 2213 1189 2258 αὐτῷ
1215 2213 1282 2246 τοῦ
1307 2212 1556 2247 πανδοκείου.
1580 2224 1652 2246 κα-

921 2261 1078 2301 ταμένοι
1113 2259 1154 2292 ἐν
1178 2260 1231 2305 τῷ
1260 2259 1483 2306 πανδοκείῳ.
1531 2260 1654 2294 Aliter

919 2308 1044 2340 tamen
1079 2307 1277 2352 imaginem
1307 2307 1553 2341 conformavit
1574 2307 1652 2342 Ho-

918 2354 1038 2387 ratius
1070 2355 1141 2387 hoc
1175 2354 1411 2399 significans:
1454 2355 1553 2396 „Iam
1580 2356 1650 2389 etsi

918 2411 1047 2434 verum
1073 2404 1142 2443 est,
1167 2412 1264 2440 eum,
1290 2402 1354 2446 qui
1380 2402 1487 2435 nulla
1504 2402 1650 2445 cupidi·

919 2450 993 2481 tate
1035 2451 1271 2482 transversus
1316 2451 1467 2494 agatur,
1516 2450 1651 2493 quovis

919 2494 1001 2529 loco
1019 2495 1226 2539 tranquille
1242 2496 1355 2530 vitam
1373 2496 1510 2541 degere
1526 2506 1649 2539 posse,

918 2551 1029 2576 nemo
1054 2545 1178 2576 tamen
1204 2543 1296 2576 adeo
1324 2543 1462 2576 stultus
1489 2543 1582 2582 erit,
1607 2544 1650 2575 ut

916 2592 1071 2633 propter
1090 2590 1171 2624 leve
1191 2589 1347 2634 aliquod
1373 2588 1648 2622 incommodum

918 2636 978 2669 vel
995 2637 1123 2670 nescio
1149 2647 1224 2681 quo
1250 2636 1373 2670 taedio
1397 2635 1574 2680 fatigatus
1591 2646 1648 2669 se-

919 2682 1028 2716 cedat
1051 2683 1091 2716 in
1116 2684 1240 2717 locum
1267 2683 1431 2726 aliquem
1456 2683 1647 2727 ingratum

918 2729 1048 2773 ibique
1061 2734 1247 2775 perpetuo
1265 2730 1419 2763 latitet.¹‘
1453 2731 1652 2770 cauponae
