1774 2930
135 134 221 176 378

607 133 815 168 HORATII
839 132 1188 167 EPISTOLARUM

253 234 361 290 Aut,
395 235 431 276 si
463 249 551 277 non
582 235 692 287 odit,
723 234 836 290 regit
868 248 918 276 ac
948 234 1084 277 veluti
1116 234 1189 290 pia
1217 239 1357 277 mater

253 306 358 347 Plus
392 319 520 362 quam
554 320 599 347 se
632 319 783 361 sapere
816 309 858 347 et
889 305 1119 347 virtutibus
1152 319 1248 348 esse
1278 306 1467 362 priorem

224 376 368 438 -V01t,
403 381 445 419 et
477 377 536 418 ait
566 390 701 432 prope
733 390 862 418 vera:
894 375 1019 418 Meae
1042 401 1099 404 —
1122 376 1380 419 contendere
1410 375 1500 418 noli
1524 399 1578 406 ——-

253 447 491 490 Stultitiam
523 448 746 503 patiuntur
777 461 905 503 opes3
938 447 1018 488 tibi
1049 448 1228 503 parvula
1257 461 1326 490 res
1358 451 1450 490 est:

251 518 361 560 Arta
390 518 515 560 decet
546 532 698 560 sanum
731 518 930 561 comitem
962 522 1086 574 toga3
1120 518 1272 560 desine
1303 532 1471 560 mecum
1601 518 1660 558 30

252 589 442 631 Certare.
485 588 768 645 Eutrapelus,
802 589 1040 644 cuicunque
1071 603 1225 632 nocere
1255 589 1449 642 volebat,

253 660 526 703 Vestimenta
558 660 687 703 dabat
718 661 938 716 pretiosa,
968 660 1121 703 beatus
1155 661 1269 703 enim
1300 661 1387 703 iam

253 730 362 773 Cum
393 731 584 787 pulchris
616 732 774 773 tunicis
808 736 948 773 sumet
979 745 1091 774 nova
1122 731 1301 774 consilia
1332 735 1376 774 et
1407 745 1520 788 spes,

250 801 446 845 Dormiet
477 803 523 844 in
553 803 714 856 lucem,
748 807 886 845 scorto
917 806 1149 859 postponet
1180 802 1408 845 honestum

251 872 471 926 Officium,
504 887 701 915 nummos
735 874 896 916 alienos
932 877 1099 930 pascet,
1131 873 1185 915 ad
1215 874 1347 915 imum
1602 872 1659 913 35

252 944 401 986 Thrax
432 946 513 986 erit
545 949 618 986 aut
651 945 815 987 olitoris
849 950 947 1000 aget
980 944 1178 987 mercede
1210 944 1435 987 caballum.

227 1051 283 1083 36.
309 1051 435 1084 Thraae
461 1061 490 1085 s.
506 1052 609 1084 Traoe
633 1049 804 1095 bSEcdp,
830 1050 955 1084 LCtF:
983 1052 1104 1085 Threx
1116 1050 1328 1093 Bentleius,
1354 1049 1461 1084 MJO.

129 1146 219 1178 haec
251 1146 368 1178 decies
400 1146 557 1186 repetita
587 1146 757 1186 placebit.
807 1147 870 1178 In-

128 1193 304 1225 structior
333 1195 459 1226 autem
491 1190 596 1239 παρὰ
622 1192 869 1239 προσδοκίαν,

131 1239 240 1283 quasi
258 1250 347 1273 vero
364 1240 455 1273 vitia
472 1244 693 1274 ornamento
716 1242 753 1274 et
770 1251 869 1274 com*

129 1286 239 1320 modo
267 1290 404 1321 essent.

178 1335 299 1368 26-30.
317 1334 426 1377 reqic]
447 1334 654 1377 „rationem
668 1334 819 1369 vivendi
834 1334 868 1369 ei

128 1381 387 1426 praescribit.“
417 1401 459 1405 *-
486 1383 602 1415 veluti
630 1383 697 1423 pia
729 1382 868 1425 mater]

127 1428 338 1463 Admodum
374 1429 507 1464 festive
546 1432 738 1473 comparat
776 1429 868 1464 divi-

127 1479 200 1510 tem
228 1477 415 1518 vitiosum,
446 1477 512 1521 qui
538 1477 647 1511 amici
674 1476 868 1511 inferioris

127 1524 264 1557 malam
290 1524 457 1568 aliquam
477 1524 791 1558 consuetudinem
809 1535 869 1558 ca-

127 1571 258 1616 stigat,
294 1581 379 1604 cum
413 1574 551 1613 matre,
586 1573 647 1605 cui
680 1572 821 1606 liberos
847 1582 869 1605 a

126 1619 227 1652 vitiis
261 1629 440 1653 revocare
474 1620 710 1664 propositum
742 1622 799 1653 est
832 1622 869 1653 et

127 1666 294 1708 efficere,
328 1669 371 1699 ut
397 1666 455 1700 vel
482 1669 599 1701 semet
629 1667 719 1711 ipsa·
737 1667 868 1701 melio-

126 1724 186 1747 res
229 1712 402 1748 evadant.
443 1733 485 1737 -
522 1714 652 1756 prope]
696 1714 782 1747 vid.
820 1714 867 1748 ad

125 1760 219 1805 Epp.
249 1765 280 1803 1,
306 1764 339 1803 6,
369 1764 399 1794 1.
427 1780 470 1784 -—
496 1763 601 1796 Meae
628 1761 712 1803 cet.]
741 1760 867 1803 „Meae

126 1818 216 1852 opes
231 1810 358 1842 tantae
375 1811 474 1850 sunt,
489 1810 532 1841 ut
546 1808 708 1842 stultitia
721 1809 866 1852 (quem-

125 1855 326 1889 admodum
374 1855 562 1888 luxuriem
609 1866 677 1899 per
727 1856 868 1899 euphe-

125 1902 301 1936 mismum
327 1902 458 1944 vocat)
492 1912 554 1936 eas
580 1913 658 1936 non
685 1904 866 1936 attenuet.

125 1968 172 1976 --
191 1949 301 1989 Quod
334 1949 374 1982 in
410 1949 524 1983 divite
558 1949 718 1983 stultitia
749 1953 805 1983 est
831 1952 868 1983 et

125 1997 285 2039 vanitas,
310 1996 407 2030 illud
432 1997 473 2030 in
499 2007 667 2041 paupere
685 1997 790 2030 furor
809 2000 868 2031 est

125 2054 169 2079 ac
203 2044 433 2078 dementia.“
479 2043 595 2077 GESN.
622 2063 665 2068 —
693 2046 786 2077 Arta
811 2062 825 2068 -
853 2062 867 2068 -

125 2091 226 2135 loqa]
252 2091 420 2126 Ditiores
443 2091 542 2137 togis
562 2092 767 2126 utebantur
793 2091 867 2125 lar-

124 2139 183 2185 gis
210 2140 278 2182 (bis
302 2140 415 2172 trium
440 2140 620 2172 ulnarum
645 2141 732 2180 toqa
749 2138 867 2183 Epod.

125 2189 167 2227 4,
194 2187 271 2229 8.),
311 2197 387 2231 quo
421 2186 607 2231 plicarum
641 2187 800 2230 pulchre
827 2197 866 2220 se

126 2234 397 2278 excipientium
414 2234 534 2268 maior
553 2237 652 2268 esset
673 2244 867 2268 numerus.

127 2300 170 2305 —
199 2281 383 2324 comitem]
423 2292 499 2315 non
535 2283 608 2314 tam
643 2281 682 2314 in
717 2281 867 2322 itinere,

126 2338 238 2373 quam
290 2329 486 2363 honestius
528 2327 751 2362 vocabulum
798 2338 866 2372 pro

126 2375 282 2417 cliente,
322 2375 389 2420 qui
426 2379 630 2420 patronum
664 2375 705 2408 in
743 2375 867 2409 forum

126 2422 290 2456 deducit.
342 2423 416 2456 Ofr.
444 2422 518 2457 Sat.
549 2425 581 2464 2,
609 2425 641 2464 5,
671 2424 724 2456 17.

175 2471 295 2504 31-36.
313 2469 554 2513 Eutrapelus]
572 2469 614 2503 P.
628 2469 867 2510 Volumnius,

127 2527 244 2562 eques
262 2516 350 2558 Ro„
376 2516 423 2550 ad
443 2528 552 2561 quem
572 2519 660 2550 sunt
678 2516 754 2551 Cic.
772 2516 866 2561 Epp.

126 2564 223 2598 duae
259 2564 305 2598 ad
336 2564 436 2598 Fam.
465 2566 497 2605 7,
525 2565 581 2597 32.
609 2567 645 2598 et
672 2566 747 2606 33.,
783 2575 868 2608 pro-

125 2615 210 2657 pter
243 2611 507 2654 festivitatem,
544 2611 717 2654 facetias,
756 2611 867 2645 urba-

127 2659 303 2701 nitatem,
347 2658 485 2704 quibus
527 2658 706 2703 aequales
748 2669 868 2702 paene

127 2717 258 2741 omnes
293 2706 515 2751 superabat,
550 2706 776 2747 Eutrapelus
802 2716 869 2740 no-

918 1145 1084 1179 minatus
1111 1147 1178 1179 est.
1205 1144 1378 1188 (Aristot.
1402 1143 1512 1178 Rhet.
1532 1144 1564 1185 2,
1591 1145 1659 1177 12:

918 1193 959 1225 οἱ
982 1191 1397 1236 νέοι--φιλογέλωτες,
1422 1188 1483 1224 διὸ
1506 1194 1573 1224 καὶ
1597 1188 1661 1224 εὖ·

918 1236 1108 1287 τράπελοι·
1146 1237 1172 1283 ἦ
1214 1236 1287 1287 γὰρ
1328 1237 1555 1286 εὐτραπελία
1593 1248 1660 1271 πε-

920 1286 1153 1330 παιδευμένη
1190 1282 1301 1333 ὕβρις
1336 1286 1467 1328 ἐστὶν.)
1504 1285 1596 1319 Erat
1625 1285 1663 1320 is

918 1335 1018 1368 inter
1041 1334 1198 1368 Antonii
1225 1335 1419 1367 collusores
1446 1335 1478 1367 et
1503 1333 1661 1366 sodales.

919 1381 997 1415 Cic.
1023 1382 1186 1426 Philipp.
1223 1383 1286 1423 13,
1313 1383 1352 1422 9,
1379 1383 1410 1414 3.
1439 1399 1482 1404 -
1509 1381 1660 1414 cuicun-

918 1429 1008 1472 que]
1043 1430 1104 1471 „si
1131 1429 1233 1462 cui.“
1262 1447 1306 1452 —
1332 1427 1471 1470 dabat]
1512 1427 1662 1472 Imper-

917 1476 1056 1510 fectum
1099 1476 1288 1521 significat
1329 1486 1415 1510 eum
1463 1477 1655 1509 mortuum

918 1534 1020 1566 esse,
1048 1524 1146 1558 sicut
1172 1523 1247 1557 Sat.
1276 1526 1315 1566 1,
1341 1525 1440 1566 3‚‘3.
1489 1521 1558 1556 Est
1591 1532 1659 1556 au-

918 1574 1014 1605 tem:
1043 1571 1154 1614 „dare
1181 1570 1270 1604 olim
1298 1570 1477 1605 solebat.“
1503 1588 1552 1594 ——
1576 1570 1659 1603 bea-

917 1618 987 1661 tus]
1028 1629 1097 1661 „se
1129 1618 1279 1652 beatum
1313 1628 1396 1652 esse
1429 1616 1655 1651 somnians.“

918 1684 961 1689 —
987 1665 1120 1708 sumet]
1149 1665 1278 1707 „Haec
1305 1665 1493 1710 cogitabat
1516 1663 1576 1697 vel
1602 1662 1658 1696 di-

917 1723 1002 1747 cere
1031 1713 1175 1747 solebat
1198 1712 1461 1756 Eutrapelus.“
1509 1710 1656 1744 SOHOL.

916 1779 963 1784 -
979 1761 1019 1793 in
1038 1759 1168 1802 lucem]
1195 1760 1246 1792 bis
1269 1761 1310 1792 in
1334 1761 1405 1792 den
1421 1760 1497 1799 Tau
1521 1758 1655 1791 himin.

916 1825 961 1830 -
988 1808 1178 1840 honestum
1204 1805 1395 1848 Officium]
1428 1807 1471 1839 ut
1503 1803 1596 1849 Epp.
1624 1807 1657 1846 1,

920 1855 974 1897 17,
1013 1855 1081 1887 21:
1123 1854 1292 1895 Officium
1327 1854 1445 1895 facio,
1483 1862 1561 1886 non
1599 1854 1660 1885 est

917 1898 960 1934 τὸ
985 1901 1174 1944 καθῆκον,
1210 1899 1276 1934 sed
1302 1899 1491 1945 significat
1523 1898 1656 1942 impri-

915 1948 986 1982 mis
1021 1949 1286 1982 salutationem
1324 1946 1476 1992 patroni
1510 1949 1657 1980 cetero-

916 2006 1077 2040 rumque
1103 1995 1295 2030 fautorum
1319 1998 1433 2039 atque
1453 1993 1655 2028 observan-

916 2043 1007 2076 tiam
1039 2043 1080 2076 in
1113 2053 1191 2077 eos.
1220 2061 1262 2066 -
1289 2051 1454 2076 nummos
1479 2059 1495 2066 -
1517 2039 1656 2083 pascet]

918 2090 1139 2135 „pecuniam
1165 2089 1301 2136 grandi
1331 2089 1462 2124 fenore
1487 2090 1656 2122 mutuam

918 2138 1072 2171 sumet.“
1122 2137 1210 2182 Ipsa
1233 2139 1358 2172 autem
1384 2147 1502 2171 usura
1526 2137 1564 2169 et
1587 2135 1658 2168 im-

916 2185 1048 2229 primis
1082 2184 1312 2219 anatocismo
1347 2184 1448 2229 apud
1480 2182 1658 2227 antiquos

916 2233 1114 2277 frequente
1139 2232 1322 2277 paulatim
1339 2232 1517 2274 pascitur,
1542 2239 1656 2274 auge-

916 2283 989 2322 tur,
1008 2290 1090 2314 sors
1108 2279 1346 2324 principalis.
1370 2278 1527 2332 Aristof.
1543 2276 1657 2311 Polit.

920 2330 950 2369 1,
965 2329 998 2369 3,
1017 2329 1080 2361 23:
1099 2325 1122 2360 ὁ
1142 2323 1256 2369 τόκος
1272 2323 1368 2360 αὐτὸ
1388 2323 1446 2368 (τὸ
1465 2323 1657 2368 νομισμα)

917 2378 1022 2407 ποιεῖ
1036 2373 1150 2407 πλέον
1167 2373 1245 2407 κτλ.
1270 2373 1375 2407 Pers.
1394 2375 1428 2414 5,
1448 2374 1534 2407 149:
1562 2371 1658 2414 Quid

913 2422 1032 2463 pelis?
1068 2423 1108 2454 ut
1141 2422 1299 2463 nummi,
1338 2429 1426 2461 quos
1461 2421 1518 2453 hic
1551 2419 1656 2460 quin-

917 2477 1026 2502 cunce
1051 2469 1211 2502 modesto
1237 2468 1551 2508 Num-ieras,
1573 2473 1656 2507 per-

917 2519 1006 2557 qam
1029 2516 1154 2549 avidos
1177 2517 1313 2549 sudare
1337 2515 1515 2548 deuncos?
1539 2512 1656 2547 Recte

918 2563 990 2597 iam
1008 2562 1237 2607 Porphyrio:
1261 2562 1396 2604 „faciet
1412 2571 1476 2595 aes
1490 2560 1658 2594 alienum

918 2609 1046 2644 usuris
1073 2610 1279 2644 crescere.“
1297 2628 1340 2632 —
1355 2609 1404 2642 ad
1427 2606 1556 2649 imum]
1585 2605 1655 2649 „ad

919 2659 1139 2699 extremum,
1152 2656 1218 2691 ubi
1227 2655 1325 2690 nihil
1333 2655 1407 2690 iam
1419 2655 1450 2688 e}
1463 2663 1656 2688 remanse-

918 2706 980 2747 rit,
994 2703 1205 2739 auctorabit
1218 2713 1258 2738 se
1268 2700 1655 2743 lanistae.“—Thraoe]
