1774 2930
160 171 247 212 240

662 170 870 205 HORATII
895 170 1180 205 SATIRARUM

276 271 362 313 Hic
392 271 550 314 herus:
583 270 820 325 Albanum,
852 270 1099 326 Maecenas,
1133 272 1224 315 sive
1256 271 1487 316 Falernum

278 341 342 384 Te
373 342 511 397 magis
543 343 751 398 appositis
784 342 986 396 delectat,
1018 342 1226 386 habemus
1258 347 1498 400 utrumque*

275 412 461 454 Divitias
493 413 695 455 miseras!
729 411 817 455 Sed
848 414 943 469 quis
975 414 1224 456 cenantibus
1255 429 1361 469 una,

275 483 492 537 Fundani,
525 483 703 539 pulchre
734 484 864 526 fuerit
893 484 992 538 tibi,
1025 499 1153 527 nosse
1183 485 1344 527 laboro.

277 553 478 596 Summus
511 569 591 610 ego
623 558 666 597 et
696 569 831 611 prope
861 570 930 598 me
961 555 1117 598 Viscus
1140 555 1357 598 Thurinus
1390 560 1433 598 et
1464 556 1588 610 infra,
1621 557 1678 597 20

277 625 323 667 Si
355 626 550 679 memini,
581 625 758 680 Varius,
792 640 888 668 cum
919 626 1100 668 Servilio
1130 626 1362 670 Balatrone

274 695 494 750 Vibidius,
529 711 635 752 quas
666 696 893 740 Maecenas
926 697 1163 740 adduxerat
1192 698 1380 740 umbras.

252 809 308 841 22.
335 817 426 849 quas
452 819 641 853 superscr.
669 818 758 850 quos
786 808 821 851 S,
849 817 937 850 quos
963 808 1080 853 bEcp,
1106 808 1185 843 LCt
1210 811 1248 844 et
1271 809 1479 844 Bentleius.

158 906 309 940 quoque
335 898 511 940 perversi
522 897 668 941 aliquid
687 898 795 931 latet:
821 897 893 931 hoc

156 946 267 987 puto:
312 947 424 985 „erat
460 945 577 989 igitur
615 945 727 978 nimis
770 945 892 987 dulce,

157 1000 241 1023 cum
284 991 426 1025 salsum
474 992 682 1036 praelaturi
730 991 894 1026 fuissent

157 1039 349 1081 convivae,
375 1041 506 1083 utpote
527 1039 579 1073 ad
604 1039 826 1073 irritandam
845 1039 893 1073 si-

155 1084 222 1118 tim
248 1086 373 1129 aptius
401 1097 513 1130 quam
539 1086 660 1120 dulce.
667 1087 683 1104 “
712 1106 754 1110 —
782 1087 893 1120 Alba-

155 1132 263 1175 num]
291 1132 365 1166 Cfr.
393 1133 461 1167 Od.
489 1135 528 1175 4,
557 1136 612 1176 11,
639 1135 671 1166 2.
697 1133 832 1167 Athen.
862 1135 892 1175 1,

156 1181 224 1212 59:
268 1179 341 1212 τῶν
375 1179 406 1212 δ’
441 1178 557 1213 οἴνων
591 1182 843 1227 χαοιέστατος
868 1178 891 1214 ὁ

156 1223 254 1259 κατὰ
288 1224 357 1270 τήν
385 1226 546 1260 Ιταλίαν
567 1212 749 1269 Ἀλβανὸς
780 1229 845 1260 καὶ
870 1225 892 1261 ὁ

157 1273 403 1320 Φαληρνίτης.

205 1323 259 1355 18.
289 1323 343 1355 19.
366 1323 525 1355 Divitias
542 1322 726 1364 miseram]
744 1321 893 1356 Horatii

157 1379 246 1402 sane
294 1369 387 1402 haec
430 1372 487 1403 est
534 1370 767 1403 exclamatio.
817 1369 892 1402 Alii

156 1416 286 1449 eadem
336 1417 450 1450 verba
489 1415 685 1450 Nasidieni
728 1417 892 1450 sermoni

155 1464 394 1497 annectenda
420 1466 596 1506 censent,
629 1464 777 1497 reculas
805 1475 892 1498 suas

155 1511 208 1544 ita
225 1512 484 1554 extenuantis,
503 1511 628 1555 idque,
649 1512 718 1545 etsi
737 1523 759 1545 a
775 1511 892 1545 Bent-

155 1557 229 1591 leio
264 1561 451 1602 tamquam
485 1559 763 1602 ineptissimum
796 1558 892 1592 reie-

156 1607 276 1647 ctum,
309 1605 553 1639 Heindorfius
584 1606 796 1650 patrocinio
824 1617 892 1640 suo

155 1651 310 1697 dignum
354 1654 501 1687 censuit
544 1653 703 1696 eiusque
743 1663 892 1687 causam

154 1702 228 1733 tam
255 1700 393 1733 acriter
422 1701 517 1745 egit,
552 1703 593 1733 ut
618 1699 751 1743 verba,
786 1700 818 1734 si
844 1700 891 1735 ab

154 1746 310 1781 Horatio
339 1758 568 1792 quocunque
604 1758 718 1781 sensu
744 1748 892 1792 prolata

153 1795 432 1838 acciperentur,
447 1795 555 1828 valde
570 1795 701 1828 ieiuna
714 1798 750 1828 et
763 1795 892 1838 inepta

154 1841 324 1884 duceret,
352 1844 484 1876 contra
510 1853 532 1875 a
556 1840 761 1875 Nasidieno
790 1842 890 1876 adie-

155 1886 246 1931 cta,
285 1889 425 1933 quibus
474 1889 691 1922 divitiarum
734 1899 889 1922 suarum

154 1936 461 1978 ostentationem,
483 1946 720 1990 quamquam
746 1936 889 1970 insulse

154 1983 364 2025 admodum,
385 1983 492 2027 quasi
507 1983 695 2028 corrigere
710 1982 889 2026 studeret,

155 2031 316 2064 maxima
341 2031 375 2063 vi
395 2033 431 2064 et
448 2030 618 2064 efficacia
634 2030 779 2074 pollere
800 2040 888 2064 con-

154 2077 338 2111 tenderet.
364 2078 440 2111 Vei
444 2089 507 2111 um
526 2078 556 2111 si
574 2077 770 2111 Nasidieni
789 2081 889 2120 sunt,

153 2136 230 2159 non
250 2125 446 2170 corrigunt
463 2125 573 2159 istam
588 2125 889 2167 ostentationem,

155 2172 221 2207 sed
241 2172 416 2207 simulato
436 2172 651 2206 divitiarum
671 2174 888 2216 contemptu

154 2231 289 2254 novam
332 2219 510 2264 produnt.
559 2219 717 2253 Rectius
759 2220 888 2264 itaque

153 2272 290 2312 agunt,
317 2268 381 2312 qui
407 2267 665 2309 Nasidienum,
692 2266 781 2300 dum
807 2267 887 2300 lau-

153 2317 214 2348 tus
249 2325 292 2347 ac
327 2314 495 2348 liberalis
531 2313 650 2347 videri
685 2314 782 2356 volt,
817 2315 888 2348 hac

153 2361 235 2405 ipsa
267 2362 404 2395 iactata
435 2361 663 2395 liberalitate
699 2361 888 2395 sordidam

153 2409 348 2442 avaritiam
385 2409 609 2452 prodentem
647 2408 693 2442 ab
730 2408 886 2442 Horatio

153 2455 317 2489 derideri
345 2455 571 2489 existimant.
598 2455 671 2489 Vel
696 2455 791 2491 illud
809 2457 887 2498 Sed,

154 2502 255 2547 quod
274 2502 397 2536 statim
425 2503 611 2547 sequitur,
636 2502 804 2546 proxime
823 2514 888 2537 an-

152 2549 364 2584 tecedentia
389 2549 545 2583 Horatio
577 2549 779 2584 adiudicat.
820 2549 888 2583 Mi-

154 2596 396 2631 tscherlichio
431 2598 586 2629 miserae
614 2600 702 2630 sunt
727 2598 886 2639 divitiae,

155 2655 254 2688 quae
273 2643 483 2688 possessori
499 2644 670 2678 miserias
697 2646 827 2678 creant
844 2655 888 2678 ac

155 2691 470 2733 sollicitudinem,
505 2693 548 2724 ut
574 2690 648 2724 Sat.
685 2693 726 2734 2,
753 2694 793 2734 6,
820 2693 887 2725 79:

152 2739 474 2780 Sollicitas-opes.
522 2737 664 2771 Verum
690 2739 816 2772 malim
844 2749 889 2772 ex

944 907 1118 932 sermone
1158 898 1378 942 quotidiano
1412 897 1678 942 interpretari:

945 943 1118 990 „divitias
1143 956 1260 989 prope
1287 945 1487 987 ridiculas,
1518 945 1678 979 maxime

942 994 1097 1036 propter
1124 992 1267 1035 sordes,
1293 1004 1391 1037 quae
1414 1003 1478 1027 eas
1496 993 1675 1026 continuo

944 1039 1171 1072 comitantur
1197 1050 1320 1084 neque
1339 1051 1507 1084 unquam
1530 1039 1676 1073 felicem

942 1085 1107 1119 reddunt
1155 1089 1460 1130 possessorem!“
1519 1088 1675 1129 Povera,

941 1135 1076 1166 misera
1101 1135 1303 1168 ricchezza!
1327 1135 1510 1175 armselia.
1538 1153 1580 1157 —
1606 1135 1678 1167 Sed

943 1179 1022 1220 quis
1065 1181 1157 1223 eet]
1201 1180 1299 1215 Scite
1339 1182 1377 1215 h.
1419 1181 1443 1214 l.
1479 1181 1674 1214 Diintzer:

945 1229 1055 1269 „Sehr
1089 1229 1263 1269 aeschiclcc
1289 1230 1333 1262 ist
1361 1237 1395 1262 es
1419 1237 1503 1262 vom
1527 1229 1677 1262 Dichter

943 1275 1186 1318 einqerichtet,
1212 1276 1296 1308 dass
1321 1276 1418 1309 diese
1442 1277 1561 1317 Fraae
1587 1276 1677 1309 iiber

942 1322 999 1355 die
1026 1323 1167 1355 andern
1186 1323 1297 1356 Gdsle
1322 1324 1420 1356 nicht
1438 1331 1488 1356 an
1513 1324 1584 1356 den
1599 1322 1675 1355 An-

942 1370 1032 1411 sanq
1057 1370 1118 1402 des
1145 1370 1329 1404 Gedichles
1353 1371 1429 1403 sich
1452 1371 1566 1411 stellt,
1592 1378 1674 1403 son-

942 1417 1033 1449 dern
1064 1417 1130 1450 wie
1165 1425 1237 1450 vora
1260 1418 1367 1450 selbst
1400 1418 1474 1450 sich
1499 1417 1676 1459 eruebend

944 1466 1014 1496 erst
1035 1465 1122 1502 jeczt
1141 1466 1304 1505 qemacm
1320 1466 1434 1505 wird3
1460 1466 1556 1498 devm
1574 1465 1674 1506 jem,

941 1519 995 1543 wo
1020 1512 1077 1544 die
1094 1512 1317 1545 sunder-bare
1333 1513 1485 1548 Mamer
1501 1513 1562 1545 des
1582 1511 1677 1545 Wir-

942 1559 1017 1591 thes
1034 1560 1144 1592 sehon
1167 1560 1207 1591 in
1225 1560 1370 1600 einiqen
1385 1561 1511 1600 Zaqen
1527 1559 1676 1601 aeschil-

942 1606 1020 1638 dere
1045 1607 1202 1648 worden,
1228 1607 1273 1639 ist
1301 1615 1336 1639 es
1362 1607 1566 1648 namrlich,
1593 1608 1676 1639 dass

941 1654 1068 1686 Horaz
1104 1654 1223 1695 sraqt,
1261 1662 1335 1686 was
1372 1654 1430 1687 die
1463 1654 1573 1687 Gdste
1611 1654 1675 1686 da-

942 1701 999 1733 bei
1023 1701 1206 1742 qemacht,
1239 1702 1316 1734 und
1340 1701 1456 1733 daher
1480 1708 1523 1733 zu
1547 1701 1675 1733 wissen

939 1748 1122 1788 wanscht,
1171 1748 1303 1780 welche
1352 1749 1534 1781 Personen
1583 1748 1675 1780 beim

939 1795 1065 1828 Mahle
1101 1803 1261 1835 zuoeqen
1298 1795 1489 1835 aewesen.“
1518 1814 1561 1818 —
1590 1795 1675 1836 pul-

940 1842 1022 1874 chre
1047 1841 1175 1884 suerit]
1203 1841 1277 1875 Cfr.
1304 1841 1379 1876 Sat.
1406 1843 1439 1884 2,
1465 1843 1497 1884 2,
1526 1843 1604 1876 120.
1630 1861 1671 1865 -

942 1888 1084 1930 laboro]
1111 1889 1146 1921 h.
1173 1889 1197 1921 1.
1226 1889 1374 1932 „cupi0,
1399 1890 1524 1923 aveo.“

988 1936 1107 1968 20-24.
1132 1935 1319 1978 Summus]
1344 1935 1401 1969 De
1428 1936 1559 1969 ordine
1585 1946 1673 1970 con-

939 1982 1108 2016 vivarum
1141 1982 1227 2016 vide
1260 1982 1473 2016 Excursum
1505 1983 1552 2017 ad
1586 1983 1621 2016 h.
1648 1983 1672 2016 l.

938 2027 1077 2063 Novem
1115 2032 1242 2064 autem
1279 2033 1369 2064 sunt
1410 2029 1589 2064 convivae
1628 2040 1674 2064 ex

939 2077 1049 2110 solito
1068 2077 1168 2121 apud
1185 2076 1375 2112 Romanos
1393 2088 1508 2112 more.
1535 2077 1672 2119 (Plaut-

939 2123 1052 2158 Stich.
1079 2126 1112 2167 3,
1139 2126 1171 2167 2,
1198 2126 1254 2158 31.
1301 2124 1423 2159 Varro
1449 2124 1550 2169 apud
1577 2123 1673 2158 Gell.

941 2173 1002 2213 13,
1040 2174 1102 2214 11,
1137 2172 1193 2214 2.)
1229 2191 1272 2196 —
1309 2174 1431 2206 Viscus
1465 2171 1671 2214 Thurinus]

939 2218 1113 2262 Thuriis,
1139 2219 1334 2254 Calabriae
1360 2219 1519 2264 oppido,
1545 2219 1673 2253 oriun-

938 2266 1026 2309 dus,
1061 2277 1135 2311 quo
1171 2267 1394 2312 cognomine
1426 2266 1672 2311 distinguitur

938 2325 959 2347 a
984 2313 1110 2348 Viscis
1136 2313 1329 2356 fratribus,
1354 2313 1504 2348 Horatii
1529 2312 1670 2348 amicis.

939 2359 1012 2395 Sat.
1049 2364 1087 2403 1,
1116 2363 1177 2404 10,
1204 2362 1260 2394 83.
1287 2380 1330 2384 —-
1364 2360 1513 2403 Varius]
1547 2361 1669 2405 poeta.

938 2408 1021 2441 Vid.
1049 2407 1123 2442 Sat.
1150 2410 1182 2450 1,
1207 2409 1240 2451 5,
1266 2409 1322 2442 40.
1340 2427 1386 2431 —
1409 2407 1579 2450 servizio]
1604 2407 1671 2440 tri-

938 2455 1008 2489 bus
1036 2455 1190 2500 syllabis
1216 2454 1549 2498 pronuntiandum.
1590 2453 1670 2499 Syl-

937 2502 1023 2536 laba
1059 2502 1159 2536 enim
1198 2502 1497 2546 antepenultima
1532 2501 1671 2547 produ-

939 2550 1048 2583 citur.
1096 2548 1141 2582 In
1175 2550 1337 2583 nummis
1369 2552 1443 2583 est:
1487 2547 1526 2583 O.
1554 2548 1670 2582 SER-

937 2604 1088 2630 VEILI.
1137 2595 1364 2639 Horatiano,
1414 2599 1457 2630 ut
1503 2606 1669 2638 scurrae,

937 2644 1045 2689 volgo
1080 2643 1240 2677 dabatur
1275 2645 1567 2689 cognomentum
1591 2644 1669 2676 Ba-

940 2692 1045 2725 latro.
1096 2690 1172 2724 Ofr.
1208 2690 1282 2724 Sat.
1310 2693 1347 2733 1,
1379 2692 1418 2733 2,
1443 2692 1476 2724 2.
1503 2709 1545 2714 —
1576 2690 1668 2724 Vibi—

938 2738 1038 2781 dius]
1063 2739 1174 2772 homo
1199 2738 1365 2783 ignotus.
1405 2737 1504 2771 Ecce
1527 2736 1602 2780 hic,
1627 2738 1670 2770 ut
