1774 2930
116 137 206 178 542

775 139 983 173 ΗΟΒΑΤΠ

237 237 429 280 Narrabo
460 239 693 282 interitum.
735 239 854 282 Deus
885 240 1139 283 immortalis
1170 241 1319 285 haberi

238 308 354 350 Dum
377 310 493 365 cupit
513 309 812 366 EmpedoclcS,
834 310 1054 354 ardentem
1077 311 1259 368 frigidus
1281 289 1467 356 Aetnam

1548 315 1634 356 465

239 380 420 421 Insiluit.
464 379 530 422 Sit
559 381 626 422 ius
658 381 869 437 liceatque
900 382 1040 438 perire
1071 383 1234 439 poeti„

238 451 424 492 Invitum
457 451 528 506 qui
561 457 721 505 servat,
752 452 867 494 idem
899 452 1001 495 facit
1032 454 1256 496 occidenti.

238 521 329 564 Nec
361 523 495 564 semel
525 522 607 565 hoc
637 522 758 576 fecit,
790 537 888 577 nec,
922 524 958 565 si
988 528 1196 567 retractus
1229 525 1331 578 erit,
1363 525 1450 567 iam

238 591 336 634 Fiet
366 592 493 635 homo
526 597 569 635 et
599 598 731 649 ponet
761 593 951 637 famosae
982 595 1130 637 mortis
1163 610 1364 638 amorem.

238 662 330 705 Nec
362 664 466 706 satis
499 668 695 720 apparet,
728 679 803 707 cur
831 679 982 708 versus
1014 665 1197 720 factitet‚
1229 671 1372 708 utrum

1550 667 1637 707 470

240 733 445 776 Minxerit
476 735 520 776 in
552 737 713 791 patrios
748 737 926 790 cinerea
960 751 1014 778 an
1045 737 1168 779 triste
1199 736 1391 780 bidental

217 865 298 897 470.
323 865 460 898 dictitet
483 864 626 910 Regius
651 876 764 908 unus,
789 866 864 900 duo
889 866 999 909 Feae,
1025 866 1336 912 Cuninghamius.
1354 886 1396 890 —
1422 868 1504 901 471.
1529 866 1592 909 an]

170 913 234 943 aut
260 910 306 944 bc
332 912 424 954 (non
452 911 561 954 STd).

120 1004 260 1048 poboto
284 1005 449 1049 primum
474 1006 614 1041 tradita
639 1010 706 1048 est,
733 1007 860 1041 addita

120 1052 428 1096 narratiuncula,
461 1064 575 1087 unam
601 1065 647 1088 ex
671 1055 754 1088 eius
780 1065 860 1088 cre-

121 1099 222 1143 pidis
240 1100 360 1134 aereis
378 1100 412 1133 vi
437 1101 604 1135 flammae
628 1112 761 1136 rursus
784 1102 860 1136 eie-

123 1149 219 1180 ctam
238 1157 321 1181 esse
339 1158 385 1181 ex
400 1148 543 1182 Aetnae
563 1151 718 1183 cratere.
750 1149 858 1194 Diog-

123 1192 248 1227 Laert.
274 1196 308 1236 8,
326 1197 382 1228 69.
417 1194 592 1230 Timaeus
618 1199 743 1230 autem
768 1196 860 1230 ibid.

123 1240 156 1283 ἓ.
189 1243 247 1275 71.
279 1241 392 1276 claris
426 1243 552 1277 verbis
589 1243 705 1277 tradit
741 1241 861 1277 αὐτοῦ

123 1285 193 1331 τήν
219 1286 396 1333 τελευτὴν
420 1285 563 1332 ἄδηλον
587 1288 697 1324 εἰναι.
708 1293 861 1325 —Deus

121 1337 342 1370 immortalis
366 1338 506 1380 haberi!
541 1338 789 1382 Empedocles
815 1338 860 1372 de

124 1393 164 1417 se
201 1383 302 1427 apud
339 1384 860 1441 Philostr.Apollon.1,1:

122 1431 290 1478 Χαίρετ’,
324 1429 398 1475 ἐγώ
430 1431 462 1464 δ’
495 1428 614 1488 ὔμμιν
648 1430 764 1474 θεὸς
786 1428 863 1475 ἄμ-

121 1477 172 1525 βρ
174 1489 262 1520 οτος
298 1476 426 1512 οὐκέτι
450 1476 605 1523 θνητός.
623 1499 666 1503 ——
690 1480 862 1523 sriaidus]

122 1489 272 1559 Festivo'
297 1526 369 1560 hoc
395 1527 579 1561 antitheto
598 1529 704 1561 verbi
729 1529 862 1561 arden·

123 1575 194 1606 tem
211 1573 316 1607 illius
340 1574 536 1607 stultitiam
561 1577 677 1608 notat.
702 1575 797 1608 Mire
815 1575 862 1609 ad

123 1620 207 1654 cius
221 1620 431 1655 doctrinam
449 1622 520 1655 hoc
538 1622 656 1656 refert
667 1622 861 1658 Commen-

122 1669 222 1701 tator
248 1668 433 1713 Cruquii:
466 1669 734 1723 ,Empedocles
759 1669 862 1702 dice-

123 1715 189 1748 bat
221 1715 328 1749 tarda
361 1716 515 1770 ingenia
548 1717 687 1762 frigido
721 1716 862 1751 circum

123 1762 347 1805 praecordia
370 1765 557 1827 sanguine
583 1764 792 1808 impedirist‘
817 1782 863 1788 —

122 1810 175 1842 Sit
199 1810 270 1852 ius]
296 1811 379 1842 κατ’
404 1812 610 1857 εῐοωνειάν.
653 1811 863 1853 „Quoniam

125 1856 333 1899 insaniunt,
359 1841 449 1891 hoc
455 1858 539 1892 iure
558 1869 648 1892 sane
667 1859 764 1892 sint“
793 1860 863 1891 cet.

126 1903 319 1938 Gesnerus
361 1908 552 1949 comparat
594 1905 863 1949 Spartanorum

123 1951 346 1985 decretum:
400 1951 675 1995 Κλαζομενιοις
723 1951 864 1995 ἐξέστω

125 1995 376 2042 ἀσχημονεῖν.
404 2018 447 2022 —
474 2001 635 2033 Invitum
661 2001 724 2040 qui
745 2002 865 2032 servat

126 2045 211 2088 cet]
240 2045 437 2080 Contraria
462 2049 519 2080 est
545 2047 732 2081 sententia
750 2046 864 2081 Sene-

126 2103 191 2126 cae
218 2093 263 2127 de
289 2092 453 2127 Benefic.
480 2096 513 2133 2,
541 2096 594 2136 14,
621 2096 661 2127 4:
697 2095 865 2135 pulcher-

126 2141 261 2172 rimum
294 2149 383 2182 opus
418 2143 467 2174 est
501 2143 613 2174 etiam
643 2143 774 2175 invitos
803 2150 866 2174 no-

129 2188 309 2228 lentesque
326 2196 486 2222 servare.
503 2208 545 2212 —
559 2190 654 2222 idem
670 2190 759 2230 facit
776 2189 867 2222 occi-

126 2235 239 2278 dentt]
283 2235 522 2279 „Utrumque
560 2236 660 2269 enim
699 2238 755 2270 est
791 2236 866 2268 vim

126 2281 282 2316 inferre.
296 2283 312 2300 “
371 2283 672 2317 GR1FOLUS
723 2282 867 2317 Seneca

127 2328 270 2363 Phoen.
307 2331 394 2363 100·
438 2331 608 2364 Occidere
651 2332 701 2363 est
740 2333 866 2364 vetare

128 2377 331 2431 cupientem
362 2379 465 2411 mori.
509 2377 654 2412 Graeca
678 2380 817 2411 constr.
843 2374 867 2410 6

126 2419 272 2456 άκοντα
290 2420 420 2465 σώζων
438 2422 553 2457 ταύτὸ
578 2428 682 2458 ποιεῖ
701 2424 752 2470 τῷ
768 2422 867 2457 ἀπο-

128 2472 325 2504 κτείνοντι.
352 2471 865 2513 Lucret.3‚1038.Lachm.:

129 2520 255 2551 eadem
280 2519 364 2551 aliis
385 2519 515 2560 sopitu'
534 2521 686 2559 quietest
713 2519 865 2562 (Home-

129 2566 223 2607 rus).
274 2565 449 2600 Ceterum
483 2566 619 2600 unicus
654 2568 712 2600 est
737 2575 866 2600 versus

130 2612 357 2656 spondaicus
382 2613 483 2657 apud
507 2612 717 2646 Horatium.

177 2662 257 2693 468.
268 2662 348 2694 469.
367 2662 441 2694 Nec
457 2661 566 2694 smel
583 2662 647 2693 hoc
656 2659 756 2703 fecit]
769 2659 866 2702 „Nec

130 2707 245 2740 semel
271 2709 427 2741 mortem
453 2707 525 2741 sibi
550 2708 786 2742 consciscere
805 2717 866 2741 co-

908 1010 1019 1042 natus
1045 1010 1112 1050 est,
1137 1018 1285 1053 semper
1310 1010 1435 1043 tamen
1456 1009 1642 1042 retractus

907 1055 955 1089 ab
987 1055 1054 1097 iis,
1089 1055 1155 1099 qui
1188 1055 1306 1090 invito
1332 1055 1640 1090 succurrebant.“

909 1121 952 1125 ——
986 1101 1083 1145 iam]
1127 1104 1275 1144 „aleich
1309 1102 1460 1136 schon.“
1489 1121 1532 1126 —
1564 1103 1642 1135 Fiet

908 1149 1026 1192 homo]
1063 1152 1127 1192 „ut
1151 1160 1280 1183 sumus
1306 1160 1375 1183 nos
1401 1149 1562 1194 reliqui,
1595 1148 1642 1183 ad

909 1206 1038 1230 sanam
1063 1199 1226 1230 mentem
1251 1196 1425 1239 redien83
1456 1196 1568 1230 immo
1601 1196 1641 1229 in

908 1243 1039 1277 furore
1064 1254 1310 1288 perseverans
1335 1245 1490 1288 propter
1521 1243 1643 1277 famae

910 1291 1153 1335 cupiditatem
1216 1293 1457 1325 monstruoso
1515 1290 1642 1334 aliquo

909 1338 1030 1381 modo,
1055 1340 1098 1371 ut
1121 1337 1387 1383 Empedocles,
1410 1337 1535 1381 perire
1561 1348 1645 1371 rur-

910 1396 974 1420 sus
1000 1386 1111 1420 volet.
1116 1386 1134 1404 “

957 1435 1072 1466 470—
1076 1435 1157 1467 476.
1182 1434 1256 1467 Nec
1279 1433 1368 1466 natis
1394 1431 1479 1475 cet-J
1511 1431 1644 1474 „Quid,

911 1480 1012 1525 quod
1037 1480 1197 1514 fortasse
1223 1480 1379 1514 sceleris
1397 1478 1565 1514 'alicuius
1583 1489 1645 1512 ex·

909 1527 1040 1572 piandi
1066 1537 1190 1569 causa,
1215 1527 1372 1561 deorum
1397 1528 1457 1561 ira
1481 1529 1646 1568 coactus,

910 1585 1043 1609 versus
1069 1553 1276 1608 identidem
1299 1574 1445 1609 facit?“
1484 1573 1565 1608 Hoc
1591 1573 1646 1606 di-

912 1622 963 1656 cit
986 1622 1026 1655 in
1057 1622 1291 1656 facetissima
1322 1620 1529 1666 hyperbola
1553 1631 1647 1654 sem·

910 1680 978 1713 per
1004 1669 1243 1715 progediens.
1269 1687 1314 1692 —
1338 1668 1501 1711 [actitet]
1539 1667 1646 1707 Quod

912 1716 978 1750 alii
1004 1717 1145 1750 habent
1169 1717 1325 1758 dictitet,
1356 1717 1394 1749 h.
1418 1717 1443 1749 1.
1467 1715 1646 1749 Latinum

913 1774 989 1797 non
1016 1767 1090 1806 est;
1117 1763 1346 1808 significaret
1370 1762 1470 1796 enim
1505 1771 1645 1805 „saepe

912 1810 1062 1852 dicat“,
1096 1809 1173 1844 sson
1209 1819 1350 1853 „saepe
1376 1809 1540 1851 dictet,“
1576 1818 1647 1842 nec

914 1858 1102 1900 „recitet,“
1138 1860 1181 1891 ut
1205 1856 1407 1890 voluerunt
1431 1855 1647 1900 Guningha-

913 1905 1011 1938 mius
1028 1907 1066 1938 et
1079 1904 1546 1939 Sanadonus.—Minoeerit
1563 1902 1648 1946 cet.]

914 1952 1209 1986 contumeliosus
1234 1950 1366 1985 modus
1388 1950 1553 1984 tumulos
1570 1949 1649 1983 vio-

914 1998 1038 2040 landi,
1075 2001 1112 2032 et
1145 1998 1298 2043 quidem
1330 1999 1368 2031 h.
1394 1998 1419 2031 1.
1444 1997 1556 2031 etiam
1584 2007 1649 2040 pa-

914 2047 994 2080 tris.
1022 2046 1098 2080 cfr.
1124 2045 1200 2079 Sat.
1219 2048 1251 2087 1,
1269 2047 1303 2087 8,
1321 2047 1377 2079 38.
1405 2063 1448 2068 —
1475 2043 1648 2086 bidentat]

914 2094 1191 2135 Blitzmal,
1228 2093 1354 2126 locum
1387 2091 1433 2126 de
1467 2091 1571 2125 caelo
1596 2093 1651 2124 ta-

915 2143 1028 2183 ctum,
1054 2141 1119 2185 qui
1146 2140 1266 2174 caesis
1290 2138 1507 2173 bidentibus
1532 2140 1569 2172 et
1585 2148 1651 2172 ara

916 2191 1105 2222 exstructa
1154 2186 1396 2231 expiabatur,
1444 2187 1650 2231 posteaque

916 2235 1210 2279 circumsaeptus
1246 2233 1437 2275 manebat,
1479 2242 1526 2266 ne
1563 2232 1650 2276 quis

916 2293 1002 2316 eum
1027 2281 1215 2327 tangendo
1241 2281 1280 2314 in
1306 2280 1499 2325 piaculum
1523 2279 1651 2312 incur-

916 2332 1029 2363 reret.
1054 2328 1208 2363 Persius
1235 2330 1268 2370 2,
1295 2330 1357 2362 26:
1384 2328 1442 2361 An
1466 2327 1554 2367 quia
1579 2334 1652 2358 non

916 2378 1016 2418 fibris
1057 2377 1178 2410 ovium
1217 2376 1461 2417 Erqevmaque
1507 2374 1651 2406 iubente

915 2425 1030 2457 Triste
1055 2425 1152 2457 iaces
1179 2424 1268 2456 lucis
1293 2422 1572 2461 evitandumque
1600 2421 1652 2452 bi-

914 2472 1040 2504 dental
1067 2472 1136 2504 cet.
1170 2469 1395 2504 Artemidor.
1414 2470 1447 2511 2,
1464 2471 1499 2502 9.
1515 2478 1552 2523 p.
1573 2468 1652 2500 143.

913 2517 1034 2552 Reiff:
1067 2515 1089 2551 6
1123 2514 1309 2564 κεραυνὸς
1341 2513 1387 2549 τὰ
1417 2515 1488 2558 μὲν
1518 2511 1653 2556 ἄσημα

916 2565 991 2598 τῶν
1010 2566 1159 2612 χωρίων
1177 2565 1350 2607 ἐπίσημα
1368 2565 1472 2596 ποιεῖ
1484 2559 1548 2594 διὰ
1565 2557 1653 2601 τούς

915 2611 1182 2659 ἐνιδουμένους
1214 2608 1373 2653 βωμοὺς
1406 2610 1472 2642 καὶ
1507 2605 1576 2648 τὰς
1612 2606 1653 2639 ἐν

915 2656 1046 2701 αὐτοῖς
1085 2659 1293 2714 γινομένας
1331 2657 1482 2698 θυσίας,
1526 2653 1574 2688 τὰ
1613 2653 1653 2686 δὲ

917 2705 1102 2749 πολυτελῆ
1129 2706 1251 2753 χωρία
1275 2701 1400 2752 ερηιια
1430 2704 1495 2736 καὶ
1525 2698 1654 2742 ἄβατα
