1774 2930
637 162 731 196 LIB.
755 161 802 196 11.
851 160 955 195 SAT.
978 159 1080 194 vm.

1530 157 1616 198 239

220 265 468 308 Pervellunt
498 263 783 315 stomachum,
815 262 924 304 siser
937 293 948 314 ‚
981 261 1107 313 allec,
1139 259 1305 302 faecula
1335 258 1438 301 Coa.

220 335 303 378 His
333 335 408 377 ubi
439 334 618 376 sublatis
649 347 756 389 puer
786 333 871 374 alte
902 332 1064 374 cinctus
1096 344 1295 373 acernam

1564 328 1617 368 10

222 405 422 462 Gausape
450 418 665 462 purpureo
695 417 887 446 mensam
918 402 1138 459 pertersit,
1170 404 1214 443 et
1245 401 1353 442 alter

222 475 420 532 Sublegit
449 475 730 532 quodcunque
760 475 921 516 iaceret
949 472 1101 514 inutile
1133 470 1331 528 quodque

220 546 376 589 Posset
405 550 606 589 cenantes
638 544 871 597 offendere,
902 548 950 585 ut
981 542 1127 585 Attica
1154 542 1275 597 virgo

224 616 334 659 Cum
363 618 494 660 sacris
526 617 715 669 Cereris,
745 613 939 671 procedit
967 613 1111 655 fuscus
1142 612 1389 668 Hydaspes,

224 687 422 730 Caecuba
452 688 553 729 vina
582 687 744 739 ferens,
777 685 914 727 Alcon
946 683 1104 726 Chium
1136 683 1266 724 maris
1299 695 1468 738 expers.

104 793 197 835 cet]
233 797 302 835 „et
334 793 462 837 qualia
497 793 670 827 similiter
703 792 836 826 famem

106 840 305 874 excitant.“
347 859 395 864 -
435 839 667 881 Per-vellant]
720 848 836 881 „cum

106 887 267 931 quadam
338 887 587 921 delectatione
651 887 836 930 pungunt,

107 934 324 968 suscitant.“
349 935 444 968 Aen.
464 953 507 957 -—
526 932 632 976 siser]
654 935 836 974 Rapum-

106 981 183 1014 zel.
230 980 330 1014 Plin.
356 980 402 1014 H.
426 980 470 1014 N.
497 982 559 1018 20,
587 981 654 1013 17:
679 981 804 1013 siser-
822 997 837 1003 -

106 1029 331 1061 stomachum
356 1029 509 1069 excitat,
542 1028 731 1069 fastidium
757 1028 838 1059 abs-

105 1075 241 1117 teu-aet,
275 1083 322 1108 ex
353 1077 454 1108 aceto
489 1075 714 1115 laserpitiato
739 1082 838 1106 sum-

103 1123 210 1162 ptum
241 1123 307 1155 aut
339 1130 384 1156 ex
412 1123 542 1164 pipere
575 1124 608 1154 et
640 1122 757 1154 mulso
781 1121 839 1154 vel

109 1177 156 1201 ea·
178 1176 281 1209 aare.
308 1188 351 1192 —
377 1168 484 1211 allec]
510 1169 774 1201 Fiscklake.
794 1187 837 1191 —

107 1215 255 1255 saecula
280 1215 376 1258 Coa]
404 1215 623 1260 „liquamen
651 1218 687 1248 et
711 1214 838 1249 condi-

109 1264 276 1295 mentum
309 1273 356 1296 ex
385 1262 453 1296 Coi
485 1263 562 1295 vini
596 1262 698 1295 faece
731 1272 839 1305 para-

110 1309 224 1341 tum.“
267 1308 374 1342 Conf.
401 1308 475 1342 Sat.
501 1310 535 1351 2,
560 1311 594 1350 4,
619 1311 676 1342 73.
717 1307 840 1341 Etiam

109 1355 202 1389 haec
235 1356 465 1390 stomachum
498 1355 699 1389 excitantia
729 1355 839 1388 nimis

113 1402 325 1436 cumularat
348 1403 457 1436 homo
484 1413 650 1436 scaevus.

160 1451 217 1482 10.
244 1452 300 1482 11.
325 1450 401 1483 alte
426 1449 577 1492 cinctus]
603 1449 664 1482 Sic
679 1448 840 1482 Phaedr.

113 1497 146 1537 2,
163 1497 198 1538 5,
221 1498 284 1530 11:
309 1498 370 1530 Ex
385 1497 578 1529 alticinctis
594 1504 689 1529 unus
706 1497 841 1528 atrien-

110 1544 221 1576 sibus.
248 1542 401 1577 Sueten.
429 1542 546 1588 Calig.
565 1545 629 1576 26:
655 1545 842 1584 togatos--

114 1590 164 1623 ad
200 1592 307 1631 pedes
346 1593 446 1623 stare
492 1591 689 1623 succinctos
731 1590 842 1622 linteo

110 1645 242 1678 passus
279 1639 341 1670 est.
391 1635 584 1681 Significat
621 1637 739 1681 igitur
775 1637 843 1669 mi-

114 1684 256 1717 nistros
282 1684 427 1717 cinctos
460 1684 578 1717 fuisse
604 1683 743 1717 tunicis
769 1683 842 1716 lin-

113 1730 186 1764 teis
223 1740 340 1774 prope
383 1732 519 1772 inguen
557 1732 607 1764 ad
650 1732 843 1763 obscenum

113 1778 296 1810 subductis
321 1777 419 1819 (Sat.
446 1780 486 1819 1,
512 1779 545 1820 2,
570 1778 662 1820 26.),
694 1788 771 1821 qua
795 1777 841 1811 de

116 1835 156 1857 re
190 1823 289 1858 ridet
312 1824 495 1858 Servilius
528 1835 561 1858 v,
589 1826 645 1858 70.
694 1824 843 1858 Etenim

116 1871 156 1904 in
181 1872 253 1904 hoc
279 1882 434 1916 quoque
450 1872 659 1915 ineptiebat
673 1870 843 1907 Nasidie-

115 1929 208 1959 nus,
243 1917 343 1962 quod
367 1919 439 1952 isto
471 1919 600 1952 habitu
632 1918 843 1962 voluptario

115 1964 369 1998 Maecenatem
402 1965 551 1999 volebat
575 1965 774 1999 delectare.
799 1984 845 1989 —

116 2011 309 2055 acernam]
336 2011 413 2054 „Et
435 2011 507 2045 hoc
531 2015 635 2045 notat
659 2013 741 2046 eius
768 2023 846 2045 sor-

116 2059 265 2101 ditiem,
295 2058 399 2103 quod
423 2069 490 2103 pro
516 2059 656 2092 divitiis
681 2069 758 2092 non
782 2060 847 2092 ha-

117 2105 243 2140 buerit
266 2115 434 2139 mensam
451 2105 605 2139 citream
623 2108 690 2139 aut
713 2106 848 2139 vermi-

117 2153 314 2187 culatam.“
357 2152 486 2185 Con.
512 2152 634 2190 Cane.
675 2152 774 2185 Plin.
800 2152 846 2185 H.

117 2199 163 2233 N.
189 2201 245 2241 16,
270 2200 334 2233 26:
363 2200 640 2240 Acer-operum
665 2200 848 2240 elegantia

119 2255 164 2279 ac
199 2247 402 2279 subtilitate
439 2248 530 2279 citro
567 2247 774 2279 secundum.
804 2265 846 2269 —

119 2293 315 2336 Gausape]
362 2304 421 2338 pr.
462 2293 620 2326 linteum
661 2292 849 2334 villosum,

118 2341 293 2382 :attiae
324 2341 689 2381 Linnenquehte.
738 2339 850 2373 Luci-

118 2387 195 2421 lius
219 2387 319 2431 apud
343 2387 461 2421 Prisc.
487 2390 521 2429 9,
547 2390 580 2429 9,
606 2389 673 2420 50:
706 2389 850 2427 Purpu-

118 2443 185 2467 reo
210 2436 311 2467 tersit
335 2437 421 2467 tunc
447 2436 543 2468 latas
566 2442 727 2475 qausape
752 2442 850 2477 men-

120 2489 191 2514 sas.
239 2480 455 2515 Ridiculum
486 2482 610 2515 inesse
637 2480 785 2514 videtur
810 2482 849 2514 in

121 2538 252 2562 mensa
263 2528 396 2562 viliore
409 2538 601 2572 purpureo
619 2531 743 2561 tamen
761 2539 851 2572 gau-

122 2585 211 2618 sape
234 2578 416 2619 pertersa.
435 2594 479 2598 —
495 2575 677 2618 pertersit]
702 2574 850 2608 Etenim

122 2631 260 2656 acerna
271 2622 350 2663 illa,
368 2622 467 2666 apud
480 2622 572 2655 alios
586 2623 704 2656 citrea
720 2632 852 2655 mensa

125 2677 170 2700 ex
192 2667 389 2702 Horatiani
413 2669 591 2713 temporis
615 2679 719 2702 more
745 2668 851 2702 nullo

124 2716 247 2757 tapete
286 2715 385 2749 inter
427 2714 637 2750 cenandum
676 2717 853 2759 cooperta

1565 680 1617 720 15

885 793 982 832 erat,
1008 800 1083 833 quo
1110 788 1254 822 scilicet
1277 788 1361 832 ipsa
1385 796 1536 831 quoque
1563 786 1620 831 ¹¹⁵?

885 839 966 871 tore
992 847 1060 870 suo
1088 836 1265 870 convivas
1291 834 1507 869 oblectaret.

935 885 1054 917 12-17.
1066 882 1240 925 sublevit]
1255 891 1507 926 quaecunque
1518 879 1620 914 abie-

885 933 1016 965 cerant
1048 930 1248 970 convivae,
1282 939 1386 970 ossa,
1423 927 1621 972 putamina

887 981 955 1012 cet.
1006 977 1078 1016 Qui
1116 977 1207 1010 talia
1244 975 1485 1020 sublegebat,
1525 971 1621 1006 ἀνα-

886 1024 1036 1068 λέκτης,
1063 1025 1245 1058 analecta·
1259 1023 1475 1057 vocabatur.
1523 1020 1621 1055 Mar-

886 1073 987 1106 tialis
1026 1074 1059 1113 7,
1097 1074 1155 1113 20,
1189 1073 1254 1104 16:
1296 1071 1473 1110 Conicere
1509 1070 1621 1109 lonqa

887 1122 992 1161 turpe
1032 1128 1097 1151 nec
1131 1120 1237 1160 putat
1273 1119 1406 1151 dextra
1443 1116 1622 1149 Analecta

887 1167 1064 1207 quidquid
1090 1168 1122 1198 et
1148 1174 1255 1199 canes
1279 1165 1522 1205 reliquerunt.
1560 1162 1621 1196 Sic

888 1213 1051 1247 Calvisio
1079 1212 1189 1254 (Sen.
1215 1212 1283 1256 Ep.
1310 1212 1382 1254 27.)
1409 1210 1530 1244 suasit
1555 1209 1620 1243 Sa-

888 1261 1015 1294 tellius
1043 1260 1274 1301 Quadratus,
1299 1261 1339 1291 ut
1366 1258 1622 1299 grammaticos

888 1309 1034 1341 haberet
1051 1308 1252 1340 analecta-5.
1277 1305 1496 1339 Ridiculum
1519 1304 1623 1337 inest

888 1354 928 1387 in
970 1355 1064 1387 mira
1105 1353 1362 1387 analectarum
1409 1351 1622 1392 sedulitate,

890 1402 950 1434 cui
985 1401 1188 1445 opponitur
1221 1399 1487 1444 pocillatorum
1519 1398 1622 1431 lente

889 1447 1150 1482 accedentium
1176 1457 1296 1491 aeque
1327 1447 1421 1480 mira
1446 1445 1621 1490 gravitas.

892 1514 934 1518 —
961 1498 1001 1527 ut
1026 1496 1147 1527 Attica
1178 1495 1281 1534 virqo
1307 1493 1391 1535 cet.]
1426 1493 1529 1526 lento
1563 1491 1622 1524 in-

890 1553 1034 1587 gressu,
1060 1540 1373 1586 quemadmodum
1390 1535 1622 1585 κανηφόροι.

892 1589 998 1623 Conf.
1024 1588 1099 1622 Sat.
1120 1591 1151 1630 1,
1178 1590 1211 1629 3,
1236 1590 1276 1621 9:
1302 1596 1412 1628 saepe
1435 1587 1534 1620 velut
1560 1587 1624 1626 qui

892 1637 1069 1670 currebat
1093 1636 1235 1677 faviens
1259 1636 1415 1673 hostem,
1446 1642 1623 1675 persaepe

890 1684 991 1716 vetut
1025 1684 1088 1723 qui
1113 1683 1265 1715 Iunonis
1289 1689 1398 1714 sacra
1423 1682 1550 1722 smel.
1576 1699 1623 1703 —

891 1729 1104 1772 Hydaspes]
1129 1729 1243 1762 Indos
1269 1729 1330 1762 vel
1353 1727 1557 1771 Aethiopes
1582 1726 1623 1760 in

891 1777 1033 1811 familia
1066 1777 1213 1810 urbana
1244 1776 1383 1810 habere
1417 1778 1508 1808 tunc
1534 1785 1624 1818 pars

892 1824 1069 1858 luxuriae
1088 1827 1177 1857 erat.
1202 1823 1275 1856 Hic
1293 1833 1315 1856 a
1330 1822 1484 1855 flumine
1501 1822 1624 1865 patrio

892 1882 1031 1905 nomen
1056 1871 1180 1904 habet.
1199 1889 1242 1893 ——
1264 1871 1428 1903 Caecuba
1452 1869 1554 1912 vina]
1580 1879 1627 1902 ex

893 1918 1000 1952 Latio
1027 1928 1146 1962 prope
1172 1917 1397 1961 Campaniae
1422 1916 1529 1950 fines.
1562 1915 1625 1948 In-

893 1968 951 1999 ter
976 1965 1270 2010 generosissima
1294 1964 1410 1997 refert
1433 1962 1624 1996 Horatius.

895 2012 989 2054 (Od.
1017 2015 1047 2054 1,
1074 2014 1130 2053 20,
1158 2014 1192 2044 9.
1220 2014 1252 2053 1,
1278 2013 1334 2052 37,
1360 2012 1392 2043 5.
1419 2012 1458 2052 2,
1487 2012 1541 2050 14,
1567 2011 1625 2043 25.

895 2061 935 2100 3,
961 2060 1024 2099 28,
1051 2060 1082 2091 3.
1131 2058 1249 2102 Epod.
1275 2060 1313 2100 9,
1340 2058 1417 2099 36.)
1467 2057 1627 2090 Videtur

894 2105 1089 2139 Nasidieni
1126 2105 1291 2149 pravitas
1325 2105 1366 2137 in
1400 2114 1444 2137 eo
1469 2104 1626 2145 versari,

896 2152 998 2196 quod
1011 2163 1129 2185 unum
1146 2154 1291 2184 tantum
1309 2152 1436 2183 vinum
1452 2150 1626 2184 Italicum

897 2209 1092 2243 unumque
1108 2198 1292 2232 Graecum
1311 2198 1436 2231 afferri
1452 2198 1626 2240 iusserat,

896 2257 973 2279 non
1008 2245 1121 2279 simul
1146 2245 1348 2279 Falernum
1374 2247 1412 2278 et
1435 2243 1627 2278 Lesbium.

899 2292 1036 2337 Sordes
1061 2295 1186 2326 autem
1211 2293 1292 2337 ipse
1317 2292 1475 2325 ridicule
1500 2291 1628 2335 prodit

897 2340 973 2374 alia
998 2340 1087 2373 vina
1118 2350 1303 2384 generosa
1335 2339 1497 2373 offerens
1522 2338 1628 2372 dum-

898 2389 1017 2429 taxat,
1051 2397 1146 2431 quae
1180 2397 1202 2420 a
1226 2385 1441 2420 Maecenate
1467 2386 1628 2430 petitum

898 2444 974 2467 non
1015 2434 1063 2466 iri
1103 2444 1172 2477 pro
1211 2436 1312 2467 certo
1351 2433 1509 2475 sciebat3
1553 2443 1627 2476 quo

900 2481 1051 2525 quidem
1083 2483 1266 2514 renuente
1293 2491 1364 2514 nec
1397 2480 1512 2514 ceteri
1530 2487 1628 2513 'con-

898 2529 1002 2562 vivae
1041 2538 1085 2561 ea
1124 2538 1281 2572 poscere
1318 2530 1510 2571 poterant,
1553 2526 1628 2559 nisi

898 2574 1167 2608 inurbanitatis
1191 2575 1340 2619 culpam
1364 2575 1403 2607 in
1430 2585 1469 2607 se
1495 2573 1629 2606 admit-

898 2625 978 2655 tere
1011 2621 1163 2655 vellent.
1187 2641 1235 2645 —
1258 2622 1371 2654 maris
1398 2619 1549 2661 expers]
1583 2617 1628 2652 οὐ

899 2668 1255 2711 τεθαλασσωμένον,
1274 2668 1335 2701 cui
1354 2666 1557 2711 opponitur
1574 2667 1630 2699 vi-

900 2726 990 2749 num
1009 2715 1193 2750 Graecum
1211 2716 1362 2749 salsum.
1388 2714 1465 2748 Iam
1490 2713 1530 2746 in
1555 2713 1627 2747 hoc
