1786 2912
169 131 252 173 140
656 131 865 167 HORATII
890 130 1173 167 SATLRARUM

163 233 377 273 daroeslellt
401 234 564 275 werden,
590 234 674 266 dass
698 234 776 265 ihre
805 234 945 273 Waffen
969 234 1205 275 zerbrochen,
1230 234 1282 266 sie
1307 234 1387 267 also
1410 234 1564 267 wehrlos
1588 235 1681 273 sind,

165 280 252 312 eben
283 288 322 313 so
355 280 421 312 wie
456 289 491 313 es
523 289 606 313 vom
631 281 788 313 Parther
822 281 899 313 und
930 281 1092 315 Mauren
1125 281 1250 323 ἠείδει,
1289 289 1328 313 er
1359 282 1411 314 sei
1443 289 1524 314 vom
1547 282 1683 322 Pserde

163 326 474 369 herabqeworsen,
501 329 588 361 oder
611 335 693 360 vom
716 328 895 368 Skythen,
920 328 998 360 sein
1022 329 1148 368 Boqen
1171 329 1223 361 sei
1247 329 1344 361 nicht
1367 329 1469 361 mehr
1494 331 1681 370 aespanm,

161 375 321 407 scudem
350 375 489 415 schlaff.
541 375 693 407 Warum
727 376 815 407 aber
847 375 888 406 in
919 375 1156 415 allqemeiner
1181 376 1430 417 Bezeichnuno
1463 376 1590 420 cuspis
1624 384 1682 417 qe-

165 421 318 455 braucht
349 423 419 464 sei,
459 422 546 454 liisst
582 423 657 454 sich
693 422 789 454 wohl
826 422 922 454 auch
959 422 1141 455 erklitren.
1201 423 1311 455 Umor
1343 423 1412 455 den
1447 423 1587 463 Waffen
1618 424 1682 456 der

165 468 308 501 Gallier
344 471 457 502 ‘neum
496 468 634 502 Caesar
667 468 755 502 bell.
787 468 874 513 gall.
902 469 942 511 1,
969 470 1026 502 27.
1063 468 1179 511 (siene
1215 470 1371 502 daselbst
1407 470 1681 513 Schneider)

163 515 243 548 eine
276 516 341 548 Art
370 516 608 557 Wursspiesse
641 518 822 558 mataras,
861 517 919 549 die
955 517 1063 548 ihnen
1100 517 1376 557 eiqemhiimlich
1412 525 1571 558 aewesen
1606 518 1684 550 sein

163 564 318 596 massen.
368 564 493 604 Datur
525 564 659 604 sprichl
696 563 918 596 namemlich
955 564 1012 596 die
1043 563 1152 597 Stelle
1190 564 1250 597 des
1286 566 1416 598 auctor
1453 564 1500 598 ad
1537 563 1682 598 Heren-

163 608 271 643 nium
296 612 339 653 4,
365 611 433 643 32:
475 610 732 644 denominatio
759 612 835 652 est,
870 620 966 654 quae
1001 620 1022 643 a
1054 609 1279 655 propinquis
1311 613 1348 645 et
1371 611 1542 645 finitimis
1568 611 1682 646 rebus

163 656 279 690 trahit
304 657 534 699 orationem,
560 668 635 702 qua
658 657 779 701 possit
803 657 968 701 intelligi
994 667 1074 699 res,
1107 667 1203 701 quae
1229 668 1306 692 non
1332 669 1401 692 suo
1425 658 1607 693 vocabulo
1634 659 1683 693 sit

162 704 362 747 appellata.
411 704 455 737 Id
480 706 547 739 aut
579 704 625 738 ab
659 705 856 738 inventore
889 704 1099 747 conficitur,
1131 706 1174 738 ut
1204 705 1235 738 si
1261 704 1347 750 quis
1372 705 1418 740 de
1443 705 1603 750 Tarpeio
1629 707 1682 740 lo-

161 761 284 794 quens
311 762 396 785 eum
424 751 678 796 Capitolinum
704 751 892 795 nominet,
926 755 991 786 aut
1016 752 1061 785 ab
1088 752 1256 794 invento,
1290 754 1333 786 ut
1357 753 1390 787 si
1416 753 1501 797 quis
1525 764 1594 798 pro
1620 752 1683 786 Li-

163 797 255 832 bero
281 798 430 841 vinum,
464 809 532 843 pro
560 799 698 833 Cerere
731 799 877 844 frugem
903 799 1089 843 appellet:
1125 803 1190 833 aut
1214 800 1260 834 ab
1287 799 1539 834 instrumento
1565 800 1682 835 domi-

163 855 274 887 num,
308 848 351 879 ut
383 846 416 880 si
451 847 535 890 quis
559 846 785 881 Macedonas
819 847 1022 891 appellarit
1052 847 1123 880 hoc
1149 846 1283 881 modo:
1315 847 1399 881 Non
1425 850 1501 882 tam
1526 847 1600 882 cito
1627 858 1683 882 sa-

160 892 281 926 rissae
308 892 469 927 Graecia
492 893 633 937 potitae
660 900 770 928 sunt:
809 896 874 927 aut
906 893 1005 927 idem
1032 892 1159 928 Gallos
1194 893 1411 939 significans
1443 894 1564 929 dicat:
1605 895 1683 929 Nec

161 941 237 973 tam
271 939 382 975 facile
417 952 462 975 ex
491 941 602 975 Italia
625 941 776 975 materis
803 940 1055 985 Transalpina
1080 941 1238 985 depulsa
1264 944 1321 975 est
1345 944 1415 975 ete.
1464 944 1604 975 Feruor
1629 951 1683 975 er-

159 987 283 1019 wil'hnl
310 987 447 1022 Caesar
472 987 563 1022 ibid.
591 990 631 1030 3,
657 990 690 1021 4.
716 999 877 1033 gaesa,
915 989 1167 1030 Wursspeere,
1201 990 1276 1031 die,
1309 990 1470 1022 wiewohl
1502 990 1554 1022 sie
1587 991 1681 1023 auch

160 1036 303 1067 andern
337 1036 493 1068 Vo'llwrn
527 1037 801 1077 zuqeschrieben
835 1037 981 1069 werden
1019 1035 1134 1077 (siche
1172 1037 1228 1069 die
1261 1037 1418 1077 aelehrte
1452 1037 1682 1079 Bemerkunq

159 1082 385 1116 Schneider’s
421 1091 466 1115 zu
502 1083 567 1115 der
604 1082 749 1124 Stelle),
787 1083 875 1116 doch
912 1084 1170 1124 vorzuqsweise
1207 1093 1319 1128 gaesa
1355 1083 1495 1127 Alpina
1530 1084 1681 1118 hei-esen.

159 1129 286 1162 Daher
310 1131 355 1162 ist
382 1138 416 1162 es
442 1131 535 1163 auch
559 1130 876 1172 wahrscheinlich,
902 1131 987 1163 dass
1013 1132 1079 1163 das
1108 1131 1207 1163 Wort
1234 1130 1397 1175 gaesati,
1422 1132 1491 1164 wie
1518 1132 1577 1164 ein
1602 1132 1681 1172 ραι-

163 1176 290 1210 lisches
320 1178 408 1210 Volk
442 1179 601 1218 qenannl
634 1179 782 1210 worden
813 1178 890 1210 sein
921 1178 1008 1218 soll,
1047 1178 1106 1210 ein
1129 1178 1403 1218 Appellativum
1433 1179 1486 1211 sei
1518 1179 1595 1211 und
1624 1180 1681 1212 die

157 1233 273 1267 gaesa
307 1226 506 1266 traqenden
533 1225 675 1258 Gallier
711 1225 941 1257 bezeichnete.
976 1224 1101 1266 (Siehe
1126 1225 1244 1265 Pauly
1270 1226 1588 1266 Real-Encyclop.
1613 1225 1680 1260 111.

159 1269 198 1304 S.
233 1273 314 1305 575.
347 1272 463 1312 verul.
499 1272 638 1305 Grimm
675 1272 841 1304 deutsche
879 1272 1040 1305 Gramm.
1072 1271 1102 1304 Ι.
1137 1271 1173 1305 S.
1205 1274 1262 1306 91.
1310 1272 1414 1305 Aram.
1439 1273 1504 1305 der
1529 1273 1562 1305 2.
1587 1273 1680 1306 Aus-

158 1319 269 1360 qabe,
306 1318 341 1351 S.
375 1320 431 1352 94.
457 1319 522 1351 der
553 1318 608 1360 3.)
659 1320 761 1352 Noch
795 1320 873 1352 eine
907 1320 1014 1352 drille
1047 1319 1113 1352 Art
1145 1327 1216 1352 von
1243 1319 1487 1361 Wurspseilen
1518 1319 1679 1352 erwdhm

159 1364 313 1399 Diodor.
340 1366 373 1407 5,
399 1367 467 1398 30:
502 1362 783 1412 προβάλλονται
815 1364 855 1398 δὲ
879 1362 1042 1410 λόγχας,
1075 1362 1122 1407 ἂς
1154 1365 1296 1399 ἐκεῖνοι
1327 1365 1486 1409 λαγκίας
1519 1365 1683 1400 καλοῦσι

160 1411 239 1445 κτλ.
285 1413 400 1454 Verql.
430 1414 546 1454 Pauly
570 1412 636 1446 ΠΙ.
663 1412 699 1447 S.
726 1415 806 1447 616.
851 1413 965 1446 Wenn
988 1422 1066 1446 nun
1090 1414 1186 1446 auch
1212 1414 1269 1446 die
1296 1413 1438 1447 Gallim·
1463 1414 1560 1447 ‘nicht
1586 1415 1680 1447 bloss

162 1459 451 1501 Wursqeschosse
486 1461 541 1493 als
570 1460 709 1501 Waffen
742 1461 906 1503 su'hrlcm,
940 1469 979 1494 so
1011 1462 1181 1494 schemen
1213 1461 1306 1493 diese
1338 1462 1427 1494 doch
1453 1462 1509 1494 als
1533 1462 1680 1503 Haupt-

152 1508 291 1547 waffen
314 1509 569 1548 vorzuysweise
582 1511 754 1549 venarum
779 1508 923 1540 werden
947 1517 991 1540 zu
1018 1509 1171 1550 hormen,
1197 1509 1357 1549 obqleich
1385 1509 1467 1541 kein
1495 1507 1595 1541 Worl
1622 1517 1680 1549 qe-

158 1554 312 1587 braucht
344 1555 454 1596 wird,
489 1563 563 1587 was
597 1556 669 1595 aus
697 1556 868 1595 vallische
897 1556 1038 1595 Waffen.
1071 1556 1161 1588 ohne
1190 1555 1359 1588 Weileres
1391 1556 1578 1597 binatio-se,
1614 1557 1681 1588 wie

157 1611 287 1645 gaesa,
313 1603 492 1635 matarae.

743 1789 997 1832 SATIRA
1025 1790 1094 1831 11.

278 1872 398 1920 Quae
428 1872 563 1930 virtus
596 1875 640 1913 et
671 1875 843 1927 quanta,
876 1871 990 1924 boni,
1024 1871 1078 1912 sit
1109 1872 1254 1914 vivere
1285 1885 1432 1928 parvo,
1456 1896 1510 1901 —-

943 1989 1053 2022 miam
1070 1989 1338 2033 parsimoniam
1356 1992 1469 2034 atque
1486 1989 1580 2023 adeo
1599 1999 1679 2023 sor-

945 2036 1070 2070 didam
1116 2036 1311 2070 avaritiam
1359 2039 1680 2071 consectarentur.

203 1989 253 2023 11.
279 1989 420 2023 Tenuis
439 1991 476 2023 et
492 1989 651 2033 simplex
667 1989 802 2031 victus,
821 1999 894 2033 quo

156 2039 304 2071 veteres
321 2036 482 2070 Romani
501 2036 589 2070 inde
616 2036 661 2070 ab
688 2036 783 2070 urbe
807 2047 895 2070 con-

156 2084 236 2118 dita
260 2095 328 2128 per
353 2084 525 2129 quinque
551 2084 679 2117 secula
696 2083 756 2117 usi
775 2085 895 2125 erant,

156 2131 304 2165 Horatii
331 2134 451 2166 aetate
476 2132 516 2164 in
542 2130 602 2164 his
629 2131 817 2175 corruptis
844 2130 895 2164 ci-

157 2179 257 2213 vium
285 2189 440 2213 suorum
473 2177 640 2212 moribus
675 2179 786 2222 plane
813 2188 896 2211 eva-

157 2229 305 2260 nuerat.
349 2225 424 2259 cfr.
451 2225 586 2260 Vellei.
613 2228 651 2268 2,
680 2227 710 2259 1.
736 2225 894 2259 Kartha-

156 2273 257 2318 ginis
274 2273 473 2315 excidium,
488 2272 648 2306 Graecia
661 2273 895 2316 voluptatum

157 2320 280 2353 omnis
322 2321 471 2365 generis
512 2320 690 2364 magistra
733 2322 770 2354 et
805 2320 895 2353 Asia

155 2367 446 2411 opulentissima
488 2367 684 2409 subactae,
727 2366 894 2400 Orientis

150 2424 270 2459 ¹gazae
295 2414 452 2447 Romam
478 2414 696 2458 deportatae
731 2413 895 2448 incredi-

156 2461 270 2495 bilem
296 2461 482 2495 luxuriam
514 2464 550 2494 et
575 2461 769 2495 mollitiem
796 2460 896 2505 apud

154 2508 318 2542 victores
351 2510 591 2552 pepererant.
642 2508 714 2542 Sed
746 2511 788 2542 ut
818 2508 897 2552 ple-

156 2566 318 2599 rumque
337 2555 539 2589 contrariis
558 2555 658 2588 vitiis
683 2566 804 2600 genus
828 2555 896 2588 hu-

156 2613 308 2637 manum
325 2602 371 2636 ab
390 2605 551 2646 utraque
569 2606 675 2646 parte
702 2603 815 2636 simul
832 2613 895 2635 ur-

155 2649 239 2695 geri
259 2650 367 2692 solet,
392 2649 445 2683 ita
461 2649 501 2682 in
519 2650 589 2682 hac
609 2650 797 2683 communi
816 2649 895 2683 fere

155 2696 397 2741 prodigentia
414 2707 491 2730 non
509 2696 723 2738 defuerunt,
751 2697 817 2740 qui
838 2697 895 2730 ni-

943 2083 1057 2118 Nulla
1073 2093 1133 2117 res
1150 2084 1268 2128 magis
1285 2085 1430 2128 poetae,
1452 2084 1573 2118 seculi
1590 2084 1681 2117 vitia
1712 2123 1715 2126 ,

945 2130 1208 2173 emendaturo,
1258 2130 1363 2165 cordi
1412 2141 1494 2165 esse
1539 2131 1680 2173 debuit,

945 2189 1059 2222 quam
1091 2178 1185 2212 haec
1219 2178 1301 2222 ipsa
1334 2178 1457 2222 labes3
1496 2178 1561 2212 sed
1595 2188 1681 2212 cum

943 2225 1172 2259 Maecenatis
1198 2227 1236 2258 et
1260 2226 1427 2259 virorum
1456 2225 1547 2259 huic
1579 2225 1681 2259 simi-

944 2273 1037 2306 lium
1072 2272 1324 2306 convictorem
1357 2283 1490 2316 parum
1529 2272 1681 2306 deceret

946 2320 1118 2354 censoria
1143 2320 1340 2353 severitate
1373 2319 1414 2352 in
1443 2319 1514 2353 hoc
1539 2330 1679 2364 genere

946 2367 1021 2409 uti,
1055 2366 1126 2400 sub
1153 2365 1315 2408 Ofellae,
1348 2366 1482 2400 rustici
1507 2366 1679 2409 Romani,

944 2424 1106 2458 persona
1122 2415 1323 2457 praecepta
1341 2413 1467 2455 tradit,
1493 2414 1571 2458 qui,
1596 2414 1681 2448 nul-

945 2461 1019 2495 lius
1044 2460 1259 2505 philosophi
1278 2460 1472 2494 doctrinae
1496 2461 1679 2502 addictus,

944 2507 1132 2552 perversis
1165 2507 1298 2541 aetatis
1337 2518 1427 2541 suae
1464 2507 1678 2542 hominibus

945 2558 1108 2589 veterem
1125 2554 1227 2588 illam
1246 2554 1511 2589 abstinentiam
1538 2558 1575 2588 et
1601 2554 1679 2588 fru-

945 2603 1135 2646 galitatem
1161 2601 1354 2635 liberrimo
1381 2601 1678 2647 gravissimoque

947 2660 1117 2683 sermone
1144 2648 1395 2691 commendat,
1425 2659 1536 2693 quam
1563 2649 1679 2682 virtu-

946 2699 1020 2730 tem
1053 2697 1134 2741 ipse
1161 2696 1337 2740 optimam
1370 2695 1591 2730 adiutricem
1618 2706 1679 2730 ex-
